2738 5062
342 685 435 735 nrnnn
456 686 975 742 snnrrunsnnornus.-nnisronn
997 694 1036 743 ιι.
1167 684 1225 746 tut

150 820 239 887 sium
260 817 495 905 consuisset,
517 822 610 914 apud
632 844 721 915 quos
748 846 816 897 non
842 834 975 897 tantum
998 828 1143 919 pavidos
1169 841 1230 903 aut

149 941 365 1025 temerarios,
386 942 449 1013 scd
469 944 638 1016 infaustos
651 944 760 1017 duces
773 946 935 1019 crucibus
948 949 1072 1021 affixos
1086 952 1227 1023 scimus·

148 1063 259 1134 Huius
277 1084 363 1135 vero
381 1074 485 1136 tantae
501 1064 704 1137 deiectionis
720 1090 861 1140 causam
876 1069 979 1142 didici
994 1093 1063 1143 non
1075 1073 1227 1145 hostium

149 1196 294 1268 metum,
315 1188 444 1279 quibus
466 1191 575 1261 multo
593 1189 763 1281 sanguine
779 1192 911 1264 nudum
932 1191 1086 1265 victoriae
1102 1217 1228 1267 nomen

147 1321 294 1394 constat,
317 1333 385 1382 non
407 1313 532 1384 virium
554 1311 793 1396 diffidentiam,
808 1313 937 1405 quibus
955 1336 995 1387 se
1012 1338 1103 1389 nuno
1122 1319 1227 1391 ctiam

149 1435 343 1527 superiores
363 1456 445 1506 csse
466 1432 661 1517 confidunt,
685 1435 759 1516 sed,
783 1435 877 1527 quod
898 1435 944 1507 ab
968 1436 1065 1511 initio
1083 1440 1228 1513 timeba-

149 1579 238 1640 mus,
254 1557 428 1628 intestinae
446 1559 574 1629 malurn
593 1566 794 1649 metumque
806 1557 1002 1644 discordiae,
1017 1560 1227 1652 primoribus

149 1701 338 1770 procerum,
360 1681 420 1773 qui
441 1679 598 1751 miserari
615 1679 809 1751 debuerant
824 1680 985 1752 afflictam
1003 1681 1149 1775 plebem,
1173 1695 1225 1779 ty-

148 1801 301 1872 rannidis
327 1823 453 1873 causas
479 1823 541 1896 per
559 1803 726 1873 nefariam
747 1802 963 1875 occasionem
985 1803 1226 1896 impiamenta

146 1923 378 2017 captantibus,
399 1924 529 2016 quibus
550 1923 708 1995 territum
730 1926 910 2017 populum,
945 1937 981 1998 et
1014 1927 1092 1998 hinc
1116 1927 1227 2000 hosti·

135 2047 224 2130 bus,
242 2049 321 2119 hinc
337 2048 476 2119 civibus
493 2047 647 2142 quolibet
662 2049 764 2118 hoste
781 2047 957 2140 peioribus
970 2048 1168 2135 obsessum,
1181 2050 1225 2123 ad

149 2172 252 2242 huius
274 2170 454 2241 iustissimi
480 2168 646 2265 principis
671 2170 871 2260 confugisse
896 2172 1107 2265 praesidinm.
1136 2173 1227 2245 inter

148 2296 212 2365 bos
239 2314 417 2364 sermones
442 2292 532 2364 iacta
553 2292 714 2385 loquendi
741 2293 853 2385 copia,
879 2294 1086 2387 introgressi
1105 2317 1239 2379 omnes,

146 2419 191 2490 ad
217 2416 407 2497 dominnm,
436 2437 503 2486 non
531 2413 713 2487 mediocris
735 2414 911 2487 hominum
937 2428 1129 2491 concursus
1150 2418 1225 2490 ittu-

146 2543 267 2614 strinm
289 2540 361 2611 fnit.
384 2539 434 2609 ibi
456 2537 615 2632 princeps
636 2537 819 2629 legationis
844 2539 879 2608 in
905 2540 994 2611 hanc
1019 2542 1224 2615 sententiam

147 2662 253 2734 verba
276 2662 370 2733 iecit:
393 2682 431 2732 se
453 2661 550 2731 iussu
573 2661 687 2751 populi
710 2659 847 2742 urbem,
862 2661 969 2740 cives,
984 2684 1100 2752 agree,
1119 2685 1223 2749 mare,

146 2796 265 2869 terras,
287 2784 422 2879 oppida,
438 2803 531 2874 spes,
546 2802 703 2875 opesque
716 2794 752 2852 et
764 2781 920 2853 fortunas
934 2804 1033 2867 suas,
1048 2797 1225 2880 postremo

145 2908 263 2979 divina
283 2916 319 2977 et
337 2906 491 2976 bumana
510 2903 624 2975 omnia
646 2903 681 2972 in
702 2901 807 2975 fidem
829 2903 958 2975 donnini
985 2908 1221 2994 committere,

145 3030 293 3100 aCorvo
310 3028 438 3101 scilicet
459 3046 572 3117 usqne
593 3026 637 3097 ad
659 3027 800 3096 Portum
823 3028 1002 3111 Herculeo,
1026 3038 1065 3098 ut
1083 3029 1223 3119 quidam

147 3160 276 3245 putant
295 3150 434 3222 nomine
467 3156 722 3229 consecratum,
745 3149 803 3239 qui
825 3149 991 3220 Menoous
1023 3153 1114 3234 olim,
1132 3174 1225 3224 nunc

146 3274 251 3363 vulgo
270 3272 447 3355 Monacus,
471 3281 619 3362 utroque
640 3267 788 3340 termino
815 3268 847 3338 in
874 3268 1048 3342 deditione
1068 3293 1225 3370 compre·

143 3393 267 3493 bouso,
290 3394 466 3485 certisque
486 3390 743 3464 conditionibus
766 3391 925 3471 adiectis,
947 3414 1035 3485 quas
1061 3396 1223 3489 prosequi

142 3518 282 3608 longum
304 3526 415 3598 esset,
439 3516 502 3587 sed
526 3527 607 3587 tunc
627 3537 733 3586 manu
760 3513 895 3607 publica
920 3516 1105 3610 descriptae
1130 3520 1223 3589 clara

141 3638 400 3719 voceoecitatae
422 3647 513 3707 snnt.
536 3639 682 3709 Fueram
707 3657 786 3708 sero
807 3658 826 3707 a
846 3638 1055 3728 quibusdam
1076 3640 1120 3709 de
1140 3661 1222 3711 con-

140 3760 216 3831 sitio
238 3759 426 3852 requisitus
462 3769 499 3830 ut
533 3762 726 3851 legatorum
761 3760 879 3832 verbis
911 3762 1167 3853 responderem,
1186 3772 1223 3834 et
1259 3766 1263 3773 “

140 3892 232 3953 taum
253 3883 298 3953 de
320 3904 357 3952 re
380 3883 473 3974 loqui
495 3882 569 3972 ipso
589 3882 720 3974 aliquid
741 3886 883 3954 vetlem:
905 3882 939 3952 id
960 3882 1051 3953 enim
1078 3906 1221 3975 pergra-

139 4018 210 4076 tum
232 4006 373 4078 domino
393 4006 562 4085 futurum;
581 4015 615 4073 at
635 4004 744 4073 multa
765 4004 895 4095 passini
917 4003 1081 4093 quamvis
1101 4025 1220 4077 occur·

72 4214 75 4219 Ι
138 4137 255 4198 rorent
276 4148 338 4197 scu
362 4125 617 4207 miserabiliter,
647 4145 710 4194 seu
732 4121 914 4213 magnifice
933 4124 1142 4215 loquendum
1163 4147 1221 4197 es-

137 4257 205 4331 set,
243 4270 305 4320 seu
339 4247 552 4318 restituenda
586 4266 683 4337 sper,
720 4265 783 4314 sou
821 4244 980 4315 deflenda
1018 4247 1217 4331 calamitas,

136 4369 345 4464 abundequo
367 4370 538 4440 sufficeret
570 4389 641 4437 nox
677 4367 744 4448 illa,
777 4387 845 4437 non
880 4367 1083 4460 inexpertus
1105 4381 1217 4441 tamen

137 4511 241 4581 quani
264 4490 401 4561 difficile
421 4502 476 4560 ost
496 4490 628 4560 alienos
640 4507 764 4560 sensus
781 4488 825 4559 ad
844 4490 981 4581 plenum
997 4493 1124 4562 nostris
1140 4512 1218 4561 ver-
