2738 5062
339 705 432 753 uruen
454 704 962 762 ausurusoscruus.—arrsreer
984 709 1003 755 r.
1150 695 1210 758 275

134 839 310 923 allectum,
340 838 534 911 solitudinis
560 840 761 933 appetitum.
794 841 946 911 Fortuna
972 852 1029 911 tua
1055 843 1213 936 proposi·

133 972 276 1053 tumque
307 960 525 1044 discordant,
562 962 735 1053 longeque
768 962 862 1034 aliud
894 974 949 1034 est
981 963 1074 1055 quod
1106 986 1212 1055 agere

131 1090 280 1177 oportet,
307 1104 411 1175 quam
438 1081 532 1174 quod
559 1085 613 1154 vel
638 1083 781 1177 expedit
807 1087 859 1155 vel
887 1085 1044 1157 delectat.
1075 1088 1152 1171 Quo
1177 1087 1212 1158 in

132 1215 226 1275 statu
246 1204 396 1276 laborem
419 1203 523 1275 animi
543 1204 591 1275 tui
608 1206 736 1295 cogito,
752 1208 1008 1300 procellamque
1026 1209 1074 1278 tui
1096 1219 1212 1302 pecto·

131 1325 179 1394 ris
200 1346 247 1395 ex
268 1347 424 1397 meorum
445 1325 612 1396 lluctuum
634 1327 889 1419 comparatione
909 1328 1079 1398 dimetior.
1103 1329 1137 1397 Si
1157 1352 1212 1401 re·

130 1446 283 1518 medium
310 1447 454 1539 quaeriS,
481 1469 588 1517 unum
616 1446 738 1519 habeo.
774 1449 811 1518 Si
841 1449 982 1541 quidem
1016 1459 1118 1520 extra
1143 1472 1212 1522 non

129 1565 232 1639 datur
252 1589 332 1639 esse
352 1567 448 1660 quod
467 1568 580 1661 cupis,
599 1567 692 1639 intus
710 1579 786 1641 esto
805 1569 900 1662 quod
918 1568 1037 1640 debes.
1060 1571 1211 1643 Fortuna

130 1689 189 1762 tua
208 1689 243 1760 in
266 1687 449 1782 superficie
467 1711 611 1784 pompas
633 1696 716 1762 suas
738 1693 905 1784 explicet:
926 1701 962 1760 tu
981 1692 1211 1764 humilitatem

129 1822 223 1883 tuam
257 1811 351 1882 intus
384 1809 570 1882 absconde.
607 1812 657 1882 Tu
683 1813 717 1883 in
744 1816 824 1918 aula
852 1811 990 1895 sedeas
1013 1816 1150 1884 animus
1176 1814 1211 1883 in

127 1955 244 2005 eremo
265 1942 431 2023 vagetur:
457 1931 546 2002 inter
571 1931 713 2005 divitias
734 1943 990 2029 paupertatem,
1011 1933 1100 2005 inter
1125 1956 1211 2028 epu-

128 2056 179 2126 las
199 2054 367 2125 ieiunium
386 2075 486 2133 ama;
512 2055 667 2144 fulgeant
694 2056 727 2125 in
755 2077 874 2127 mensa
899 2077 1037 2139 aurum,
1062 2073 1211 2146 gemmae

47 2190 50 2195 “
128 2179 164 2249 in
180 2177 312 2269 digitis,
329 2176 394 2249 sed
411 2174 536 2248 clarior
558 2176 681 2246 horum
699 2188 917 2273 contemptus
934 2178 969 2249 in
986 2178 1116 2248 animo:
1134 2199 1210 2250 cor·

127 2321 193 2392 pus
210 2320 378 2392 purpura,
397 2317 498 2367 mens
518 2295 627 2366 cilicio
648 2296 836 2367 vestiatur:
858 2296 1043 2367 monilibus
1064 2295 1211 2370 instrato

125 2418 300 2510 cornipedi
321 2415 490 2500 insidens,
514 2418 660 2488 asellum
680 2417 891 2489 dominicum
908 2427 945 2489 et
964 2418 1100 2490 attritos
1117 2416 1211 2512 Apo·

127 2544 292 2613 stolorum
323 2526 454 2635 'pedem
488 2539 644 2611 rubentis
677 2539 756 2635 pilei
782 2542 891 2613 decus
919 2541 1208 2636 superimponens

125 2663 241 2756 capiti,
264 2663 418 2758 spineam
439 2661 573 2735 Domini
593 2683 777 2745 coronam;
803 2663 838 2732 in
863 2665 987 2734 lectulo
1015 2674 1136 2734 aurato
1160 2664 1211 2735 ia-

125 2805 224 2866 cem,
263 2784 389 2854 Christi
428 2793 596 2876 tuumque
629 2784 853 2877 sepulchrum
887 2783 1021 2874 cogita:
1059 2783 1210 2875 denique

125 2905 294 2999 quidquid
318 2927 405 2997 agas
430 2905 588 2977 ultimum
614 2905 699 2976 vitae
718 2905 810 2977 diem
832 2915 914 2975 ante
930 2907 1050 2975 oculos
1071 2925 1210 2996 semper

126 3026 231 3109 habe,
245 3028 303 3120 qui
321 3049 367 3098 an
388 3026 434 3098 sit
453 3026 658 3108 hodiernus,
677 3047 722 3096 an
738 3026 926 3109 crastinus,
945 3024 1115 3097 incertum
1134 3038 1205 3112 est;

125 3159 274 3222 atcerte
294 3151 441 3220 multum
461 3149 588 3220 abesse
610 3170 678 3219 non
699 3157 834 3241 potest:
861 3169 903 3219 ea
929 3168 1074 3219 casuum
1096 3149 1210 3220 varie-

126 3282 194 3355 tas,
212 3293 254 3343 ea
277 3271 432 3343 brevitas
452 3271 535 3342 vitae
555 3282 620 3341 est.
644 3270 765 3363 ltaque
786 3291 829 3341 ne
850 3269 1048 3362 inopinatus
1067 3278 1208 3354 terreat,

126 3393 347 3466 meditatione
367 3392 529 3465 continua
550 3413 669 3463 seeum
690 3392 758 3463 iam
780 3413 872 3461 nune
892 3389 1106 3463 familiaritas
1127 3413 1209 3464 oon-

127 3515 295 3588 trahenda
326 3524 393 3586 est.
430 3511 774 3605 Magnificentissimo
812 3511 877 3583 tria
914 3512 1054 3584 virtutis
1086 3534 1205 3607 opera,

126 3658 290 3732 spernere
309 3639 524 3730 voluptates,
548 3654 665 3704 amare
685 3644 939 3727 paupertatem,
964 3643 1111 3706 mortem
1136 3656 1208 3706 non

127 3757 261 3830 timere:
283 3758 349 3830 hoc
370 3756 489 3828 ultimo
510 3755 596 3828 scito
618 3755 701 3826 nihil
722 3778 804 3828 esse
823 3757 969 3829 felicius.
994 3759 1044 3828 De
1065 3756 1207 3848 reliquis

124 3878 263 3952 duobus
284 3881 361 3951 haeo
383 3878 553 3950 sententia
574 3900 649 3949 mea
671 3889 741 3950 est:
760 3902 829 3950 non
849 3880 993 3952 minoris
1014 3887 1070 3950 est
1095 3876 1208 3948 meriti

124 4003 313 4095 voluptatis
335 4000 586 4095 contempsisse
608 4000 844 4093 praesentiam,
866 4025 970 4094 quam
992 4000 1148 4072 absentia
1168 4021 1209 4071 se

124 4124 232 4195 tueri:
267 4135 506 4217 paupertatem
541 4122 631 4192 inter
659 4121 800 4193 divitias
832 4143 965 4205 amare,
992 4142 1096 4213 quam
1123 4142 1208 4192 vere

123 4267 311 4340 pauperem
335 4246 420 4317 fieri.
448 4249 624 4339 Pauperes
651 4244 820 4314 innumeri
846 4243 987 4337 quidem
1013 4254 1108 4329 sunt,
1130 4245 1208 4337 qui-

122 4368 189 4440 bus
219 4378 406 4465 paupertas
440 4367 515 4460 ipsa
550 4365 756 4458 supplicium
789 4377 859 4450 est,
893 4389 957 4438 uec
991 4367 1091 4460 pauci
1125 4375 1207 4436 sunt

123 4501 262 4585 propter
287 4492 466 4563 Christum
492 4489 535 4562 de
561 4486 730 4559 divitibus
763 4487 883 4581 inopes
913 4488 1043 4560 effecti:
1078 4482 1206 4577 quihus
