2738 5062
128 727 202 810 v510
477 737 518 786 nr
539 735 640 786 nesus
661 733 883 788 annullamus

144 874 250 942 vitam
282 870 432 941 trahunt.
468 871 545 941 lure
579 870 684 961 igitur
707 891 826 962 pacem
847 878 883 939 ct
914 870 947 938 in
982 889 1067 963 pace
1090 872 1218 942 famem

143 1004 316 1066 metuunt:
338 992 466 1062 bellum
483 1000 609 1076 amant,
625 1001 660 1061 et
674 993 744 1083 lupi
757 992 853 1062 velut
864 1011 906 1062 ac
917 994 1086 1074 vultures,
1100 1000 1218 1082 strage

143 1117 321 1187 bominum
342 1126 378 1185 et
396 1113 627 1186 cadaveribus
647 1114 871 1185 delectantur.
893 1115 1015 1185 Hisne
1035 1125 1072 1184 tu
1091 1113 1219 1185 belluis

142 1261 273 1310 morem
291 1239 416 1328 geres?
436 1237 549 1330 AEque
568 1259 706 1309 carnem
725 1247 760 1307 et
778 1257 951 1308 caesorum
970 1239 1120 1309 exuvias
1137 1257 1220 1308 esu·
1259 1216 1265 1228 ⁸

141 1339 242 1442 riunt,
251 1382 353 1452 aeque
367 1361 571 1451 sanguinem
587 1359 708 1431 sitiunt
719 1369 826 1452 atque
840 1381 974 1430 aurum.
987 1359 1070 1442 Noli,
1083 1381 1217 1451 quaese,

141 1482 209 1553 noli
229 1482 445 1552 committere
468 1492 504 1553 ut
519 1479 799 1553 florentissimam
825 1491 894 1552 tuae
914 1481 1080 1553 creditam
1101 1490 1220 1553 custo-

141 1601 208 1672 diae
230 1603 503 1696 Rempublicam,
530 1612 634 1694 atque
659 1625 796 1673 omnem
817 1602 916 1686 hanc,
939 1624 1018 1695 quae
1042 1603 1129 1674 inter
1146 1603 1220 1696 Ap-

141 1727 328 1817 penninum
361 1736 396 1796 et
427 1725 531 1818 Alpes
564 1724 757 1808 interiacet,
785 1726 1083 1817 opulentissimam
1114 1735 1219 1817 atque

140 1845 405 1939 pulcherrimam
435 1848 543 1916 ltaliae
572 1856 704 1938 partem
731 1854 956 1917 externorum
982 1867 1022 1916 ac
1046 1845 1219 1917 famelico-

142 1992 218 2038 rum
234 1970 388 2062 praedam
409 1969 515 2040 facias
532 1970 707 2061 luporum,
729 1990 749 2038 a
770 1966 898 2062 quibus
919 1966 1009 2039 bene
1030 1988 1105 2050 nos
1125 1966 1219 2060 quod

141 2091 177 2161 in
193 2113 253 2161 ore
270 2113 410 2185 semper
431 2091 558 2175 babeo,
580 2091 733 2183 ipsarum
755 2090 847 2180 iugis
868 2087 1005 2182 Alpium
1024 2092 1137 2160 solers
1157 2110 1219 2161 na·

142 2224 217 2285 tura
239 2226 448 2286 secreverat.
470 2217 518 2284 De
539 2217 634 2286 nullo
654 2215 753 2306 queri
774 2234 980 2306 possumus:
1007 2223 1127 2286 nostra
1151 2215 1218 2285 illis

141 2336 352 2427 impatientia
378 2338 470 2406 viam
493 2339 583 2407 lecit.
600 2339 688 2408 Dum
715 2336 807 2410 levia
832 2336 997 2429 quaelibet
1013 2337 1048 2409 in
1078 2347 1219 2409 nostros

142 2455 354 2538 ulciscimur,
376 2456 471 2550 passi
500 2478 622 2526 sumus
644 2468 681 2527 ut
700 2458 906 2554 alienigenae
924 2460 1052 2528 nostris
1078 2460 1220 2551 impune

140 2585 328 2670 pascantur
360 2578 631 2669 saginenturque
659 2578 862 2649 visceribus.
889 2577 964 2647 Ab!
993 2589 1123 2672 quanto
1149 2601 1223 2650 mc·

141 2701 207 2771 lius
239 2702 355 2772 inedia
384 2709 631 2771 consumentur
649 2709 686 2769 et
706 2699 813 2783 rabie,
841 2700 935 2793 quod
955 2702 1081 2772 facient
1104 2702 1219 2771 statim

141 2835 178 2893 ut
198 2823 315 2914 gregis
348 2823 452 2894 italici
474 2834 632 2916 pastores
662 2823 868 2917 resipiscere
900 2825 1078 2915 coeperint.
1102 2825 1221 2894 Pasto-

141 2967 217 3014 rum
246 2944 465 3038 providentia
491 2966 586 3016 mors
614 2947 771 3039 luporum
797 2953 861 3015 est.
896 2942 933 3014 ld
960 2965 1044 3017 saue
1074 2956 1108 3016 te
1140 2957 1221 3019 ante

141 3066 226 3138 alios
246 3068 358 3138 facere
376 3077 412 3139 et
431 3069 557 3140 fecisse
573 3068 640 3139 iam
660 3088 779 3158 spero:
799 3067 865 3138 nisi
881 3068 973 3138 enim
991 3069 1116 3139 falsum
1130 3071 1220 3142 lama

141 3191 307 3281 loquitur,
324 3198 360 3274 et
376 3188 444 3260 nisi
463 3190 563 3259 fallor
582 3190 743 3279 augurio,
767 3190 835 3259 iam
855 3190 1064 3260 stomachari
1085 3189 1216 3284 incipis,

140 3313 208 3382 iam
231 3290 445 3403 stipendiarii
467 3310 584 3380 militis
610 3309 829 3381 insolentiam
848 3310 1099 3403 avaritiamque
1124 3311 1217 3381 lasti·

140 3432 205 3501 dis.
233 3432 324 3514 Quid
354 3440 523 3526 expectas
543 3431 672 3522 igitur?
692 3430 745 3501 Ad
765 3453 826 3501 cor
846 3431 936 3514 redi,
966 3442 1002 3501 et
1027 3433 1056 3501 si
1082 3431 1214 3503 externi

140 3555 338 3648 displicent,
370 3565 447 3627 tuos
474 3578 563 3627 ama.
595 3555 629 3625 Si
659 3555 743 3649 quid
771 3565 888 3626 autem
922 3556 958 3625 in
987 3555 1104 3626 animo
1131 3555 1215 3625 forte

140 3676 325 3767 rubiginis,
349 3678 379 3746 si
407 3678 492 3768 qnid
518 3676 587 3748 odii
612 3687 684 3761 est,
713 3698 832 3747 amore
851 3677 974 3770 patriae
994 3678 1216 3748 etmalorum

140 3799 373 3871 communium
392 3800 692 3871 commiseratione
713 3798 867 3888 deterge,
894 3819 959 3869 nec
986 3798 1047 3869 tibi
1076 3818 1218 3892 persua-

140 3923 241 4008 deas,
264 3932 431 4016 pereunte
451 3922 564 4006 ltalia,
583 3920 764 3991 Venetiam
786 3922 919 3992 salvam
937 3921 1021 3990 fore.
1043 3921 1107 3991 Est
1127 3918 1216 3989 enirn

141 4065 221 4135 pars
239 4047 346 4130 illius,
368 4056 403 4116 et
427 4055 552 4117 natura
576 4045 686 4136 partis
705 4064 745 4114 ea
767 4053 822 4113 est
846 4052 884 4113 ut
910 4052 1077 4133 sequatur
1097 4040 1150 4111 sui
1169 4051 1219 4111 to-

142 4163 210 4231 tius
236 4168 292 4232 vel
321 4166 583 4238 subsistentiam
605 4166 662 4236 vel
688 4165 834 4235 ruinam.
866 4166 947 4233 llaec
978 4173 1090 4233 tecum
1126 4181 1218 4254 saepe

142 4284 347 4374 recogitans,
362 4285 448 4371 noli,
471 4289 551 4358 Dux
568 4287 711 4379 optime,
727 4307 842 4356 rerum
862 4305 1032 4355 summam
1050 4285 1085 4352 in
1102 4271 1217 4354 citre-

143 4430 235 4478 mum
262 4405 452 4489 adducere,
480 4407 539 4477 nbi
564 4417 599 4479 et
622 4406 713 4479 vinci
744 4408 908 4478 miserum
929 4413 1000 4490 est,
1022 4415 1057 4477 et
1077 4407 1217 4475 vincere

143 4528 362 4608 sceleratum,
377 4543 488 4613 coque
501 4526 579 4616 ipso
592 4525 756 4599 miserius
775 4535 832 4597 est
847 4547 952 4615 quam
970 4524 1063 4596 vinci
1082 4521 1216 4594 melius.
