2738 5062
203 634 263 697 eto
538 644 580 691 ou
600 644 701 692 nunus
722 642 945 693 nuntiamus

205 779 289 851 nibil
309 778 424 870 agitis.
445 775 547 861 Quod
566 786 681 847 autem
703 775 824 847 attinet
844 775 889 847 ad
909 795 990 860 vos,
1012 777 1078 849 boe
1099 798 1208 849 uuum
1229 778 1286 851 di-

205 903 328 975 xerim.
366 903 443 993 Ego
476 900 617 992 quidem
651 897 838 971 eduobus
876 898 1124 992 rempublicam
1163 912 1286 985 nostra

206 1037 308 1099 aetate
332 1021 598 1117 capessentibus
631 1021 728 1093 alteri
763 1023 871 1093 multa
901 1020 1054 1114 quidem,
1074 1020 1178 1093 atteri
1196 1022 1285 1095 nihii

207 1148 344 1241 scripsi,
359 1169 403 1219 eo
422 1146 518 1239 quod
537 1167 594 1217 me
611 1144 667 1216 iile
683 1144 718 1215 in
739 1166 915 1236 magnam,
930 1144 1010 1217 lieet
1022 1154 1282 1238 praematuram,

207 1271 311 1342 hicin
324 1270 454 1341 nullam
467 1269 608 1362 penitus
622 1289 719 1361 spem
733 1265 879 1339 induxit.
890 1265 965 1337 Tibi
978 1256 1064 1339 vero
1077 1268 1108 1339 si
1122 1277 1284 1360 praeatae,

209 1394 240 1465 si
260 1392 424 1485 anguium
446 1390 546 1462 sibita
566 1390 747 1483 minasque
760 1411 828 1462 non
842 1389 983 1474 metum,
1005 1391 1113 1461 muita
1133 1392 1287 1472 etruria

208 1536 273 1587 sno
293 1523 444 1606 tempore
461 1513 684 1607 parturienda
703 1511 869 1603 concipio.
886 1511 986 1582 Nunc
1003 1510 1088 1583 iitnd
1104 1514 1288 1589 monuisse

207 1636 369 1720 sufficiat,
391 1637 456 1709 hoc
476 1637 542 1707 iter
559 1635 728 1728 ingressis
744 1655 846 1727 aeque
863 1646 1035 1727 torporem
1056 1655 1098 1704 ac
1110 1636 1286 1711 servorem

207 1760 352 1832 nimium
380 1758 556 1841 nocuisse;
585 1756 695 1829 habes
724 1756 773 1828 rei
805 1755 986 1847 utriusque
1005 1756 1214 1844 domestica,
1238 1760 1288 1831 si-

207 1884 349 1975 mulque
369 1882 521 1955 reoentia
541 1881 700 1973 exempla
733 1877 801 1951 sub
829 1877 950 1950 ocutis.
980 1877 1082 1961 Quod
1110 1878 1218 1971 igitur
1238 1882 1288 1955 ait

206 2004 314 2076 Naso:
336 2003 441 2075 madro
462 2004 640 2073 tutissimus
657 2002 730 2071 ibis.
752 2001 848 2085 Vale,
862 2009 989 2071 etcum
1009 2000 1057 2072 sis
1075 2000 1144 2086 vir,
1172 2003 1227 2075 iac
1248 2014 1289 2075 nt

208 2128 263 2197 vir
280 2148 462 2220 appareas.

704 2325 782 2334 ...—

630 2558 809 2625 urlstonn
828 2562 862 2625 11.

287 2746 481 2798 rannotscus
502 2747 670 2797 Punannon
690 2749 866 2799 Funnctsco
886 2749 994 2802 omont
1014 2751 1206 2805 SANGTORUH

554 2853 785 2905 APOSTOLORUH
806 2855 833 2905 S.
854 2855 882 2904 Ρ.
904 2856 934 2905 D.

249 3014 350 3071 Narrat
363 3031 393 3070 ee
405 3014 578 3070 Valleclausa
590 3014 762 3086 digressum,
776 3014 876 3088 pedem
892 3015 968 3070 unde
981 3014 1129 3072 diverterat
1146 3017 1254 3076 referre

321 3100 467 3172 debuisse,
482 3102 575 3175 ibique
590 3102 758 3159 consistendi
772 3101 828 3167 iam
843 3102 895 3159 sibi
909 3104 1083 3177 propositum
1096 3120 1167 3161 esee.

305 3345 383 3412 Nox
418 3342 522 3415 babet
540 3341 736 3413 consilium:
767 3352 871 3415 vetus
904 3356 960 3415 est
990 3309 1153 3431 verbum,
1187 3360 1227 3423 et
1249 3360 1288 3423 ut

205 3464 383 3558 experior,
406 3487 541 3536 verum.
562 3463 617 3537 Ad
642 3468 771 3537 iontem
789 3466 922 3558 Sorgiae
948 3467 1151 3560 compositis
1177 3472 1286 3545 sarci-

206 3587 297 3660 nulis
318 3607 408 3680 quas
430 3587 495 3659 boe
515 3598 670 3680 tempore
691 3589 795 3661 valde
812 3609 911 3683 saepe
931 3590 1149 3677 circumfero,
1165 3616 1287 3669 move-

207 3732 280 3783 ram
302 3708 382 3780 inde
404 3708 449 3780 ad
469 3709 547 3780 xvt
566 3710 740 3783 Kalendas
765 3710 962 3783 decembris
987 3711 1134 3785 hiberno
1159 3735 1287 3789 sereno

206 3833 308 3916 fisus,
342 3856 412 3926 qno
445 3832 529 3904 nibil
561 3833 829 3919 inconstantius,
863 3835 948 3906 nibil
980 3836 1157 3908 incertius.
1179 3839 1286 3933 Spem

205 3954 321 4040 dabat,
343 3957 439 4050 quod
458 3980 521 4052 per
543 3966 748 4028 autumnum
779 3968 815 4030 et
843 3967 966 4053 postea
998 3959 1043 4031 ad
1075 3981 1158 4032 eum
1190 3961 1286 4033 diem

205 4080 310 4153 nuliae
335 4081 459 4164 nubes,
494 4102 538 4152 ne
570 4080 683 4152 dicam
715 4081 845 4173 pluviae
870 4081 958 4153 visre
982 4093 1092 4153 erant.
1118 4083 1288 4159 Terrebat

205 4201 426 4276 notissimum
447 4206 555 4276 fatum
579 4225 712 4287 meum,
741 4204 836 4298 quod
858 4214 914 4277 est
946 4215 986 4276 ut
1018 4205 1094 4277 sine
1114 4216 1209 4279 aestu
1228 4209 1287 4281 vet

204 4322 376 4397 imbribus
396 4349 465 4398 non
485 4349 562 4399 eam
574 4354 581 4396 :
595 4336 632 4397 et
648 4326 858 4399 simillimum
874 4327 946 4399 veri
959 4338 1034 4401 erat
1047 4331 1175 4402 ooelum
1188 4331 1288 4425 quod

203 4445 422 4520 continuerat
454 4451 665 4522 refusurum.
699 4451 789 4535 Quid
826 4456 1018 4545 expectas?
1051 4453 1122 4525 Vix
1158 4455 1286 4549 pedem
