2738 5062
358 704 450 753 nmen
472 704 974 756 ueritususctuus.-sr1srota
996 708 1015 755 r.
1162 696 1221 759 465

146 838 369 931 decreveras,
400 838 585 910 auctoritas
615 852 833 933 quereretur,
869 864 936 913 non
965 844 1107 933 ignarus
1134 844 1221 916 inter

145 960 343 1050 Augustum
365 969 400 1030 et
416 957 591 1030 Tiberium
611 961 696 1052 quid
712 961 857 1064 iptersit.
878 966 936 1035 llle
954 964 1143 1058 principum
1166 988 1221 1038 sa-

146 1079 383 1174 pientissimus
400 1088 506 1172 atque
522 1080 672 1176 optimus
689 1085 761 1167 luit,
776 1085 832 1156 hio
849 1083 1035 1158 obscoenus
1053 1108 1094 1158 ac
1110 1089 1218 1172 ferox,

145 1212 180 1273 et
205 1214 244 1276 ut
266 1203 312 1274 de
336 1223 379 1273 eo
411 1203 546 1297 proprie
572 1203 662 1275 dixit
685 1205 842 1297 quidam.
869 1208 979 1278 lutum
1004 1229 1026 1278 a
1051 1211 1221 1301 sanguine

146 1335 366 1393 maceratum.
385 1323 457 1393 Hoc
473 1334 588 1394 tamen
601 1323 692 1395 idem
710 1326 802 1397 dieto
819 1349 888 1419 quo
905 1337 1059 1421 tempore
1072 1329 1118 1399 sit
1135 1352 1220 1400 usus

145 1443 248 1524 nosti,
278 1446 331 1514 vel
357 1444 387 1515 si
412 1442 498 1536 quid
519 1444 705 1517 oblivionis
735 1446 823 1517 inter
856 1457 904 1518 tut
936 1448 1086 1518 maiores
1117 1469 1222 1519 curas

145 1566 327 1658 obreperit,
348 1567 441 1661 apud
458 1567 692 1659 Tranquillum
710 1567 819 1659 leges.
837 1569 887 1639 Eo
904 1567 1044 1660 quidem
1066 1578 1221 1662 tempore

146 1689 210 1759 hoc
233 1688 336 1772 dixit,
365 1709 435 1782 quo
459 1698 624 1781 exempto
649 1687 716 1758 iam
744 1687 849 1760 rebus
876 1690 1036 1761 humanis
1062 1689 1222 1779 Augusto

145 1830 327 1882 successor
347 1815 450 1903 longe
470 1811 580 1906 impar
599 1811 898 1903 impudentissime
919 1822 1093 1903 arreptum
1115 1812 1221 1884 rebus

145 1931 229 2023 ipsis
250 1933 431 2025 imperium
452 1932 572 2003 verbis
590 1942 704 2004 tamen
722 1932 896 2026 ambiguis
914 1936 1092 2028 fallacique
1109 1949 1143 2006 et
1160 1958 1220 2006 va·

145 2052 196 2122 ria
217 2052 493 2124 dissimulatione
527 2053 708 2135 renuebat,
736 2055 860 2123 falsum
887 2053 1070 2125 modestiae
1095 2076 1220 2127 nomen

144 2195 317 2265 quaerens,
336 2195 449 2267 usque
467 2173 563 2259 adeo,
579 2186 617 2245 ut
630 2175 874 2267 tergiversanti
891 2175 1030 2267 quidam
1048 2177 1221 2248 infaciem

143 2296 404 2386 elegantissime
435 2297 616 2368 cavillatus
652 2297 835 2368 illuderet:
866 2307 1014 2370 coeteros
1044 2299 1219 2381 homineS,

144 2417 238 2509 quod
260 2417 457 2509 promittant
474 2439 552 2489 sero
573 2418 724 2511 implere,
739 2418 833 2490 illum
852 2439 937 2492 vero
953 2419 1047 2511 quod
1064 2419 1223 2514 implerat

145 2541 258 2610 serius
279 2538 440 2634 polliceri.
463 2540 532 2611 Sed
551 2549 645 2612 esto:
666 2540 712 2612 sit
731 2539 861 2612 dictum
879 2538 961 2612 boni
982 2541 1156 2633 principis,
1178 2542 1222 2611 sit

144 2683 212 2732 non
246 2660 326 2733 licto
350 2662 465 2734 animo
497 2664 680 2754 prolatum,
707 2663 784 2757 ipse
814 2663 859 2731 sit
882 2669 1001 2732 auctor
1025 2658 1219 2752 Augustus.

143 2784 233 2868 Quid
254 2784 298 2856 ad
320 2788 417 2856 rem‘l
438 2783 596 2867 Nescitis,
618 2783 741 2875 inquit,
760 2793 890 2874 quanta
910 2782 1025 2854 bellua
1047 2784 1091 2853 sit
1107 2785 1221 2878 impe-

143 2907 243 2976 rium.
267 2907 337 2977 lmo
358 2907 486 2978 scimus
506 2907 655 2976 eximie:
677 2904 790 2975 bcllua
811 2904 1051 2999 potentissima
1068 2916 1136 2986 est,
1157 2907 1221 2978 scd

143 3049 224 3119 quae
245 3029 389 3099 lraenum
403 3027 515 3099 doctae
534 3048 656 3098 manus
674 3026 845 3120 excipiat:
864 3026 976 3097 bellua
997 3028 1133 3119 ingens,
1156 3029 1220 3100 sed

146 3147 330 3219 tractabilis
351 3160 387 3220 et
405 3150 439 3219 ni
457 3158 623 3221 tractetur
645 3149 821 3221 indomita.
839 3147 955 3232 dude,
975 3169 1052 3239 age,
1071 3149 1218 3222 fraenum

142 3293 247 3342 manu
279 3272 406 3365 arripe,
439 3272 634 3365 soliumque
666 3271 724 3343 tibi
758 3271 913 3344 debitum
944 3270 1150 3343 conscende.
1184 3274 1219 3342 Si

142 3392 277 3476 metuis,
301 3413 474 3465 sessorem
493 3394 655 3466 inveniet.
673 3394 780 3465 lulius
798 3393 927 3478 Caesar,
945 3393 1044 3466 cuius
1063 3403 1101 3466 ut
1116 3396 1220 3467 modo

141 3517 313 3601 dicebam,
336 3514 595 3589 haereditarium
617 3537 741 3587 nomen
767 3515 890 3601 habes,
912 3537 1040 3609 equum
1062 3518 1156 3610 apud
1180 3539 1220 3590 se

141 3652 254 3712 ortum
280 3650 315 3711 et
340 3641 482 3711 alterius
514 3640 746 3733 impatientem
774 3639 941 3722 ascendit,
968 3641 1063 3712 etin
1088 3640 1218 3712 deliciis

141 3761 284 3832 babuit:
307 3773 344 3833 tu
366 3763 489 3833 solium
516 3784 583 3833 non
609 3763 753 3834 alterius
778 3761 930 3834 sessoris
950 3762 1131 3855 impatiens
1158 3763 1220 3834 sed

140 3893 232 3955 atet
253 3894 343 3955 retro
370 3884 581 3978 principibus
603 3886 781 3956 insessum
801 3897 836 3955 et
862 3896 932 3955 tuae
959 3883 1124 3954 sessionis
1146 3886 1220 3953 avi-

140 4002 324 4078 dissimum
348 4010 442 4078 solus
469 4007 585 4098 iugis?
605 4008 734 4076 Verum
761 4005 854 4076 onim
875 4025 960 4074 vcro
979 4013 1103 4073 cuncta
1123 4005 1219 4098 prius

142 4127 306 4200 tentanda
332 4152 435 4222 quam
462 4132 603 4200 serrum.
634 4127 718 4197 llaec
750 4128 840 4197 inter
870 4126 1115 4197 excusationes
1142 4135 1219 4198 tuas

142 4251 261 4320 ultima
282 4260 344 4334 est,
368 4249 426 4320 ubi
447 4249 563 4319 nescio
581 4269 624 4319 an
646 4246 731 4318 illud
748 4247 888 4339 gloriosi
908 4250 1025 4322 militis
1045 4249 1137 4342 apud
1156 4249 1220 4319 Te·

141 4373 290 4443 rentium
306 4395 406 4445 esses
420 4370 561 4443 oblitus:
577 4371 688 4437 omnio
696 4371 792 4460 prius
805 4373 960 4463 cooperiri
972 4375 1107 4443 consitio
1123 4394 1220 4462 quoin

141 4497 244 4564 armis
268 4496 449 4587 sapientem
469 4491 566 4563 decet.
589 4489 678 4561 Nihil
699 4491 790 4562 enim
816 4490 909 4563 aliud
930 4493 975 4565 ad
996 4493 1217 4587 patrocinium

271 4626 297 4663 ri.
1036 4614 1066 4661 30
