<?xml version="1.0" encoding="UTF-8"?>
<!DOCTYPE html PUBLIC "-//W3C//DTD XHTML 1.0 Transitional//EN"
    "http://www.w3.org/TR/xhtml1/DTD/xhtml1-transitional.dtd">
<html xmlns="http://www.w3.org/1999/xhtml" xml:lang="en" lang="en">
 <head>
  <title>
</title>
<meta http-equiv="Content-Type" content="text/html;charset=utf-8" />
  <meta name='ocr-system' content='tesseract 3.04.00' />
  <meta name='ocr-capabilities' content='ocr_page ocr_carea ocr_par ocr_line ocrx_word'/>
</head>
<body>
  <div class='ocr_page' id='page_1' title='image "./epistolaederebu02fracgoog_0418.png"; bbox 0 0 2738 5062; ppageno 0'>
   <div class='ocr_carea' id='block_1_1' title="bbox 347 575 1224 655">
    <p class='ocr_par' dir='ltr' id='par_1_1' title="bbox 347 575 1224 655">
     <span class='ocr_line' id='line_1_1' title="bbox 347 575 1224 655; baseline 0 -2"><span class='ocrx_word' id='word_1_1' title='bbox 347 605 440 653; x_wconf 78' lang='lat' dir='ltr'>tisun</span> <span class='ocrx_word' id='word_1_2' title='bbox 461 603 938 655; x_wconf 78' lang='lat' dir='ltr'>suxrusnucruus.-ur1sroua</span> <span class='ocrx_word' id='word_1_3' title='bbox 961 604 1022 652; x_wconf 83' lang='lat' dir='ltr'>xiv.</span> <span class='ocrx_word' id='word_1_4' title='bbox 1163 575 1224 653; x_wconf 65' lang='grc' dir='ltr'>409ι</span> 
     </span>
    </p>
   </div>
   <div class='ocr_carea' id='block_1_2' title="bbox 139 713 1321 3991">
    <p class='ocr_par' dir='ltr' id='par_1_2' title="bbox 139 713 1321 3991">
     <span class='ocr_line' id='line_1_2' title="bbox 147 713 1224 815; baseline 0.001 -1"><span class='ocrx_word' id='word_1_5' title='bbox 147 747 232 815; x_wconf 83' lang='lat' dir='ltr'>sorte</span> <span class='ocrx_word' id='word_1_6' title='bbox 253 743 389 814; x_wconf 87' lang='lat' dir='ltr'>ooelitus</span> <span class='ocrx_word' id='word_1_7' title='bbox 410 750 526 813; x_wconf 89' lang='lat' dir='ltr'>actum</span> <span class='ocrx_word' id='word_1_8' title='bbox 544 764 625 813; x_wconf 90' lang='lat' dir='ltr'>esse</span> <span class='ocrx_word' id='word_1_9' title='bbox 643 764 687 812; x_wconf 91' lang='lat' dir='ltr'>ne</span> <span class='ocrx_word' id='word_1_10' title='bbox 704 741 865 813; x_wconf 83' lang='lat' dir='ltr'>lascivire</span> <span class='ocrx_word' id='word_1_11' title='bbox 884 743 1022 813; x_wconf 90' lang='lat' dir='ltr'>animus</span> <span class='ocrx_word' id='word_1_12' title='bbox 1040 743 1112 813; x_wconf 90' lang='lat' dir='ltr'>voti</span> <span class='ocrx_word' id='word_1_13' title='bbox 1129 713 1224 815; x_wconf 80' lang='lat' dir='ltr'>com-</span> 
     </span>
     <span class='ocr_line' id='line_1_3' title="bbox 145 863 1224 957; baseline 0 -23"><span class='ocrx_word' id='word_1_14' title='bbox 145 887 206 957; x_wconf 95' lang='lat' dir='ltr'>pos</span> <span class='ocrx_word' id='word_1_15' title='bbox 239 865 426 956; x_wconf 74' lang='lat' dir='ltr'>inciperet?</span> <span class='ocrx_word' id='word_1_16' title='bbox 463 864 585 935; x_wconf 89' lang='lat' dir='ltr'>Fateor</span> <span class='ocrx_word' id='word_1_17' title='bbox 616 865 730 935; x_wconf 92' lang='lat' dir='ltr'>enirn:</span> <span class='ocrx_word' id='word_1_18' title='bbox 766 863 925 946; x_wconf 91' lang='lat' dir='ltr'>solitudo,</span> <span class='ocrx_word' id='word_1_19' title='bbox 962 863 1085 948; x_wconf 91' lang='lat' dir='ltr'>otium,</span> <span class='ocrx_word' id='word_1_20' title='bbox 1121 865 1224 936; x_wconf 91' lang='lat' dir='ltr'>liber-</span> 
     </span>
     <span class='ocr_line' id='line_1_4' title="bbox 144 985 1223 1078; baseline -0.002 -22"><span class='ocrx_word' id='word_1_21' title='bbox 144 997 215 1070; x_wconf 89' lang='lat' dir='ltr'>tas,</span> <span class='ocrx_word' id='word_1_22' title='bbox 262 986 397 1055; x_wconf 92' lang='lat' dir='ltr'>nonnisi</span> <span class='ocrx_word' id='word_1_23' title='bbox 441 988 604 1078; x_wconf 79' lang='lat' dir='ltr'>perlectae</span> <span class='ocrx_word' id='word_1_24' title='bbox 653 985 790 1055; x_wconf 90' lang='lat' dir='ltr'>virtutis</span> <span class='ocrx_word' id='word_1_25' title='bbox 842 985 1105 1077; x_wconf 88' lang='lat' dir='ltr'>consumatique</span> <span class='ocrx_word' id='word_1_26' title='bbox 1150 987 1223 1058; x_wconf 91' lang='lat' dir='ltr'>ani-</span> 
     </span>
     <span class='ocr_line' id='line_1_5' title="bbox 143 1105 1224 1191; baseline 0.002 -13"><span class='ocrx_word' id='word_1_27' title='bbox 143 1109 210 1191; x_wconf 92' lang='lat' dir='ltr'>mi,</span> <span class='ocrx_word' id='word_1_28' title='bbox 244 1108 334 1178; x_wconf 90' lang='lat' dir='ltr'>bona</span> <span class='ocrx_word' id='word_1_29' title='bbox 364 1118 467 1178; x_wconf 93' lang='lat' dir='ltr'>sunt:</span> <span class='ocrx_word' id='word_1_30' title='bbox 505 1107 596 1178; x_wconf 90' lang='lat' dir='ltr'>unde</span> <span class='ocrx_word' id='word_1_31' title='bbox 630 1128 685 1177; x_wconf 88' lang='lat' dir='ltr'>me</span> <span class='ocrx_word' id='word_1_32' title='bbox 716 1109 860 1176; x_wconf 91' lang='lat' dir='ltr'>muttum</span> <span class='ocrx_word' id='word_1_33' title='bbox 891 1105 1018 1178; x_wconf 90' lang='lat' dir='ltr'>abesse</span> <span class='ocrx_word' id='word_1_34' title='bbox 1048 1108 1159 1180; x_wconf 89' lang='lat' dir='ltr'>sentio</span> <span class='ocrx_word' id='word_1_35' title='bbox 1188 1121 1224 1179; x_wconf 87' lang='lat' dir='ltr'>et</span> 
     </span>
     <span class='ocr_line' id='line_1_6' title="bbox 144 1229 1222 1323; baseline 0.002 -23"><span class='ocrx_word' id='word_1_36' title='bbox 144 1233 256 1320; x_wconf 83' lang='lat' dir='ltr'>lugeo.</span> <span class='ocrx_word' id='word_1_37' title='bbox 275 1232 431 1301; x_wconf 80' lang='lat' dir='ltr'><strong>Profecto</strong></span> <span class='ocrx_word' id='word_1_38' title='bbox 456 1239 572 1300; x_wconf 92' lang='lat' dir='ltr'>autem</span> <span class='ocrx_word' id='word_1_39' title='bbox 599 1229 715 1300; x_wconf 91' lang='lat' dir='ltr'>animo</span> <span class='ocrx_word' id='word_1_40' title='bbox 740 1229 962 1323; x_wconf 84' lang='lat' dir='ltr'>passionibus</span> <span class='ocrx_word' id='word_1_41' title='bbox 987 1231 1147 1314; x_wconf 90' lang='lat' dir='ltr'>obsesso,</span> <span class='ocrx_word' id='word_1_42' title='bbox 1176 1232 1222 1302; x_wconf 95' lang='lat' dir='ltr'>nil</span> 
     </span>
     <span class='ocr_line' id='line_1_7' title="bbox 143 1351 1222 1445; baseline -0.001 -21"><span class='ocrx_word' id='word_1_43' title='bbox 143 1354 213 1424; x_wconf 93' lang='lat' dir='ltr'>otio</span> <span class='ocrx_word' id='word_1_44' title='bbox 250 1353 365 1445; x_wconf 91' lang='lat' dir='ltr'>peius,</span> <span class='ocrx_word' id='word_1_45' title='bbox 406 1352 450 1422; x_wconf 92' lang='lat' dir='ltr'>nil</span> <span class='ocrx_word' id='word_1_46' title='bbox 490 1352 641 1422; x_wconf 89' lang='lat' dir='ltr'>solitaria</span> <span class='ocrx_word' id='word_1_47' title='bbox 679 1351 838 1422; x_wconf 87' lang='lat' dir='ltr'>libertate</span> <span class='ocrx_word' id='word_1_48' title='bbox 874 1351 1088 1423; x_wconf 82' lang='lat' dir='ltr'>damnosius.</span> <span class='ocrx_word' id='word_1_49' title='bbox 1127 1355 1222 1424; x_wconf 92' lang='lat' dir='ltr'>Tunc</span> 
     </span>
     <span class='ocr_line' id='line_1_8' title="bbox 143 1462 1222 1565; baseline 0.002 -21"><span class='ocrx_word' id='word_1_50' title='bbox 143 1474 296 1545; x_wconf 86' lang='lat' dir='ltr'>obscoeni</span> <span class='ocrx_word' id='word_1_51' title='bbox 331 1462 697 1565; x_wconf 76' lang='lat' dir='ltr'>subeunt&#39;cogitatus,</span> <span class='ocrx_word' id='word_1_52' title='bbox 730 1473 823 1544; x_wconf 89' lang='lat' dir='ltr'>subit</span> <span class='ocrx_word' id='word_1_53' title='bbox 853 1473 1020 1545; x_wconf 89' lang='lat' dir='ltr'>insidiosa</span> <span class='ocrx_word' id='word_1_54' title='bbox 1051 1475 1222 1559; x_wconf 83' lang='lat' dir='ltr'>luxuries,</span> 
     </span>
     <span class='ocr_line' id='line_1_9' title="bbox 142 1594 1220 1688; baseline 0.003 -23"><span class='ocrx_word' id='word_1_55' title='bbox 142 1595 307 1667; x_wconf 92' lang='lat' dir='ltr'>blandum</span> <span class='ocrx_word' id='word_1_56' title='bbox 323 1599 459 1678; x_wconf 93' lang='lat' dir='ltr'>malum,</span> <span class='ocrx_word' id='word_1_57' title='bbox 475 1595 698 1666; x_wconf 79' lang='lat' dir='ltr'>etfamiliaris</span> <span class='ocrx_word' id='word_1_58' title='bbox 712 1594 907 1665; x_wconf 91' lang='lat' dir='ltr'>ociosarum</span> <span class='ocrx_word' id='word_1_59' title='bbox 927 1594 1090 1666; x_wconf 82' lang='lat' dir='ltr'>mentium</span> <span class='ocrx_word' id='word_1_60' title='bbox 1112 1597 1220 1688; x_wconf 90' lang='lat' dir='ltr'>pestis</span> 
     </span>
     <span class='ocr_line' id='line_1_10' title="bbox 142 1714 1221 1808; baseline 0.003 -23"><span class='ocrx_word' id='word_1_61' title='bbox 142 1737 252 1797; x_wconf 90' lang='lat' dir='ltr'>amor,</span> <span class='ocrx_word' id='word_1_62' title='bbox 281 1714 408 1806; x_wconf 92' lang='lat' dir='ltr'>quibus</span> <span class='ocrx_word' id='word_1_63' title='bbox 434 1737 501 1806; x_wconf 82' lang='lat' dir='ltr'>ego</span> <span class='ocrx_word' id='word_1_64' title='bbox 530 1737 587 1786; x_wconf 91' lang='lat' dir='ltr'>me</span> <span class='ocrx_word' id='word_1_65' title='bbox 620 1716 751 1808; x_wconf 82' lang='lat' dir='ltr'>laqueis</span> <span class='ocrx_word' id='word_1_66' title='bbox 785 1714 982 1785; x_wconf 90' lang='lat' dir='ltr'>absolutum</span> <span class='ocrx_word' id='word_1_67' title='bbox 1014 1715 1129 1798; x_wconf 86' lang='lat' dir='ltr'>rebar,</span> <span class='ocrx_word' id='word_1_68' title='bbox 1158 1719 1221 1788; x_wconf 88' lang='lat' dir='ltr'>sed</span> 
     </span>
     <span class='ocr_line' id='line_1_11' title="bbox 142 1835 1321 1928; baseline 0.001 -22"><span class='ocrx_word' id='word_1_69' title='bbox 142 1840 227 1908; x_wconf 85' lang='lat' dir='ltr'>torte</span> <span class='ocrx_word' id='word_1_70' title='bbox 247 1835 400 1907; x_wconf 76' lang='lat' dir='ltr'>fallebar.</span> <span class='ocrx_word' id='word_1_71' title='bbox 418 1835 572 1907; x_wconf 85' lang='lat' dir='ltr'>Ferenda</span> <span class='ocrx_word' id='word_1_72' title='bbox 595 1835 707 1907; x_wconf 87' lang='lat' dir='ltr'>fidelis</span> <span class='ocrx_word' id='word_1_73' title='bbox 729 1835 852 1906; x_wconf 91' lang='lat' dir='ltr'>medici</span> <span class='ocrx_word' id='word_1_74' title='bbox 872 1836 952 1906; x_wconf 89' lang='lat' dir='ltr'>licet</span> <span class='ocrx_word' id='word_1_75' title='bbox 973 1836 1131 1928; x_wconf 83' lang='lat' dir='ltr'>asperior</span> <span class='ocrx_word' id='word_1_76' title='bbox 1148 1858 1221 1908; x_wconf 90' lang='lat' dir='ltr'>ma·</span> <span class='ocrx_word' id='word_1_77' title='bbox 1318 1864 1321 1871; x_wconf 94' lang='lat'><em>·</em></span> 
     </span>
     <span class='ocr_line' id='line_1_12' title="bbox 142 1958 1220 2032; baseline -0.002 -2"><span class='ocrx_word' id='word_1_78' title='bbox 142 1983 230 2031; x_wconf 92' lang='lat' dir='ltr'>nus:</span> <span class='ocrx_word' id='word_1_79' title='bbox 265 1963 350 2032; x_wconf 87' lang='lat' dir='ltr'>forte</span> <span class='ocrx_word' id='word_1_80' title='bbox 383 1959 569 2031; x_wconf 89' lang='lat' dir='ltr'>latentibus</span> <span class='ocrx_word' id='word_1_81' title='bbox 603 1959 793 2030; x_wconf 81' lang='lat' dir='ltr'>consulitur</span> <span class='ocrx_word' id='word_1_82' title='bbox 826 1959 925 2030; x_wconf 91' lang='lat' dir='ltr'>malis</span> <span class='ocrx_word' id='word_1_83' title='bbox 957 1968 1017 2029; x_wconf 91' lang='lat' dir='ltr'>aut</span> <span class='ocrx_word' id='word_1_84' title='bbox 1052 1958 1220 2030; x_wconf 85' lang='lat' dir='ltr'>redivivis</span> 
     </span>
     <span class='ocr_line' id='line_1_13' title="bbox 143 2079 1222 2172; baseline -0.001 -21"><span class='ocrx_word' id='word_1_85' title='bbox 143 2082 271 2154; x_wconf 91' lang='lat' dir='ltr'>morbis</span> <span class='ocrx_word' id='word_1_86' title='bbox 289 2083 489 2165; x_wconf 89' lang='lat' dir='ltr'>occurritur,</span> <span class='ocrx_word' id='word_1_87' title='bbox 508 2092 544 2151; x_wconf 90' lang='lat' dir='ltr'>et</span> <span class='ocrx_word' id='word_1_88' title='bbox 560 2084 647 2152; x_wconf 83' lang='lat' dir='ltr'>torte</span> <span class='ocrx_word' id='word_1_89' title='bbox 664 2080 763 2152; x_wconf 88' lang='lat' dir='ltr'>brevi</span> <span class='ocrx_word' id='word_1_90' title='bbox 777 2079 993 2153; x_wconf 92' lang='lat' dir='ltr'>incommodo</span> <span class='ocrx_word' id='word_1_91' title='bbox 1006 2082 1109 2171; x_wconf 76' lang='lat' dir='ltr'>longa</span> <span class='ocrx_word' id='word_1_92' title='bbox 1127 2101 1222 2172; x_wconf 87' lang='lat' dir='ltr'>prae·</span> 
     </span>
     <span class='ocr_line' id='line_1_14' title="bbox 143 2202 1222 2296; baseline -0.002 -22"><span class='ocrx_word' id='word_1_93' title='bbox 143 2204 232 2275; x_wconf 91' lang='lat' dir='ltr'>teriti</span> <span class='ocrx_word' id='word_1_94' title='bbox 254 2203 461 2296; x_wconf 88' lang='lat' dir='ltr'>venturique</span> <span class='ocrx_word' id='word_1_95' title='bbox 486 2204 550 2280; x_wconf 85' lang='lat' dir='ltr'>ocii</span> <span class='ocrx_word' id='word_1_96' title='bbox 572 2203 715 2273; x_wconf 79' lang='lat' dir='ltr'>felicitas</span> <span class='ocrx_word' id='word_1_97' title='bbox 736 2202 1008 2273; x_wconf 86' lang='lat' dir='ltr'>commendatur.</span> <span class='ocrx_word' id='word_1_98' title='bbox 1033 2203 1133 2273; x_wconf 90' lang='lat' dir='ltr'>Certe</span> <span class='ocrx_word' id='word_1_99' title='bbox 1154 2223 1222 2292; x_wconf 81' lang='lat' dir='ltr'>ego</span> 
     </span>
     <span class='ocr_line' id='line_1_15' title="bbox 142 2323 1222 2416; baseline 0.002 -24"><span class='ocrx_word' id='word_1_100' title='bbox 142 2323 219 2392; x_wconf 84' lang='lat' dir='ltr'>dum</span> <span class='ocrx_word' id='word_1_101' title='bbox 238 2328 310 2413; x_wconf 73' lang='lat' dir='ltr'>sota</span> <span class='ocrx_word' id='word_1_102' title='bbox 332 2325 478 2414; x_wconf 74' lang='lat' dir='ltr'>deusque</span> <span class='ocrx_word' id='word_1_103' title='bbox 498 2326 657 2409; x_wconf 76' lang='lat' dir='ltr'>sinebant,</span> <span class='ocrx_word' id='word_1_104' title='bbox 679 2336 718 2395; x_wconf 95' lang='lat' dir='ltr'>ut</span> <span class='ocrx_word' id='word_1_105' title='bbox 737 2324 868 2416; x_wconf 80' lang='lat' dir='ltr'>Virgilii</span> <span class='ocrx_word' id='word_1_106' title='bbox 893 2323 1011 2395; x_wconf 82' lang='lat' dir='ltr'>verbis</span> <span class='ocrx_word' id='word_1_107' title='bbox 1033 2335 1125 2406; x_wconf 89' lang='lat' dir='ltr'>utar,</span> <span class='ocrx_word' id='word_1_108' title='bbox 1147 2323 1222 2394; x_wconf 89' lang='lat' dir='ltr'>ocio</span> 
     </span>
     <span class='ocr_line' id='line_1_16' title="bbox 143 2445 1222 2537; baseline 0 -22"><span class='ocrx_word' id='word_1_109' title='bbox 143 2467 219 2516; x_wconf 90' lang='lat' dir='ltr'>meo</span> <span class='ocrx_word' id='word_1_110' title='bbox 239 2445 462 2537; x_wconf 90' lang='lat' dir='ltr'>cupidissime</span> <span class='ocrx_word' id='word_1_111' title='bbox 483 2447 636 2533; x_wconf 80' lang='lat' dir='ltr'>fruebar,</span> <span class='ocrx_word' id='word_1_112' title='bbox 664 2456 700 2517; x_wconf 91' lang='lat' dir='ltr'>et</span> <span class='ocrx_word' id='word_1_113' title='bbox 725 2449 858 2517; x_wconf 88' lang='lat' dir='ltr'>fruerer</span> <span class='ocrx_word' id='word_1_114' title='bbox 884 2447 913 2516; x_wconf 94' lang='lat' dir='ltr'>si</span> <span class='ocrx_word' id='word_1_115' title='bbox 940 2446 1138 2516; x_wconf 87' lang='lat' dir='ltr'>mansisset.</span> <span class='ocrx_word' id='word_1_116' title='bbox 1166 2445 1222 2515; x_wconf 90' lang='lat' dir='ltr'>Sic</span> 
     </span>
     <span class='ocr_line' id='line_1_17' title="bbox 141 2568 1221 2663; baseline -0.001 -25"><span class='ocrx_word' id='word_1_117' title='bbox 141 2571 418 2640; x_wconf 84' lang='lat' dir='ltr'>mutalae&#39;rerum</span> <span class='ocrx_word' id='word_1_118' title='bbox 439 2581 567 2640; x_wconf 85' lang='lat' dir='ltr'>sortes:</span> <span class='ocrx_word' id='word_1_119' title='bbox 590 2570 778 2663; x_wconf 87' lang='lat' dir='ltr'>imparatus</span> <span class='ocrx_word' id='word_1_120' title='bbox 800 2591 868 2639; x_wconf 95' lang='lat' dir='ltr'>non</span> <span class='ocrx_word' id='word_1_121' title='bbox 891 2589 968 2638; x_wconf 91' lang='lat' dir='ltr'>sum</span> <span class='ocrx_word' id='word_1_122' title='bbox 990 2568 1056 2637; x_wconf 91' lang='lat' dir='ltr'>etsi</span> <span class='ocrx_word' id='word_1_123' title='bbox 1083 2588 1221 2637; x_wconf 86' lang='lat' dir='ltr'>caussae</span> 
     </span>
     <span class='ocr_line' id='line_1_18' title="bbox 139 2687 1221 2783; baseline -0.002 -22"><span class='ocrx_word' id='word_1_124' title='bbox 139 2691 394 2783; x_wconf 81' lang='lat' dir='ltr'>effectuumque</span> <span class='ocrx_word' id='word_1_125' title='bbox 412 2690 476 2761; x_wconf 90' lang='lat' dir='ltr'>sim</span> <span class='ocrx_word' id='word_1_126' title='bbox 497 2691 645 2762; x_wconf 91' lang='lat' dir='ltr'>nescius.</span> <span class='ocrx_word' id='word_1_127' title='bbox 664 2691 813 2761; x_wconf 91' lang='lat' dir='ltr'>Proinde</span> <span class='ocrx_word' id='word_1_128' title='bbox 831 2688 924 2782; x_wconf 91' lang='lat' dir='ltr'>quod</span> <span class='ocrx_word' id='word_1_129' title='bbox 943 2689 975 2758; x_wconf 94' lang='lat' dir='ltr'>in</span> <span class='ocrx_word' id='word_1_130' title='bbox 996 2687 1100 2757; x_wconf 85' lang='lat' dir='ltr'>finem</span> <span class='ocrx_word' id='word_1_131' title='bbox 1120 2688 1221 2759; x_wconf 88' lang='lat' dir='ltr'>valde</span> 
     </span>
     <span class='ocr_line' id='line_1_19' title="bbox 140 2809 1221 2904; baseline 0 -24"><span class='ocrx_word' id='word_1_132' title='bbox 140 2823 252 2904; x_wconf 88' lang='lat' dir='ltr'>optas,</span> <span class='ocrx_word' id='word_1_133' title='bbox 272 2821 310 2883; x_wconf 92' lang='lat' dir='ltr'>ut</span> <span class='ocrx_word' id='word_1_134' title='bbox 330 2813 495 2884; x_wconf 86' lang='lat' dir='ltr'>merearis</span> <span class='ocrx_word' id='word_1_135' title='bbox 517 2813 605 2882; x_wconf 90' lang='lat' dir='ltr'>inter</span> <span class='ocrx_word' id='word_1_136' title='bbox 626 2812 814 2903; x_wconf 86' lang='lat' dir='ltr'>discipulos</span> <span class='ocrx_word' id='word_1_137' title='bbox 838 2833 933 2882; x_wconf 92' lang='lat' dir='ltr'>meos</span> <span class='ocrx_word' id='word_1_138' title='bbox 951 2810 1029 2895; x_wconf 91' lang='lat' dir='ltr'>dici,</span> <span class='ocrx_word' id='word_1_139' title='bbox 1051 2809 1134 2902; x_wconf 88' lang='lat' dir='ltr'>qnid</span> <span class='ocrx_word' id='word_1_140' title='bbox 1154 2810 1221 2882; x_wconf 91' lang='lat' dir='ltr'>nisi</span> 
     </span>
     <span class='ocr_line' id='line_1_20' title="bbox 141 2931 1221 3006; baseline 0.001 -6"><span class='ocrx_word' id='word_1_141' title='bbox 141 2931 243 3002; x_wconf 92' lang='lat' dir='ltr'>nimis</span> <span class='ocrx_word' id='word_1_142' title='bbox 264 2932 410 3004; x_wconf 89' lang='lat' dir='ltr'>amioum</span> <span class='ocrx_word' id='word_1_143' title='bbox 437 2943 473 3003; x_wconf 90' lang='lat' dir='ltr'>et</span> <span class='ocrx_word' id='word_1_144' title='bbox 494 2932 690 3006; x_wconf 90' lang='lat' dir='ltr'>modestum</span> <span class='ocrx_word' id='word_1_145' title='bbox 711 2943 746 3004; x_wconf 90' lang='lat' dir='ltr'>et</span> <span class='ocrx_word' id='word_1_146' title='bbox 771 2932 900 3004; x_wconf 89' lang='lat' dir='ltr'>humile</span> <span class='ocrx_word' id='word_1_147' title='bbox 920 2942 1040 3003; x_wconf 91' lang='lat' dir='ltr'>votum</span> <span class='ocrx_word' id='word_1_148' title='bbox 1062 2935 1139 3002; x_wconf 84' lang='lat' dir='ltr'>est‘?</span> <span class='ocrx_word' id='word_1_149' title='bbox 1166 2934 1221 3001; x_wconf 93' lang='lat' dir='ltr'>ln-</span> 
     </span>
     <span class='ocr_line' id='line_1_21' title="bbox 142 3052 1218 3146; baseline 0.001 -25"><span class='ocrx_word' id='word_1_150' title='bbox 142 3062 194 3122; x_wconf 91' lang='lat' dir='ltr'>tcr</span> <span class='ocrx_word' id='word_1_151' title='bbox 213 3053 342 3125; x_wconf 90' lang='lat' dir='ltr'>amicos</span> <span class='ocrx_word' id='word_1_152' title='bbox 367 3055 494 3128; x_wconf 89' lang='lat' dir='ltr'>diceris</span> <span class='ocrx_word' id='word_1_153' title='bbox 514 3077 645 3146; x_wconf 88' lang='lat' dir='ltr'>eosque</span> <span class='ocrx_word' id='word_1_154' title='bbox 666 3076 735 3125; x_wconf 91' lang='lat' dir='ltr'>nou</span> <span class='ocrx_word' id='word_1_155' title='bbox 757 3065 794 3126; x_wconf 90' lang='lat' dir='ltr'>ut</span> <span class='ocrx_word' id='word_1_156' title='bbox 816 3056 958 3145; x_wconf 78' lang='lat' dir='ltr'>vulgus,</span> <span class='ocrx_word' id='word_1_157' title='bbox 984 3053 1046 3125; x_wconf 90' lang='lat' dir='ltr'>sed</span> <span class='ocrx_word' id='word_1_158' title='bbox 1068 3064 1107 3123; x_wconf 90' lang='lat' dir='ltr'>ut</span> <span class='ocrx_word' id='word_1_159' title='bbox 1127 3052 1218 3125; x_wconf 92' lang='lat' dir='ltr'>docti</span> 
     </span>
     <span class='ocr_line' id='line_1_22' title="bbox 141 3175 1219 3270; baseline 0.003 -28"><span class='ocrx_word' id='word_1_160' title='bbox 141 3183 273 3255; x_wconf 84' lang='lat' dir='ltr'>vocant,</span> <span class='ocrx_word' id='word_1_161' title='bbox 288 3197 434 3267; x_wconf 90' lang='lat' dir='ltr'>quorum</span> <span class='ocrx_word' id='word_1_162' title='bbox 449 3175 548 3247; x_wconf 88' lang='lat' dir='ltr'>vides</span> <span class='ocrx_word' id='word_1_163' title='bbox 560 3185 690 3270; x_wconf 90' lang='lat' dir='ltr'>quanta</span> <span class='ocrx_word' id='word_1_164' title='bbox 704 3176 847 3268; x_wconf 92' lang='lat' dir='ltr'>penuria</span> <span class='ocrx_word' id='word_1_165' title='bbox 861 3185 926 3246; x_wconf 91' lang='lat' dir='ltr'>cst.</span> <span class='ocrx_word' id='word_1_166' title='bbox 943 3177 1018 3266; x_wconf 78' lang='lat' dir='ltr'>Ego</span> <span class='ocrx_word' id='word_1_167' title='bbox 1032 3175 1219 3267; x_wconf 90' lang='lat' dir='ltr'>tequidem</span> 
     </span>
     <span class='ocr_line' id='line_1_23' title="bbox 140 3286 1221 3389; baseline -0.001 -25"><span class='ocrx_word' id='word_1_168' title='bbox 140 3306 179 3364; x_wconf 91' lang='lat' dir='ltr'>ut</span> <span class='ocrx_word' id='word_1_169' title='bbox 199 3295 390 3368; x_wconf 89' lang='lat' dir='ltr'>studiorum</span> <span class='ocrx_word' id='word_1_170' title='bbox 411 3302 683 3376; x_wconf 87' lang='lat' dir='ltr'>etvoluntatum</span> <span class='ocrx_word' id='word_1_171' title='bbox 705 3286 871 3380; x_wconf 81' lang='lat' dir='ltr'>omnium&#39;,</span> <span class='ocrx_word' id='word_1_172' title='bbox 902 3305 939 3367; x_wconf 94' lang='lat' dir='ltr'>ut</span> <span class='ocrx_word' id='word_1_173' title='bbox 965 3296 1087 3389; x_wconf 85' lang='lat' dir='ltr'>patriae</span> <span class='ocrx_word' id='word_1_174' title='bbox 1109 3295 1221 3369; x_wconf 91' lang='lat' dir='ltr'>nomi-</span> 
     </span>
     <span class='ocr_line' id='line_1_24' title="bbox 140 3417 1220 3512; baseline 0.001 -26"><span class='ocrx_word' id='word_1_175' title='bbox 140 3418 264 3508; x_wconf 88' lang='lat' dir='ltr'>nisque</span> <span class='ocrx_word' id='word_1_176' title='bbox 286 3418 484 3512; x_wconf 86' lang='lat' dir='ltr'>participem</span> <span class='ocrx_word' id='word_1_177' title='bbox 506 3419 628 3503; x_wconf 88' lang='lat' dir='ltr'>habeo‚</span> <span class='ocrx_word' id='word_1_178' title='bbox 651 3419 707 3504; x_wconf 89' lang='lat' dir='ltr'>sic,</span> <span class='ocrx_word' id='word_1_179' title='bbox 730 3418 759 3489; x_wconf 88' lang='lat' dir='ltr'>si</span> <span class='ocrx_word' id='word_1_180' title='bbox 779 3418 949 3512; x_wconf 92' lang='lat' dir='ltr'>quidquid</span> <span class='ocrx_word' id='word_1_181' title='bbox 965 3429 1029 3502; x_wconf 88' lang='lat' dir='ltr'>est,</span> <span class='ocrx_word' id='word_1_182' title='bbox 1048 3431 1083 3491; x_wconf 88' lang='lat' dir='ltr'>et</span> <span class='ocrx_word' id='word_1_183' title='bbox 1101 3417 1220 3510; x_wconf 79' lang='lat' dir='ltr'>gloriae</span> 
     </span>
     <span class='ocr_line' id='line_1_25' title="bbox 139 3539 1221 3634; baseline -0.002 -26"><span class='ocrx_word' id='word_1_184' title='bbox 139 3541 244 3610; x_wconf 88' lang='lat' dir='ltr'>velim</span> <span class='ocrx_word' id='word_1_185' title='bbox 260 3567 267 3610; x_wconf 91' lang='lat'>:</span> <span class='ocrx_word' id='word_1_186' title='bbox 286 3541 381 3612; x_wconf 92' lang='lat' dir='ltr'>haud</span> <span class='ocrx_word' id='word_1_187' title='bbox 407 3542 549 3634; x_wconf 79' lang='lat' dir='ltr'>ignarus</span> <span class='ocrx_word' id='word_1_188' title='bbox 574 3542 716 3613; x_wconf 79' lang='lat' dir='ltr'>feliciter</span> <span class='ocrx_word' id='word_1_189' title='bbox 733 3565 787 3613; x_wconf 89' lang='lat' dir='ltr'>me</span> <span class='ocrx_word' id='word_1_190' title='bbox 804 3542 870 3612; x_wconf 92' lang='lat' dir='ltr'>hoc</span> <span class='ocrx_word' id='word_1_191' title='bbox 887 3539 1221 3613; x_wconf 81' lang='lat' dir='ltr'>contubernio&#39;mer·</span> 
     </span>
     <span class='ocr_line' id='line_1_26' title="bbox 140 3650 1217 3757; baseline -0.004 -24"><span class='ocrx_word' id='word_1_192' title='bbox 140 3660 224 3745; x_wconf 92' lang='lat' dir='ltr'>cari,</span> <span class='ocrx_word' id='word_1_193' title='bbox 245 3666 511 3756; x_wconf 88' lang='lat' dir='ltr'>opulentamque</span> <span class='ocrx_word' id='word_1_194' title='bbox 530 3663 749 3750; x_wconf 90' lang='lat' dir='ltr'>societatem,</span> <span class='ocrx_word' id='word_1_195' title='bbox 769 3650 1002 3757; x_wconf 82' lang='lat' dir='ltr'>magnamque</span> <span class='ocrx_word' id='word_1_196' title='bbox 1016 3661 1100 3733; x_wconf 92' lang='lat' dir='ltr'>lucri</span> <span class='ocrx_word' id='word_1_197' title='bbox 1122 3681 1217 3753; x_wconf 89' lang='lat' dir='ltr'>spem</span> 
     </span>
     <span class='ocr_line' id='line_1_27' title="bbox 140 3782 1021 3880; baseline 0 -28"><span class='ocrx_word' id='word_1_198' title='bbox 140 3803 248 3875; x_wconf 91' lang='lat' dir='ltr'>parvo</span> <span class='ocrx_word' id='word_1_199' title='bbox 265 3782 348 3852; x_wconf 91' lang='lat' dir='ltr'>mihi</span> <span class='ocrx_word' id='word_1_200' title='bbox 370 3785 472 3854; x_wconf 85' lang='lat' dir='ltr'>lamae</span> <span class='ocrx_word' id='word_1_201' title='bbox 493 3787 627 3877; x_wconf 92' lang='lat' dir='ltr'>peculio</span> <span class='ocrx_word' id='word_1_202' title='bbox 647 3786 848 3880; x_wconf 90' lang='lat' dir='ltr'>comparari,</span> <span class='ocrx_word' id='word_1_203' title='bbox 870 3795 906 3855; x_wconf 90' lang='lat' dir='ltr'>et</span> <span class='ocrx_word' id='word_1_204' title='bbox 927 3785 1021 3853; x_wconf 88' lang='lat' dir='ltr'>Vale.</span> 
     </span>
     <span class='ocr_line' id='line_1_28' title="bbox 283 3921 766 3991; baseline 0.006 -15"><span class='ocrx_word' id='word_1_205' title='bbox 283 3921 445 3991; x_wconf 73' lang='lat' dir='ltr'>Mediolani,</span> <span class='ocrx_word' id='word_1_206' title='bbox 462 3923 533 3976; x_wconf 85' lang='lat' dir='ltr'>xvi.</span> <span class='ocrx_word' id='word_1_207' title='bbox 552 3923 611 3977; x_wconf 76' lang='lat' dir='ltr'>itai.</span> <span class='ocrx_word' id='word_1_208' title='bbox 631 3925 766 3979; x_wconf 78' lang='lat' dir='ltr'>Octobris.</span> 
     </span>
    </p>
   </div>
   <div class='ocr_carea' id='block_1_3' title="bbox 594 4170 770 4209">
    <p class='ocr_par' dir='ltr' id='par_1_3' title="bbox 594 4170 770 4209">
     <span class='ocr_line' id='line_1_29' title="bbox 594 4170 770 4209; baseline 0.006 -1"><span class='ocrx_word' id='word_1_209' title='bbox 594 4170 770 4209; x_wconf 62' lang='grc' dir='ltr'>-ΦΘΦ-</span> 
     </span>
    </p>
   </div>
   <div class='ocr_carea' id='block_1_4' title="bbox 0 0 1374 5062">
    <p class='ocr_par' dir='ltr' id='par_1_4' title="bbox 0 0 1374 5062">
     <span class='ocr_line' id='line_1_30' title="bbox 0 0 1374 5062; baseline 0 1"><span class='ocrx_word' id='word_1_210' title='bbox 0 0 1374 5062; x_wconf 95' lang='lat' dir='ltr'> </span> 
     </span>
    </p>
   </div>
  </div>
 </body>
</html>
