2738 5062
393 692 487 740 Lllllill
510 692 900 742 [lupeculus-cruenta
923 696 971 742 ΧΥ.
1167 682 1220 741 illl

557 955 732 1020 bristout
754 957 810 1020 ΧΥ.

190 1142 394 1195 Fuluctsct's
416 1144 584 1193 itt-:Titanes
606 1146 749 1225 l‘lllLll‘l‘O
771 1148 922 1195 Ertscoro
945 1148 1171 1197 tnt'ttbtcbxst

623 1252 648 1298 S.
670 1251 697 1298 Ρ.
719 1253 749 1300 Ι).

235 1428 351 1486 Gaudet
364 1429 400 1483 de
415 1430 506 1483 reditu
521 1429 596 1497 eius,
612 1434 696 1500 utque
711 1430 820 1483 tandem
837 1431 870 1483 ab
886 1432 1028 1485 itineribus
1043 1439 1128 1485 cesset

444 1526 470 1575 el
485 1520 572 1573 otium
587 1520 647 1573 ritru
662 1527 777 1592 numm,
793 1522 926 1574 bortatur.

241 1742 421 1814 Reducem
441 1750 474 1812 te
491 1741 766 1833 peregrinatione
781 1742 980 1832 longissima
999 1745 1101 1812 lmtus
1118 1741 1220 1813 audio

138 1878 175 1940 et
194 1865 309 1939 tensis
330 1863 376 1935 ad
395 1865 520 1935 coelum
542 1863 664 1956 palmis
684 1886 761 1934 curn
783 1862 934 1935 Anchise
952 1865 1083 1936 ordior:

263 2047 381 2112 Venisti
397 2048 519 2112 undem
536 2095 676 2112 ......

263 2146 345 2220 Quas
361 2162 418 2224 ego
437 2153 465 2209 tc
483 2152 580 2208 terras
597 2152 626 2208 et
643 2152 753 2224 quanta
769 2162 824 2226 por
840 2163 962 2227 aequom
981 2156 1101 2211 vectum

264 2244 406 2324 Accipio!

245 2424 333 2511 olid
350 2423 386 2493 ni
403 2433 518 2493 autem
540 2425 692 2514 gratuler
712 2433 844 2494 tantum
862 2435 897 2496 et
916 2436 984 2496 tam
1002 2424 1091 2497 bene
1107 2426 1151 2498 de
1166 2451 1219 2499 me

147 2548 304 2651 meritum
325 2558 458 2642 patrem
480 2547 645 2639 sospitem
666 2546 749 2617 mibi
771 2548 920 2633 restitui,
942 2549 970 2619 si
991 2558 1059 2620 totu
1082 2574 1218 2623 mecum

143 2670 275 2765 gaudet
293 2669 463 2753 Ecclesia,
483 2692 587 2762 quam
606 2670 761 2741 bimestri
780 2672 902 2764 spatio,
922 2672 1016 2763 qrrod
1033 2675 1218 2765 plusquam

142 2793 270 2866 bienno
287 2791 404 2864 visum
421 2801 484 2876 est,
503 2794 702 2885 acephalam
723 2792 914 2884 reliquisti?
932 2794 1038 2863 Totus
1057 2795 1221 2866 amantis-

145 2917 258 2989 simus
282 2917 340 2987 ille
367 2937 456 3007 grex
483 2923 562 2984 tuus
596 2926 797 3008 exoptatum
826 2914 974 3007 pastoris
1004 2914 1056 2984 sui
1091 2915 1218 3006 plaudit

146 3038 193 3111 ad
212 3037 370 3121 reditum,
400 3037 636 3108 serenissimae
667 3056 872 3129 semperque
898 3033 1092 3105 mitissimae
1122 3036 1221 3106 iubar

145 3162 266 3234 imntis
288 3163 471 3256 aspiciam,
494 3159 706 3232 benesuadae
723 3169 758 3231 et
776 3159 960 3230 salutiferae
978 3180 1102 3229 sonum
1120 3160 1216 3229 vocis

146 3285 304 3370 audiens,
329 3286 408 3355 laeta
429 3307 558 3377 pascua
580 3284 835 3376 designantem
854 3282 899 3354 ad
919 3283 996 3352 haec
1015 3290 1052 3352 et
1072 3284 1149 3354 leve
1170 3281 1222 3353 iu-

148 3430 227 3499 gum
241 3420 278 3478 et
290 3410 497 3501 pastoralem
512 3406 672 3478 baculum
689 3403 936 3475 suavissimum
950 3426 1219 3495 recognoscens.

148 3530 214 3625 lpsi
234 3531 356 3613 colles,
376 3530 451 3623 ipsa
469 3529 564 3599 urbis
586 3538 655 3599 tuae
676 3527 802 3597 moenia
829 3526 912 3596 mibi
937 3537 1031 3598 certe
1056 3528 1220 3600 videntur

150 3656 202 3725 vel
222 3654 258 3723 in
281 3653 417 3723 silentio
438 3651 602 3744 gratulari
626 3650 691 3720 sibi
713 3650 847 3721 reddito
874 3651 945 3720 sole
973 3673 1047 3723 suo.
1075 3652 1220 3722 Molesta

149 3774 287 3867 quidem
306 3773 503 3844 amantibus
519 3795 657 3866 semper
674 3772 844 3856 absentia,
861 3772 923 3845 sed
941 3773 1112 3847 interdum
1128 3773 1220 3843 utilis

150 3897 340 3969 excitandis
362 3896 550 3967 allectibus.
569 3897 694 3968 llultos
711 3918 777 3989 ego
795 3896 942 3968 arbitror
959 3920 1109 3990 quonam
1126 3900 1219 3968 cultu

151 4019 196 4089 sis
217 4020 383 4092 colendus
405 4040 560 4113 prmsens
581 4018 847 4111 perabsentiam
866 4017 1043 4100 didicisse;
1066 4031 1103 4089 ut
1128 4021 1217 4089 enim

151 4143 238 4213 ruris
261 4129 311 4214 sic
332 4144 511 4213 convictus
532 4142 642 4211 mutui
663 4140 831 4233 prodesse
852 4144 939 4211 solet
955 4142 1166 4212 intermissio
1186 4154 1219 4211 ot

151 4268 298 4338 cessatio
324 4266 534 4359 temporalis,
556 4277 591 4336 et
612 4267 702 4336 sicut
723 4268 861 4355 frugum
883 4288 929 4335 ex
951 4265 1141 4351 novalibus,
1170 4267 1219 4335 sic

151 4390 339 4461 exanimis
366 4388 560 4460 uberiorem
594 4412 745 4459 messem
770 4388 961 4461 dilectionis
991 4389 1124 4461 elicere.
1152 4390 1219 4457 Ve-

152 4534 223 4584 mm
241 4513 318 4585 baec
339 4524 373 4583 et
399 4514 432 4582 in
455 4512 556 4584 terris
578 4514 752 4585 sterilibus
774 4513 997 4605 agricultura
1025 4518 1096 4593 lex,
1123 4522 1157 4579 et
1184 4510 1215 4576 in
