<?xml version="1.0" encoding="UTF-8"?>
<!DOCTYPE html PUBLIC "-//W3C//DTD XHTML 1.0 Transitional//EN"
    "http://www.w3.org/TR/xhtml1/DTD/xhtml1-transitional.dtd">
<html xmlns="http://www.w3.org/1999/xhtml" xml:lang="en" lang="en">
 <head>
  <title>
</title>
<meta http-equiv="Content-Type" content="text/html;charset=utf-8" />
  <meta name='ocr-system' content='tesseract 3.04.00' />
  <meta name='ocr-capabilities' content='ocr_page ocr_carea ocr_par ocr_line ocrx_word'/>
</head>
<body>
  <div class='ocr_page' id='page_1' title='image "./epistolaederebu02fracgoog_0429.png"; bbox 0 0 2738 5062; ppageno 0'>
   <div class='ocr_carea' id='block_1_1' title="bbox 296 630 1172 691">
    <p class='ocr_par' dir='ltr' id='par_1_1' title="bbox 296 630 1172 691">
     <span class='ocr_line' id='line_1_1' title="bbox 296 630 1172 691; baseline -0.022 1"><span class='ocrx_word' id='word_1_1' title='bbox 296 632 357 691; x_wconf 70' lang='lat' dir='ltr'><strong>tiu</strong></span> <span class='ocrx_word' id='word_1_2' title='bbox 632 636 673 683; x_wconf 82' lang='lat' dir='ltr'><strong>uu</strong></span> <span class='ocrx_word' id='word_1_3' title='bbox 696 634 796 681; x_wconf 79' lang='lat' dir='ltr'><strong>trusus</strong></span> <span class='ocrx_word' id='word_1_4' title='bbox 817 630 1039 679; x_wconf 72' lang='lat' dir='ltr'><strong>maturamus</strong></span> <span class='ocrx_word' id='word_1_5' title='bbox 1111 632 1128 675; x_wconf 88' lang='lat'><strong>·.</strong></span> <span class='ocrx_word' id='word_1_6' title='bbox 1168 668 1172 673; x_wconf 92' lang='lat'><strong>.</strong></span> 
     </span>
    </p>
   </div>
   <div class='ocr_carea' id='block_1_2' title="bbox 297 764 1369 1718">
    <p class='ocr_par' dir='ltr' id='par_1_2' title="bbox 297 764 1369 1718">
     <span class='ocr_line' id='line_1_2' title="bbox 297 764 1359 872; baseline -0.011 -21"><span class='ocrx_word' id='word_1_7' title='bbox 297 800 368 872; x_wconf 90' lang='lat' dir='ltr'><strong>que</strong></span> <span class='ocrx_word' id='word_1_8' title='bbox 388 782 644 871; x_wconf 77' lang='lat' dir='ltr'><strong>praecesserunt</strong></span> <span class='ocrx_word' id='word_1_9' title='bbox 663 780 725 842; x_wconf 91' lang='lat' dir='ltr'><strong>aut</strong></span> <span class='ocrx_word' id='word_1_10' title='bbox 745 766 883 861; x_wconf 90' lang='lat' dir='ltr'><strong>sequuti</strong></span> <span class='ocrx_word' id='word_1_11' title='bbox 903 776 985 837; x_wconf 90' lang='lat' dir='ltr'><strong>sunt</strong></span> <span class='ocrx_word' id='word_1_12' title='bbox 1002 774 1066 837; x_wconf 89' lang='lat' dir='ltr'><strong>aut</strong></span> <span class='ocrx_word' id='word_1_13' title='bbox 1081 784 1202 858; x_wconf 91' lang='lat' dir='ltr'><strong>usque</strong></span> <span class='ocrx_word' id='word_1_14' title='bbox 1223 764 1265 835; x_wconf 89' lang='lat' dir='ltr'><strong>in</strong></span> <span class='ocrx_word' id='word_1_15' title='bbox 1285 764 1359 839; x_wconf 85' lang='lat' dir='ltr'><strong>line</strong></span> 
     </span>
     <span class='ocr_line' id='line_1_3' title="bbox 300 886 1369 990; baseline -0.013 -17"><span class='ocrx_word' id='word_1_16' title='bbox 300 899 417 973; x_wconf 83' lang='lat' dir='ltr'><strong>saeculi</strong></span> <span class='ocrx_word' id='word_1_17' title='bbox 436 905 639 990; x_wconf 90' lang='lat' dir='ltr'><strong>sequentur,</strong></span> <span class='ocrx_word' id='word_1_18' title='bbox 653 893 772 964; x_wconf 88' lang='lat' dir='ltr'><strong>conler</strong></span> <span class='ocrx_word' id='word_1_19' title='bbox 789 890 849 961; x_wconf 93' lang='lat' dir='ltr'><strong>uni</strong></span> <span class='ocrx_word' id='word_1_20' title='bbox 866 886 1013 960; x_wconf 85' lang='lat' dir='ltr'><strong>Christo.</strong></span> <span class='ocrx_word' id='word_1_21' title='bbox 1026 886 1175 959; x_wconf 82' lang='lat' dir='ltr'>Videbis</span> <span class='ocrx_word' id='word_1_22' title='bbox 1194 888 1341 960; x_wconf 85' lang='lat' dir='ltr'><strong>elatalo</strong></span> <span class='ocrx_word' id='word_1_23' title='bbox 1368 923 1369 942; x_wconf 54' lang='grc' dir='ltr'>ι</span> 
     </span>
     <span class='ocr_line' id='line_1_4' title="bbox 300 1008 1369 1104; baseline -0.013 -11"><span class='ocrx_word' id='word_1_24' title='bbox 300 1020 363 1093; x_wconf 87' lang='lat' dir='ltr'><strong>sed</strong></span> <span class='ocrx_word' id='word_1_25' title='bbox 377 1020 445 1090; x_wconf 90' lang='lat' dir='ltr'><strong>iam</strong></span> <span class='ocrx_word' id='word_1_26' title='bbox 459 1017 573 1089; x_wconf 90' lang='lat' dir='ltr'><strong>inania</strong></span> <span class='ocrx_word' id='word_1_27' title='bbox 582 1013 776 1098; x_wconf 72' lang='lat' dir='ltr'><strong>nominant</strong></span> <span class='ocrx_word' id='word_1_28' title='bbox 786 1011 881 1104; x_wconf 91' lang='lat' dir='ltr'><strong>quod</strong></span> <span class='ocrx_word' id='word_1_29' title='bbox 894 1010 998 1083; x_wconf 83' lang='lat' dir='ltr'><strong>valde</strong></span> <span class='ocrx_word' id='word_1_30' title='bbox 1009 1030 1232 1103; x_wconf 83' lang='lat' dir='ltr'><strong>suspexeras</strong></span> <span class='ocrx_word' id='word_1_31' title='bbox 1246 1008 1369 1103; x_wconf 88' lang='lat' dir='ltr'><strong>cogni</strong></span> 
     </span>
     <span class='ocr_line' id='line_1_5' title="bbox 300 1127 1368 1227; baseline -0.011 -16"><span class='ocrx_word' id='word_1_32' title='bbox 300 1140 447 1211; x_wconf 87' lang='lat' dir='ltr'><strong>veritate</strong></span> <span class='ocrx_word' id='word_1_33' title='bbox 466 1136 648 1227; x_wconf 84' lang='lat' dir='ltr'><strong>despicies.</strong></span> <span class='ocrx_word' id='word_1_34' title='bbox 667 1131 789 1203; x_wconf 90' lang='lat' dir='ltr'><strong>Subito</strong></span> <span class='ocrx_word' id='word_1_35' title='bbox 807 1128 970 1225; x_wconf 84' lang='lat' dir='ltr'><strong>splendor</strong></span> <span class='ocrx_word' id='word_1_36' title='bbox 987 1130 1044 1201; x_wconf 91' lang='lat' dir='ltr'><strong>ille</strong></span> <span class='ocrx_word' id='word_1_37' title='bbox 1059 1127 1231 1215; x_wconf 77' lang='lat' dir='ltr'><strong>cessabit,</strong></span> <span class='ocrx_word' id='word_1_38' title='bbox 1248 1130 1321 1201; x_wconf 89' lang='lat' dir='ltr'><strong>nisi</strong></span> <span class='ocrx_word' id='word_1_39' title='bbox 1341 1162 1368 1192; x_wconf 70' lang='lat' dir='ltr'><strong>s·</strong></span> 
     </span>
     <span class='ocr_line' id='line_1_6' title="bbox 301 1249 1368 1347; baseline -0.007 -15"><span class='ocrx_word' id='word_1_40' title='bbox 301 1260 442 1332; x_wconf 84' lang='lat' dir='ltr'><strong>iustitiae</strong></span> <span class='ocrx_word' id='word_1_41' title='bbox 459 1256 618 1328; x_wconf 87' lang='lat' dir='ltr'><strong>Christus</strong></span> <span class='ocrx_word' id='word_1_42' title='bbox 632 1254 801 1336; x_wconf 85' lang='lat' dir='ltr'><strong>illuxerit;</strong></span> <span class='ocrx_word' id='word_1_43' title='bbox 818 1255 863 1326; x_wconf 89' lang='lat' dir='ltr'><strong>ad</strong></span> <span class='ocrx_word' id='word_1_44' title='bbox 880 1249 975 1347; x_wconf 90' lang='lat' dir='ltr'><strong>quod</strong></span> <span class='ocrx_word' id='word_1_45' title='bbox 986 1249 1206 1326; x_wconf 88' lang='lat' dir='ltr'><strong>credendum</strong></span> <span class='ocrx_word' id='word_1_46' title='bbox 1217 1254 1368 1347; x_wconf 81' lang='lat' dir='ltr'><strong>quamvi</strong></span> 
     </span>
     <span class='ocr_line' id='line_1_7' title="bbox 303 1374 1369 1459; baseline -0.005 -5"><span class='ocrx_word' id='word_1_47' title='bbox 303 1404 371 1454; x_wconf 92' lang='lat' dir='ltr'><strong>non</strong></span> <span class='ocrx_word' id='word_1_48' title='bbox 384 1382 432 1451; x_wconf 90' lang='lat' dir='ltr'><strong>sis</strong></span> <span class='ocrx_word' id='word_1_49' title='bbox 446 1378 698 1459; x_wconf 85' lang='lat' dir='ltr'><strong>exhortandus,</strong></span> <span class='ocrx_word' id='word_1_50' title='bbox 714 1387 753 1448; x_wconf 90' lang='lat' dir='ltr'><strong>ut</strong></span> <span class='ocrx_word' id='word_1_51' title='bbox 773 1387 889 1448; x_wconf 91' lang='lat' dir='ltr'><strong>tamen</strong></span> <span class='ocrx_word' id='word_1_52' title='bbox 906 1376 1064 1448; x_wconf 91' lang='lat' dir='ltr'><strong>securius</strong></span> <span class='ocrx_word' id='word_1_53' title='bbox 1082 1374 1207 1447; x_wconf 89' lang='lat' dir='ltr'><strong>maiori</strong></span> <span class='ocrx_word' id='word_1_54' title='bbox 1224 1374 1332 1449; x_wconf 88' lang='lat' dir='ltr'><strong>lidec</strong></span> <span class='ocrx_word' id='word_1_55' title='bbox 1359 1411 1369 1440; x_wconf 58' lang='grc' dir='ltr'><strong>ιῚ</strong></span> 
     </span>
     <span class='ocr_line' id='line_1_8' title="bbox 302 1497 1363 1594; baseline -0.014 -17"><span class='ocrx_word' id='word_1_56' title='bbox 302 1507 367 1577; x_wconf 91' lang='lat' dir='ltr'><strong>das</strong></span> <span class='ocrx_word' id='word_1_57' title='bbox 390 1504 491 1574; x_wconf 91' lang='lat' dir='ltr'><strong>velim</strong></span> <span class='ocrx_word' id='word_1_58' title='bbox 512 1501 677 1594; x_wconf 75' lang='lat' dir='ltr'><strong>cogitanti</strong></span> <span class='ocrx_word' id='word_1_59' title='bbox 698 1499 758 1570; x_wconf 91' lang='lat' dir='ltr'><strong>tibi</strong></span> <span class='ocrx_word' id='word_1_60' title='bbox 777 1500 821 1571; x_wconf 95' lang='lat' dir='ltr'><strong>de</strong></span> <span class='ocrx_word' id='word_1_61' title='bbox 848 1500 913 1571; x_wconf 91' lang='lat' dir='ltr'><strong>bac</strong></span> <span class='ocrx_word' id='word_1_62' title='bbox 932 1520 970 1569; x_wconf 88' lang='lat' dir='ltr'><strong>re</strong></span> <span class='ocrx_word' id='word_1_63' title='bbox 983 1497 1028 1570; x_wconf 88' lang='lat' dir='ltr'><strong>ad</strong></span> <span class='ocrx_word' id='word_1_64' title='bbox 1041 1500 1251 1571; x_wconf 82' lang='lat' dir='ltr'><strong>memoriam</strong></span> <span class='ocrx_word' id='word_1_65' title='bbox 1294 1531 1363 1564; x_wconf 51' lang='grc' dir='ltr'><strong>’.ιι</strong></span> 
     </span>
     <span class='ocr_line' id='line_1_9' title="bbox 304 1618 1369 1718; baseline -0.003 -22"><span class='ocrx_word' id='word_1_66' title='bbox 304 1629 359 1699; x_wconf 88' lang='lat' dir='ltr'><strong>ille</strong></span> <span class='ocrx_word' id='word_1_67' title='bbox 378 1623 501 1718; x_wconf 85' lang='lat' dir='ltr'><strong>psalmi</strong></span> <span class='ocrx_word' id='word_1_68' title='bbox 521 1625 632 1694; x_wconf 89' lang='lat' dir='ltr'><strong>locus:</strong></span> <span class='ocrx_word' id='word_1_69' title='bbox 644 1621 768 1691; x_wconf 79' lang='lat' dir='ltr'><strong>absorti</strong></span> <span class='ocrx_word' id='word_1_70' title='bbox 782 1633 860 1691; x_wconf 76' lang='lat' dir='ltr'><strong>sarit</strong></span> <span class='ocrx_word' id='word_1_71' title='bbox 876 1622 984 1691; x_wconf 81' lang='lat' dir='ltr'><strong>iuncti</strong></span> <span class='ocrx_word' id='word_1_72' title='bbox 993 1632 1098 1713; x_wconf 85' lang='lat' dir='ltr'><strong>petroe</strong></span> <span class='ocrx_word' id='word_1_73' title='bbox 1111 1618 1238 1691; x_wconf 78' lang='lat' dir='ltr'><strong>iudices</strong></span> <span class='ocrx_word' id='word_1_74' title='bbox 1255 1644 1336 1693; x_wconf 85' lang='lat' dir='ltr'><strong>eoru</strong></span> <span class='ocrx_word' id='word_1_75' title='bbox 1368 1661 1369 1672; x_wconf 29' lang='grc' dir='ltr'>ι</span> 
     </span>
    </p>
   </div>
   <div class='ocr_carea' id='block_1_3' title="bbox 303 1742 1361 1937">
    <p class='ocr_par' dir='ltr' id='par_1_3' title="bbox 303 1742 1361 1937">
     <span class='ocr_line' id='line_1_10' title="bbox 305 1742 1342 1837; baseline -0.007 -17"><span class='ocrx_word' id='word_1_76' title='bbox 305 1751 380 1821; x_wconf 88' lang='lat' dir='ltr'><strong>sive</strong></span> <span class='ocrx_word' id='word_1_77' title='bbox 394 1758 432 1819; x_wconf 91' lang='lat' dir='ltr'><strong>ut</strong></span> <span class='ocrx_word' id='word_1_78' title='bbox 451 1745 632 1817; x_wconf 80' lang='lat' dir='ltr'><strong>translatio</strong></span> <span class='ocrx_word' id='word_1_79' title='bbox 649 1753 753 1815; x_wconf 88' lang='lat' dir='ltr'><strong>vetus</strong></span> <span class='ocrx_word' id='word_1_80' title='bbox 770 1742 890 1815; x_wconf 84' lang='lat' dir='ltr'><strong>habet:</strong></span> <span class='ocrx_word' id='word_1_81' title='bbox 904 1744 1026 1813; x_wconf 83' lang='lat' dir='ltr'><strong>absorti</strong></span> <span class='ocrx_word' id='word_1_82' title='bbox 1040 1754 1119 1813; x_wconf 80' lang='lat' dir='ltr'><strong>suot</strong></span> <span class='ocrx_word' id='word_1_83' title='bbox 1135 1743 1239 1813; x_wconf 73' lang='lat' dir='ltr'><strong>iacto</strong></span> <span class='ocrx_word' id='word_1_84' title='bbox 1251 1756 1342 1837; x_wconf 80' lang='lat' dir='ltr'><strong>petr</strong></span> 
     </span>
     <span class='ocr_line' id='line_1_11' title="bbox 303 1860 1361 1937; baseline -0.003 -1"><span class='ocrx_word' id='word_1_85' title='bbox 303 1863 426 1937; x_wconf 81' lang='lat' dir='ltr'><strong>iudices</strong></span> <span class='ocrx_word' id='word_1_86' title='bbox 451 1885 573 1933; x_wconf 82' lang='lat' dir='ltr'><strong>eorum.</strong></span> <span class='ocrx_word' id='word_1_87' title='bbox 601 1863 702 1934; x_wconf 88' lang='lat' dir='ltr'><strong>Petra</strong></span> <span class='ocrx_word' id='word_1_88' title='bbox 727 1871 843 1933; x_wconf 86' lang='lat' dir='ltr'><strong>autem</strong></span> <span class='ocrx_word' id='word_1_89' title='bbox 870 1870 909 1930; x_wconf 92' lang='lat' dir='ltr'><strong>ut</strong></span> <span class='ocrx_word' id='word_1_90' title='bbox 939 1860 1103 1931; x_wconf 87' lang='lat' dir='ltr'><strong>novimus</strong></span> <span class='ocrx_word' id='word_1_91' title='bbox 1130 1860 1298 1935; x_wconf 87' lang='lat' dir='ltr'><strong>Christus</strong></span> <span class='ocrx_word' id='word_1_92' title='bbox 1319 1882 1361 1935; x_wconf 86' lang='lat' dir='ltr'><strong>es</strong></span> 
     </span>
    </p>
   </div>
   <div class='ocr_carea' id='block_1_4' title="bbox 304 1981 1369 2688">
    <p class='ocr_par' dir='ltr' id='par_1_4' title="bbox 304 1981 1369 2688">
     <span class='ocr_line' id='line_1_12' title="bbox 304 1981 1358 2080; baseline -0.003 -22"><span class='ocrx_word' id='word_1_93' title='bbox 304 1988 424 2080; x_wconf 88' lang='lat' dir='ltr'><strong>ltaque</strong></span> <span class='ocrx_word' id='word_1_94' title='bbox 441 1988 552 2057; x_wconf 92' lang='lat' dir='ltr'><strong>locum</strong></span> <span class='ocrx_word' id='word_1_95' title='bbox 572 1986 666 2056; x_wconf 91' lang='lat' dir='ltr'><strong>illum</strong></span> <span class='ocrx_word' id='word_1_96' title='bbox 683 2003 865 2077; x_wconf 87' lang='lat' dir='ltr'><strong>exponens</strong></span> <span class='ocrx_word' id='word_1_97' title='bbox 890 1981 1151 2073; x_wconf 77' lang='lat' dir='ltr'><strong>Augustinus«</strong></span> <span class='ocrx_word' id='word_1_98' title='bbox 1176 1992 1251 2055; x_wconf 87' lang='lat' dir='ltr'><strong>tota</strong></span> <span class='ocrx_word' id='word_1_99' title='bbox 1276 1994 1330 2057; x_wconf 87' lang='lat' dir='ltr'><strong>ter</strong></span> <span class='ocrx_word' id='word_1_100' title='bbox 1355 2019 1358 2044; x_wconf 68' lang='grc' dir='ltr'>ε</span> 
     </span>
     <span class='ocr_line' id='line_1_13' title="bbox 309 2104 1360 2200; baseline 0.006 -27"><span class='ocrx_word' id='word_1_101' title='bbox 309 2138 325 2173; x_wconf 70' lang='lat' dir='ltr'><strong>i</strong></span> <span class='ocrx_word' id='word_1_102' title='bbox 353 2110 477 2200; x_wconf 89' lang='lat' dir='ltr'><strong>inquit,</strong></span> <span class='ocrx_word' id='word_1_103' title='bbox 495 2129 516 2179; x_wconf 90' lang='lat' dir='ltr'><strong>a</strong></span> <span class='ocrx_word' id='word_1_104' title='bbox 534 2110 616 2179; x_wconf 91' lang='lat' dir='ltr'><strong>solis</strong></span> <span class='ocrx_word' id='word_1_105' title='bbox 630 2117 709 2180; x_wconf 89' lang='lat' dir='ltr'><strong>ortu</strong></span> <span class='ocrx_word' id='word_1_106' title='bbox 723 2127 836 2199; x_wconf 89' lang='lat' dir='ltr'><strong>usque</strong></span> <span class='ocrx_word' id='word_1_107' title='bbox 853 2104 899 2177; x_wconf 91' lang='lat' dir='ltr'><strong>ad</strong></span> <span class='ocrx_word' id='word_1_108' title='bbox 912 2124 1080 2185; x_wconf 83' lang='lat' dir='ltr'><strong>,occasum</strong></span> <span class='ocrx_word' id='word_1_109' title='bbox 1098 2104 1242 2179; x_wconf 90' lang='lat' dir='ltr'><strong>laudate</strong></span> <span class='ocrx_word' id='word_1_110' title='bbox 1259 2128 1360 2180; x_wconf 89' lang='lat' dir='ltr'><strong>nome</strong></span> 
     </span>
     <span class='ocr_line' id='line_1_14' title="bbox 308 2227 1365 2320; baseline 0.011 -29"><span class='ocrx_word' id='word_1_111' title='bbox 308 2256 324 2291; x_wconf 71' lang='grc' dir='ltr'>ι</span> <span class='ocrx_word' id='word_1_112' title='bbox 353 2228 504 2299; x_wconf 88' lang='lat' dir='ltr'><strong>Domini:</strong></span> <span class='ocrx_word' id='word_1_113' title='bbox 519 2229 610 2311; x_wconf 86' lang='lat' dir='ltr'><strong>Quid</strong></span> <span class='ocrx_word' id='word_1_114' title='bbox 623 2229 752 2301; x_wconf 83' lang='lat' dir='ltr'><strong>iaciunt</strong></span> <span class='ocrx_word' id='word_1_115' title='bbox 768 2228 868 2320; x_wconf 92' lang='lat' dir='ltr'><strong>pauci</strong></span> <span class='ocrx_word' id='word_1_116' title='bbox 880 2228 979 2299; x_wconf 89' lang='lat' dir='ltr'><strong>aliter</strong></span> <span class='ocrx_word' id='word_1_117' title='bbox 995 2227 1241 2318; x_wconf 84' lang='lat' dir='ltr'><strong>disputantes?</strong></span> <span class='ocrx_word' id='word_1_118' title='bbox 1254 2230 1365 2303; x_wconf 80' lang='lat' dir='ltr'><strong>iudice</strong></span> 
     </span>
     <span class='ocr_line' id='line_1_15' title="bbox 310 2349 1355 2447; baseline 0.005 -27"><span class='ocrx_word' id='word_1_119' title='bbox 310 2379 324 2413; x_wconf 80' lang='lat' dir='ltr'><strong>r</strong></span> <span class='ocrx_word' id='word_1_120' title='bbox 354 2359 436 2420; x_wconf 90' lang='lat' dir='ltr'><strong>sunt</strong></span> <span class='ocrx_word' id='word_1_121' title='bbox 456 2350 652 2444; x_wconf 90' lang='lat' dir='ltr'><strong>impiorum.</strong></span> <span class='ocrx_word' id='word_1_122' title='bbox 671 2351 741 2422; x_wconf 83' lang='lat' dir='ltr'><strong>Sed</strong></span> <span class='ocrx_word' id='word_1_123' title='bbox 761 2351 845 2443; x_wconf 90' lang='lat' dir='ltr'><strong>quid</strong></span> <span class='ocrx_word' id='word_1_124' title='bbox 867 2351 911 2421; x_wconf 88' lang='lat' dir='ltr'><strong>ad</strong></span> <span class='ocrx_word' id='word_1_125' title='bbox 933 2352 987 2422; x_wconf 84' lang='lat' dir='ltr'><strong>te‘l</strong></span> <span class='ocrx_word' id='word_1_126' title='bbox 1006 2349 1088 2421; x_wconf 84' lang='lat' dir='ltr'><strong>vide</strong></span> <span class='ocrx_word' id='word_1_127' title='bbox 1108 2350 1195 2443; x_wconf 91' lang='lat' dir='ltr'><strong>quid</strong></span> <span class='ocrx_word' id='word_1_128' title='bbox 1215 2355 1355 2447; x_wconf 89' lang='lat' dir='ltr'><strong>sequitu</strong></span> 
     </span>
     <span class='ocr_line' id='line_1_16' title="bbox 311 2471 1364 2565; baseline 0.005 -21"><span class='ocrx_word' id='word_1_129' title='bbox 311 2501 327 2536; x_wconf 76' lang='lat' dir='ltr'><strong>r</strong></span> <span class='ocrx_word' id='word_1_130' title='bbox 355 2472 495 2546; x_wconf 90' lang='lat' dir='ltr'><strong>Absorti</strong></span> <span class='ocrx_word' id='word_1_131' title='bbox 510 2484 592 2544; x_wconf 92' lang='lat' dir='ltr'><strong>sunt</strong></span> <span class='ocrx_word' id='word_1_132' title='bbox 604 2471 701 2543; x_wconf 85' lang='lat' dir='ltr'><strong>iuxta</strong></span> <span class='ocrx_word' id='word_1_133' title='bbox 714 2480 848 2565; x_wconf 87' lang='lat' dir='ltr'><strong>petram</strong></span> <span class='ocrx_word' id='word_1_134' title='bbox 862 2471 995 2543; x_wconf 85' lang='lat' dir='ltr'><strong>iudices</strong></span> <span class='ocrx_word' id='word_1_135' title='bbox 1007 2494 1139 2543; x_wconf 87' lang='lat' dir='ltr'><strong>eorum.</strong></span> <span class='ocrx_word' id='word_1_136' title='bbox 1151 2474 1258 2547; x_wconf 84' lang='lat' dir='ltr'><strong>Petra</strong></span> <span class='ocrx_word' id='word_1_137' title='bbox 1270 2488 1364 2549; x_wconf 88' lang='lat' dir='ltr'><strong>aute</strong></span> 
     </span>
     <span class='ocr_line' id='line_1_17' title="bbox 313 2592 1369 2688; baseline 0.009 -27"><span class='ocrx_word' id='word_1_138' title='bbox 313 2626 328 2661; x_wconf 74' lang='lat' dir='ltr'><strong>s</strong></span> <span class='ocrx_word' id='word_1_139' title='bbox 356 2607 433 2669; x_wconf 90' lang='lat' dir='ltr'><strong>erat</strong></span> <span class='ocrx_word' id='word_1_140' title='bbox 449 2596 618 2667; x_wconf 84' lang='lat' dir='ltr'><strong>Christus.</strong></span> <span class='ocrx_word' id='word_1_141' title='bbox 636 2592 776 2664; x_wconf 82' lang='lat' dir='ltr'><strong>Absenti</strong></span> <span class='ocrx_word' id='word_1_142' title='bbox 796 2604 878 2664; x_wconf 91' lang='lat' dir='ltr'><strong>sunt</strong></span> <span class='ocrx_word' id='word_1_143' title='bbox 895 2593 992 2665; x_wconf 90' lang='lat' dir='ltr'><strong>iuxta</strong></span> <span class='ocrx_word' id='word_1_144' title='bbox 1010 2604 1159 2688; x_wconf 88' lang='lat' dir='ltr'><strong>petram:</strong></span> <span class='ocrx_word' id='word_1_145' title='bbox 1178 2596 1281 2669; x_wconf 89' lang='lat' dir='ltr'><strong>iuxta</strong></span> <span class='ocrx_word' id='word_1_146' title='bbox 1298 2598 1345 2671; x_wconf 94' lang='lat' dir='ltr'><strong>id</strong></span> <span class='ocrx_word' id='word_1_147' title='bbox 1360 2629 1369 2642; x_wconf 67' lang='lat'><strong>.</strong></span> 
     </span>
    </p>
   </div>
   <div class='ocr_carea' id='block_1_5' title="bbox 313 2715 1369 2925">
    <p class='ocr_par' dir='ltr' id='par_1_5' title="bbox 313 2715 1369 2925">
     <span class='ocr_line' id='line_1_18' title="bbox 313 2715 1368 2812; baseline -0.002 -19"><span class='ocrx_word' id='word_1_148' title='bbox 313 2748 328 2779; x_wconf 74' lang='lat' dir='ltr'><strong>a</strong></span> <span class='ocrx_word' id='word_1_149' title='bbox 357 2719 543 2811; x_wconf 86' lang='lat' dir='ltr'><strong>comparati</strong></span> <span class='ocrx_word' id='word_1_150' title='bbox 561 2716 693 2789; x_wconf 86' lang='lat' dir='ltr'><strong>iudices</strong></span> <span class='ocrx_word' id='word_1_151' title='bbox 711 2715 842 2805; x_wconf 81' lang='lat' dir='ltr'><strong>magni,</strong></span> <span class='ocrx_word' id='word_1_152' title='bbox 863 2725 1036 2810; x_wconf 88' lang='lat' dir='ltr'><strong>potentes,</strong></span> <span class='ocrx_word' id='word_1_153' title='bbox 1057 2715 1161 2788; x_wconf 91' lang='lat' dir='ltr'><strong>docti.</strong></span> <span class='ocrx_word' id='word_1_154' title='bbox 1179 2718 1251 2812; x_wconf 91' lang='lat' dir='ltr'><strong>Ipsi</strong></span> <span class='ocrx_word' id='word_1_155' title='bbox 1268 2720 1368 2794; x_wconf 92' lang='lat' dir='ltr'><strong>dicun</strong></span> 
     </span>
     <span class='ocr_line' id='line_1_19' title="bbox 314 2830 1369 2925; baseline 0 -25"><span class='ocrx_word' id='word_1_156' title='bbox 314 2866 329 2900; x_wconf 87' lang='lat'>»</span> <span class='ocrx_word' id='word_1_157' title='bbox 359 2849 413 2907; x_wconf 90' lang='lat' dir='ltr'><strong>tur</strong></span> <span class='ocrx_word' id='word_1_158' title='bbox 426 2834 557 2906; x_wconf 86' lang='lat' dir='ltr'><strong>iudices</strong></span> <span class='ocrx_word' id='word_1_159' title='bbox 571 2854 705 2915; x_wconf 84' lang='lat' dir='ltr'><strong>eorum,</strong></span> <span class='ocrx_word' id='word_1_160' title='bbox 725 2844 889 2925; x_wconf 91' lang='lat' dir='ltr'><strong>tanquam</strong></span> <span class='ocrx_word' id='word_1_161' title='bbox 907 2830 1100 2903; x_wconf 90' lang='lat' dir='ltr'><strong>iudicantes</strong></span> <span class='ocrx_word' id='word_1_162' title='bbox 1110 2830 1155 2903; x_wconf 91' lang='lat' dir='ltr'><strong>de</strong></span> <span class='ocrx_word' id='word_1_163' title='bbox 1166 2836 1340 2920; x_wconf 90' lang='lat' dir='ltr'><strong>moribus,</strong></span> <span class='ocrx_word' id='word_1_164' title='bbox 1360 2869 1369 2900; x_wconf 88' lang='lat'><strong>·.</strong></span> 
     </span>
    </p>
   </div>
   <div class='ocr_carea' id='block_1_6' title="bbox 314 2953 1369 4515">
    <p class='ocr_par' dir='ltr' id='par_1_6' title="bbox 314 2953 1369 4275">
     <span class='ocr_line' id='line_1_20' title="bbox 314 2953 1367 3049; baseline 0.007 -26"><span class='ocrx_word' id='word_1_165' title='bbox 314 2990 329 3023; x_wconf 73' lang='lat' dir='ltr'><strong>r</strong></span> <span class='ocrx_word' id='word_1_166' title='bbox 359 2958 564 3031; x_wconf 87' lang='lat' dir='ltr'><strong>sententiam</strong></span> <span class='ocrx_word' id='word_1_167' title='bbox 581 2955 907 3049; x_wconf 80' lang='lat' dir='ltr'><strong>proterentesuixit</strong></span> <span class='ocrx_word' id='word_1_168' title='bbox 920 2954 986 3025; x_wconf 88' lang='lat' dir='ltr'><strong>boc</strong></span> <span class='ocrx_word' id='word_1_169' title='bbox 998 2953 1221 3039; x_wconf 86' lang='lat' dir='ltr'><strong>Aristoteles;</strong></span> <span class='ocrx_word' id='word_1_170' title='bbox 1235 2959 1367 3044; x_wconf 86' lang='lat' dir='ltr'><strong>adiun</strong></span> 
     </span>
     <span class='ocr_line' id='line_1_21' title="bbox 315 3077 1359 3176; baseline 0.008 -29"><span class='ocrx_word' id='word_1_171' title='bbox 315 3112 330 3147; x_wconf 72' lang='lat' dir='ltr'><strong>n</strong></span> <span class='ocrx_word' id='word_1_172' title='bbox 359 3083 453 3154; x_wconf 88' lang='lat' dir='ltr'><strong>illum</strong></span> <span class='ocrx_word' id='word_1_173' title='bbox 482 3090 591 3176; x_wconf 82' lang='lat' dir='ltr'><strong>petrae</strong></span> <span class='ocrx_word' id='word_1_174' title='bbox 615 3091 651 3151; x_wconf 86' lang='lat' dir='ltr'><strong>ot</strong></span> <span class='ocrx_word' id='word_1_175' title='bbox 670 3077 834 3150; x_wconf 91' lang='lat' dir='ltr'><strong>absortus</strong></span> <span class='ocrx_word' id='word_1_176' title='bbox 860 3088 925 3148; x_wconf 90' lang='lat' dir='ltr'><strong>cst.</strong></span> <span class='ocrx_word' id='word_1_177' title='bbox 953 3077 1043 3160; x_wconf 83' lang='lat' dir='ltr'><strong>Quid</strong></span> <span class='ocrx_word' id='word_1_178' title='bbox 1068 3089 1125 3149; x_wconf 89' lang='lat' dir='ltr'><strong>est</strong></span> <span class='ocrx_word' id='word_1_179' title='bbox 1149 3078 1359 3155; x_wconf 85' lang='lat' dir='ltr'><strong>Aristoteles</strong></span> 
     </span>
     <span class='ocr_line' id='line_1_22' title="bbox 316 3198 1369 3293; baseline 0.003 -22"><span class='ocrx_word' id='word_1_180' title='bbox 316 3236 331 3271; x_wconf 74' lang='lat' dir='ltr'><strong>r</strong></span> <span class='ocrx_word' id='word_1_181' title='bbox 360 3204 500 3285; x_wconf 86' lang='lat' dir='ltr'><strong>Audiat,</strong></span> <span class='ocrx_word' id='word_1_182' title='bbox 518 3203 608 3281; x_wconf 84' lang='lat' dir='ltr'><strong>dixit</strong></span> <span class='ocrx_word' id='word_1_183' title='bbox 627 3201 802 3282; x_wconf 87' lang='lat' dir='ltr'><strong>Christus,</strong></span> <span class='ocrx_word' id='word_1_184' title='bbox 823 3208 858 3270; x_wconf 91' lang='lat' dir='ltr'><strong>et</strong></span> <span class='ocrx_word' id='word_1_185' title='bbox 877 3199 969 3293; x_wconf 88' lang='lat' dir='ltr'><strong>apud</strong></span> <span class='ocrx_word' id='word_1_186' title='bbox 991 3198 1118 3270; x_wconf 81' lang='lat' dir='ltr'><strong>interos</strong></span> <span class='ocrx_word' id='word_1_187' title='bbox 1138 3204 1369 3277; x_wconf 89' lang='lat' dir='ltr'><strong>contremisci</strong></span> 
     </span>
     <span class='ocr_line' id='line_1_23' title="bbox 316 3321 1367 3417; baseline 0.013 -32"><span class='ocrx_word' id='word_1_188' title='bbox 316 3352 330 3385; x_wconf 70' lang='lat' dir='ltr'><strong>i</strong></span> <span class='ocrx_word' id='word_1_189' title='bbox 359 3324 453 3393; x_wconf 84' lang='lat' dir='ltr'><strong>Dixit</strong></span> <span class='ocrx_word' id='word_1_190' title='bbox 468 3322 532 3391; x_wconf 86' lang='lat' dir='ltr'><strong>lroc</strong></span> <span class='ocrx_word' id='word_1_191' title='bbox 551 3322 782 3415; x_wconf 78' lang='lat' dir='ltr'><strong>Pythagoras,</strong></span> <span class='ocrx_word' id='word_1_192' title='bbox 805 3321 896 3393; x_wconf 92' lang='lat' dir='ltr'><strong>dixit</strong></span> <span class='ocrx_word' id='word_1_193' title='bbox 916 3321 981 3394; x_wconf 86' lang='lat' dir='ltr'><strong>lroc</strong></span> <span class='ocrx_word' id='word_1_194' title='bbox 1000 3324 1111 3395; x_wconf 90' lang='lat' dir='ltr'><strong>Plato:</strong></span> <span class='ocrx_word' id='word_1_195' title='bbox 1135 3324 1292 3417; x_wconf 86' lang='lat' dir='ltr'><strong>adiunge</strong></span> <span class='ocrx_word' id='word_1_196' title='bbox 1311 3326 1367 3399; x_wconf 91' lang='lat' dir='ltr'><strong>illo</strong></span> 
     </span>
     <span class='ocr_line' id='line_1_24' title="bbox 317 3443 1363 3535; baseline 0.01 -26"><span class='ocrx_word' id='word_1_197' title='bbox 317 3475 333 3509; x_wconf 75' lang='lat' dir='ltr'><strong>n</strong></span> <span class='ocrx_word' id='word_1_198' title='bbox 363 3452 480 3535; x_wconf 79' lang='lat' dir='ltr'><strong>petras,</strong></span> <span class='ocrx_word' id='word_1_199' title='bbox 495 3464 656 3535; x_wconf 86' lang='lat' dir='ltr'><strong>compara</strong></span> <span class='ocrx_word' id='word_1_200' title='bbox 670 3443 908 3516; x_wconf 90' lang='lat' dir='ltr'><strong>auctoritatem</strong></span> <span class='ocrx_word' id='word_1_201' title='bbox 923 3446 1056 3516; x_wconf 85' lang='lat' dir='ltr'><strong>illorum</strong></span> <span class='ocrx_word' id='word_1_202' title='bbox 1070 3446 1268 3518; x_wconf 85' lang='lat' dir='ltr'><strong>auctoritati</strong></span> <span class='ocrx_word' id='word_1_203' title='bbox 1281 3470 1363 3521; x_wconf 84' lang='lat' dir='ltr'><strong>eva</strong></span> 
     </span>
     <span class='ocr_line' id='line_1_25' title="bbox 317 3564 1363 3660; baseline 0.008 -25"><span class='ocrx_word' id='word_1_204' title='bbox 317 3606 332 3635; x_wconf 67' lang='lat' dir='ltr'><strong>r·</strong></span> <span class='ocrx_word' id='word_1_205' title='bbox 361 3564 494 3660; x_wconf 72' lang='lat' dir='ltr'><strong>gedera,</strong></span> <span class='ocrx_word' id='word_1_206' title='bbox 513 3586 673 3659; x_wconf 86' lang='lat' dir='ltr'><strong>compara</strong></span> <span class='ocrx_word' id='word_1_207' title='bbox 691 3566 825 3640; x_wconf 87' lang='lat' dir='ltr'><strong>inllatos</strong></span> <span class='ocrx_word' id='word_1_208' title='bbox 844 3565 1028 3637; x_wconf 82' lang='lat' dir='ltr'><strong>Crucifixo.</strong></span> <span class='ocrx_word' id='word_1_209' title='bbox 1046 3568 1211 3641; x_wconf 88' lang='lat' dir='ltr'><strong>Dicamus</strong></span> <span class='ocrx_word' id='word_1_210' title='bbox 1231 3571 1303 3655; x_wconf 89' lang='lat' dir='ltr'><strong>eis;</strong></span> <span class='ocrx_word' id='word_1_211' title='bbox 1324 3594 1363 3643; x_wconf 83' lang='lat' dir='ltr'><strong>v·</strong></span> 
     </span>
     <span class='ocr_line' id='line_1_26' title="bbox 317 3687 1357 3784; baseline 0.009 -28"><span class='ocrx_word' id='word_1_212' title='bbox 317 3723 333 3756; x_wconf 71' lang='lat' dir='ltr'><strong>s</strong></span> <span class='ocrx_word' id='word_1_213' title='bbox 361 3692 640 3761; x_wconf 84' lang='lat' dir='ltr'><strong>litterasvestras</strong></span> <span class='ocrx_word' id='word_1_214' title='bbox 652 3687 907 3780; x_wconf 87' lang='lat' dir='ltr'><strong>conscripsistis</strong></span> <span class='ocrx_word' id='word_1_215' title='bbox 922 3688 956 3757; x_wconf 88' lang='lat' dir='ltr'><strong>ia</strong></span> <span class='ocrx_word' id='word_1_216' title='bbox 969 3690 1132 3762; x_wconf 89' lang='lat' dir='ltr'><strong>cordibus</strong></span> <span class='ocrx_word' id='word_1_217' title='bbox 1143 3692 1357 3784; x_wconf 87' lang='lat' dir='ltr'><strong>superboru</strong></span> 
     </span>
     <span class='ocr_line' id='line_1_27' title="bbox 316 3808 1366 3904; baseline 0.001 -20"><span class='ocrx_word' id='word_1_218' title='bbox 316 3842 332 3875; x_wconf 80' lang='lat' dir='ltr'><strong>n</strong></span> <span class='ocrx_word' id='word_1_219' title='bbox 362 3814 422 3884; x_wconf 90' lang='lat' dir='ltr'><strong>lllc</strong></span> <span class='ocrx_word' id='word_1_220' title='bbox 442 3833 580 3882; x_wconf 84' lang='lat' dir='ltr'><strong>crucem</strong></span> <span class='ocrx_word' id='word_1_221' title='bbox 600 3832 698 3882; x_wconf 87' lang='lat' dir='ltr'><strong>suam</strong></span> <span class='ocrx_word' id='word_1_222' title='bbox 721 3808 797 3879; x_wconf 83' lang='lat' dir='ltr'><strong>fixit</strong></span> <span class='ocrx_word' id='word_1_223' title='bbox 815 3809 849 3878; x_wconf 92' lang='lat' dir='ltr'><strong>in</strong></span> <span class='ocrx_word' id='word_1_224' title='bbox 866 3810 1030 3883; x_wconf 85' lang='lat' dir='ltr'><strong>cordibus</strong></span> <span class='ocrx_word' id='word_1_225' title='bbox 1052 3834 1185 3904; x_wconf 89' lang='lat' dir='ltr'><strong>regum.</strong></span> <span class='ocrx_word' id='word_1_226' title='bbox 1207 3814 1366 3887; x_wconf 89' lang='lat' dir='ltr'><strong>Postrem</strong></span> 
     </span>
     <span class='ocr_line' id='line_1_28' title="bbox 319 3933 1369 4030; baseline -0.002 -20"><span class='ocrx_word' id='word_1_227' title='bbox 319 3966 333 3999; x_wconf 77' lang='grc' dir='ltr'><strong>ιι</strong></span> <span class='ocrx_word' id='word_1_228' title='bbox 361 3947 520 4010; x_wconf 85' lang='lat' dir='ltr'><strong>mortuus</strong></span> <span class='ocrx_word' id='word_1_229' title='bbox 536 3942 592 4005; x_wconf 91' lang='lat' dir='ltr'><strong>cst</strong></span> <span class='ocrx_word' id='word_1_230' title='bbox 610 3942 647 4002; x_wconf 89' lang='lat' dir='ltr'><strong>et</strong></span> <span class='ocrx_word' id='word_1_231' title='bbox 666 3933 871 4004; x_wconf 88' lang='lat' dir='ltr'><strong>resurrexit:</strong></span> <span class='ocrx_word' id='word_1_232' title='bbox 890 3935 1015 4005; x_wconf 91' lang='lat' dir='ltr'><strong>mortui</strong></span> <span class='ocrx_word' id='word_1_233' title='bbox 1035 3934 1122 4005; x_wconf 89' lang='lat' dir='ltr'><strong>estis</strong></span> <span class='ocrx_word' id='word_1_234' title='bbox 1138 3945 1175 4005; x_wconf 90' lang='lat' dir='ltr'><strong>et</strong></span> <span class='ocrx_word' id='word_1_235' title='bbox 1193 3937 1276 4007; x_wconf 91' lang='lat' dir='ltr'><strong>nolo</strong></span> <span class='ocrx_word' id='word_1_236' title='bbox 1291 3958 1369 4030; x_wconf 60' lang='lat' dir='ltr'><strong>quc</strong></span> 
     </span>
     <span class='ocr_line' id='line_1_29' title="bbox 319 4053 1366 4152; baseline -0.001 -23"><span class='ocrx_word' id='word_1_237' title='bbox 319 4082 438 4130; x_wconf 76' lang='lat' dir='ltr'><strong>»rer-o</strong></span> <span class='ocrx_word' id='word_1_238' title='bbox 463 4053 758 4152; x_wconf 89' lang='lat' dir='ltr'><strong>quemadmodum</strong></span> <span class='ocrx_word' id='word_1_239' title='bbox 787 4058 988 4146; x_wconf 77' lang='lat' dir='ltr'><strong>resurgatis.</strong></span> <span class='ocrx_word' id='word_1_240' title='bbox 1015 4058 1109 4149; x_wconf 87' lang='lat' dir='ltr'><strong>Ergo</strong></span> <span class='ocrx_word' id='word_1_241' title='bbox 1141 4055 1273 4128; x_wconf 85' lang='lat' dir='ltr'><strong>absorti</strong></span> <span class='ocrx_word' id='word_1_242' title='bbox 1309 4080 1366 4129; x_wconf 97' lang='lat' dir='ltr'><strong>su</strong></span> 
     </span>
     <span class='ocr_line' id='line_1_30' title="bbox 318 4178 1349 4275; baseline 0.008 -32"><span class='ocrx_word' id='word_1_243' title='bbox 318 4208 334 4243; x_wconf 75' lang='lat' dir='ltr'><strong>r</strong></span> <span class='ocrx_word' id='word_1_244' title='bbox 364 4180 460 4252; x_wconf 89' lang='lat' dir='ltr'><strong>iuxta</strong></span> <span class='ocrx_word' id='word_1_245' title='bbox 482 4192 617 4275; x_wconf 86' lang='lat' dir='ltr'><strong>petram</strong></span> <span class='ocrx_word' id='word_1_246' title='bbox 640 4178 741 4250; x_wconf 90' lang='lat' dir='ltr'><strong>istam</strong></span> <span class='ocrx_word' id='word_1_247' title='bbox 764 4178 893 4250; x_wconf 89' lang='lat' dir='ltr'><strong>iudices</strong></span> <span class='ocrx_word' id='word_1_248' title='bbox 914 4200 1050 4251; x_wconf 86' lang='lat' dir='ltr'><strong>eorum:</strong></span> <span class='ocrx_word' id='word_1_249' title='bbox 1074 4178 1206 4251; x_wconf 92' lang='lat' dir='ltr'><strong>tamdiu</strong></span> <span class='ocrx_word' id='word_1_250' title='bbox 1226 4178 1349 4253; x_wconf 91' lang='lat' dir='ltr'><strong>vident</strong></span> 
     </span>
    </p>

    <p class='ocr_par' dir='ltr' id='par_1_7' title="bbox 316 4300 1367 4515">
     <span class='ocr_line' id='line_1_31' title="bbox 318 4300 1367 4395; baseline 0.003 -25"><span class='ocrx_word' id='word_1_251' title='bbox 318 4329 334 4365; x_wconf 80' lang='lat' dir='ltr'><strong>r</strong></span> <span class='ocrx_word' id='word_1_252' title='bbox 363 4302 492 4393; x_wconf 84' lang='lat' dir='ltr'><strong>aliquid</strong></span> <span class='ocrx_word' id='word_1_253' title='bbox 518 4302 634 4374; x_wconf 86' lang='lat' dir='ltr'><strong>dicore</strong></span> <span class='ocrx_word' id='word_1_254' title='bbox 658 4300 768 4372; x_wconf 88' lang='lat' dir='ltr'><strong>donec</strong></span> <span class='ocrx_word' id='word_1_255' title='bbox 792 4313 1034 4393; x_wconf 85' lang='lat' dir='ltr'><strong>comparentur</strong></span> <span class='ocrx_word' id='word_1_256' title='bbox 1058 4314 1176 4395; x_wconf 84' lang='lat' dir='ltr'><strong>petrae.</strong></span> <span class='ocrx_word' id='word_1_257' title='bbox 1203 4304 1367 4375; x_wconf 76' lang='lat' dir='ltr'><strong>»llaeca</strong></span> 
     </span>
     <span class='ocr_line' id='line_1_32' title="bbox 316 4423 1360 4515; baseline 0.008 -24"><span class='ocrx_word' id='word_1_258' title='bbox 316 4423 464 4495; x_wconf 80' lang='lat' dir='ltr'><strong>litteram</strong></span> <span class='ocrx_word' id='word_1_259' title='bbox 487 4424 716 4515; x_wconf 79' lang='lat' dir='ltr'><strong>Augustinus.</strong></span> <span class='ocrx_word' id='word_1_260' title='bbox 738 4424 844 4494; x_wconf 88' lang='lat' dir='ltr'><strong>lllulla</strong></span> <span class='ocrx_word' id='word_1_261' title='bbox 865 4423 1005 4515; x_wconf 86' lang='lat' dir='ltr'><strong>quidem</strong></span> <span class='ocrx_word' id='word_1_262' title='bbox 1034 4426 1136 4499; x_wconf 87' lang='lat' dir='ltr'><strong>bodie</strong></span> <span class='ocrx_word' id='word_1_263' title='bbox 1158 4438 1195 4497; x_wconf 90' lang='lat' dir='ltr'><strong>ut</strong></span> <span class='ocrx_word' id='word_1_264' title='bbox 1215 4426 1317 4499; x_wconf 86' lang='lat' dir='ltr'><strong>vides</strong></span> <span class='ocrx_word' id='word_1_265' title='bbox 1352 4457 1360 4488; x_wconf 89' lang='lat'><strong>·</strong></span> 
     </span>
    </p>
   </div>
   <div class='ocr_carea' id='block_1_7' title="bbox 0 0 1387 5060">
    <p class='ocr_par' dir='ltr' id='par_1_8' title="bbox 0 0 1387 5060">
     <span class='ocr_line' id='line_1_33' title="bbox 0 0 1387 5060; baseline 0 0"><span class='ocrx_word' id='word_1_266' title='bbox 0 0 1387 5060; x_wconf 95' lang='lat' dir='ltr'><strong> </strong></span> 
     </span>
    </p>
   </div>
  </div>
 </body>
</html>
