2738 5062
350 695 443 745 umnn
464 695 969 754 cunarusnncruus.-nr1sroun
991 701 1021 749 v.
1164 689 1225 755 2⁹5

146 843 244 904 noete
272 839 463 926 pugnatum
483 853 562 901 cum
583 832 683 916 lreto,
706 855 784 904 cum
806 844 928 915 vento,
950 856 1029 905 cum
1051 833 1223 912 hostibus.

144 956 229 1025 Tres
250 953 296 1023 ab
316 952 468 1026 adverso
487 951 596 1034 acies,
618 953 707 1025 etin
731 975 835 1025 unum
857 964 987 1027 coactae
1007 956 1051 1028 de
1072 956 1241 1041 diversis,

143 1075 312 1148 tractibus
326 1086 397 1147 tres
411 1074 694 1146 disiunctissime
713 1077 882 1147 nationes.
897 1077 936 1148 ln
949 1077 1065 1150 medio
1077 1079 1225 1153 lanuen-

144 1198 235 1269 sium
256 1198 330 1269 sola
350 1198 475 1278 virtue,
496 1197 568 1267 sola
586 1195 809 1269 lanuensium
826 1199 973 1270 fortuna.
989 1201 1090 1273 Etde
1102 1211 1222 1275 exter-

143 1322 197 1392 nis
215 1319 364 1413 quidem>
381 1317 541 1389 hostibus
574 1339 642 1390 non
676 1319 786 1393 doleo.
811 1321 903 1404 Quid
925 1321 1018 1394 enim
1045 1321 1223 1397 laboribus

143 1441 266 1514 italicis
284 1462 349 1512 sua
363 1441 429 1511 tela
448 1438 668 1533 permiscent,
683 1444 807 1512 venale
822 1464 935 1533 genus
949 1465 990 1515 ac
1002 1445 1222 1536 loedilragum

143 1572 179 1633 et
198 1563 364 1645 insolens,
386 1581 475 1652 quos
500 1561 535 1632 in
560 1561 783 1653 longinquam
805 1562 1047 1657 inlelicemque
1066 1565 1222 1652 militiam

144 1705 307 1756 nummus
327 1684 482 1776 impellit,
505 1682 685 1755 nobiscum
705 1683 903 1754 solemniter
923 1695 1108 1759 contractae
1128 1689 1222 1783 pacis

144 1805 388 1878 immemores?
408 1806 591 1890 Quamvis,
614 1815 654 1876 ut
673 1827 796 1877 verum
817 1809 940 1891 fatear,
967 1812 1169 1884 calamitoso
1188 1822 1224 1883 et

143 1929 272 2000 misero
293 1930 429 2023 popello
449 1926 684 2000 misericordia
704 1927 887 2002 debeatur:
909 1931 1123 2027 principibus
1142 1912 1233 2005 suc?

143 2049 367 2132 censendum,
391 2049 451 2142 qui
472 2049 613 2121 inlando
637 2060 673 2120 et
699 2049 888 2122 inhumano
912 2054 1119 2127 commercio
1141 2074 1223 2124 san-

142 2167 282 2264 guinem
317 2194 392 2245 suae
422 2172 536 2264 gentis
564 2193 673 2264 parva
702 2174 846 2265 pecunia
868 2174 1108 2247 vendiderunt.
1131 2176 1222 2260 Quin

143 2302 179 2365 et
203 2295 248 2365 de
280 2294 459 2385 fallacibus
492 2306 597 2386 atque
630 2294 799 2366 inertibus
828 2296 1006 2386 graeculis,
1029 2307 1065 2368 et
1095 2319 1156 2393 per
1183 2319 1223 2370 se

143 2417 277 2508 grande
297 2415 381 2488 nibil
399 2416 554 2500 ausuriS,
577 2438 647 2488 non
667 2419 771 2491 modo
796 2441 866 2490 non
890 2417 1006 2501 doleo,
1029 2419 1093 2491 sed
1118 2419 1222 2493 valde

142 2539 294 2631 gaudeo,
317 2551 353 2610 et
373 2540 497 2612 inlame
516 2539 601 2612 illud
621 2539 803 2634 imperium
832 2540 1023 2633 sedemque
1048 2540 1139 2612 illam
1165 2563 1222 2612 er-

142 2684 257 2735 rorum
280 2662 411 2734 vestris
432 2659 593 2733 manibus
612 2684 776 2734 eversum
797 2661 838 2734 iri
859 2662 976 2754 cupio,
997 2663 1027 2732 si
1048 2664 1136 2733 sorte
1157 2685 1222 2735 vos

141 2785 345 2858 iniuriarum
362 2782 520 2856 vindices
534 2783 695 2855 Christus
711 2785 831 2874 elegit,
850 2795 885 2855 et
900 2785 990 2855 banc
1007 2807 1027 2855 a
1046 2784 1159 2869 vobio,
1178 2786 1224 2856 ab

141 2908 234 2976 omni
256 2905 357 2999 plebe
376 2905 545 2979 catholica
569 2908 660 2977 male
684 2906 842 2988 dilatam,
866 2906 1017 3000 reposcit
1042 2907 1219 2978 ultionem.

142 3026 237 3098 ltalis
257 3038 371 3101 autem
393 3028 522 3101 nostris
546 3049 615 3099 uuo
634 3026 678 3098 de
698 3028 804 3100 corde
823 3027 1026 3118 compedum
1051 3027 1112 3119 qui
1138 3027 1220 3098 mibi

143 3147 274 3220 utinam
293 3148 441 3223 fideliter
460 3150 659 3223 admonenti
674 3149 707 3220 in
722 3158 877 3242 tempore
893 3148 1136 3221 credidissent.
1150 3150 1220 3222 Sed
1249 3164 1259 3177 '

141 3271 207 3342 obl
230 3270 357 3355 adbuc,
386 3272 538 3364 siquod
563 3275 673 3365 palam
703 3273 765 3343 vix
790 3282 909 3364 optare
935 3272 1062 3354 auden,
1083 3271 1220 3342 coelitus

142 3392 297 3487 inspirati
331 3404 479 3485 uterque
508 3393 685 3487 coeperitis
715 3393 917 3464 meminisse
941 3400 1016 3465 vos'
1033 3394 1158 3476 italos,
1185 3404 1221 3463 et

141 3515 251 3593 luisse
271 3515 402 3588 amicos
421 3527 457 3586 et
474 3537 556 3589 esse
577 3539 695 3610 posse,
719 3515 892 3609 vobisque
912 3539 981 3588 non
1002 3517 1047 3587 de
1065 3515 1221 3609 capituli-

142 3635 208 3708 bus
234 3637 390 3717 offensis,
420 3638 495 3721 sed,
520 3639 617 3731 quod
644 3639 817 3733 peculiare
845 3660 984 3732 semper
1006 3635 1218 3731 putentibus,

142 3780 416 3853 supremumque
448 3759 577 3852 pariter
597 3761 795 3856 petentibus
829 3764 958 3844 locum,
990 3758 1055 3831 luit
1086 3758 1221 3851 eritque

141 3889 319 3972 sumptum
337 3880 383 3953 de
403 3883 512 3973 gloria
528 3893 565 3954 et
581 3885 822 3978 superioritate
839 3894 1031 3965 certamen,
1050 3892 1156 3974 atque
1172 3882 1220 3953 ita

141 4010 298 4096 repente,
318 4004 498 4077 concitatis
519 4004 659 4088 animis,
675 4005 720 4076 ab
738 4007 803 4077 boe
821 4005 935 4077 italico
947 4015 983 4074 et
997 4003 1113 4096 sociali
1131 4003 1220 4077 bello

140 4124 186 4197 ad
202 4135 349 4197 externa
370 4125 546 4209 conversi,
569 4125 743 4196 adversus
764 4124 890 4196 infidos
917 4123 1140 4215 instigatores
1166 4129 1219 4197 ul-

141 4244 239 4318 tricia
259 4248 364 4318 simul
383 4268 480 4318 arma
503 4245 660 4330 vertatis,
679 4255 714 4317 et
731 4246 797 4317 illis
815 4247 919 4331 terro,
939 4248 1076 4338 laqueo,
1097 4248 1221 4339 pelago

140 4366 351 4460 absumptis,
375 4369 468 4460 quod
489 4378 663 4439 momento
689 4368 851 4461 temporis
878 4367 953 4440 fieri
980 4376 1108 4462 potest,
1137 4390 1220 4438 mox

140 4483 398 4579 expeditionem
414 4487 503 4580 piam
519 4486 564 4558 ad
577 4484 815 4558 liberationem
832 4489 949 4562 Terre
963 4490 1099 4562 Sanctae
1117 4498 1221 4578 atque
