2738 5062
365 735 458 788 mesu
480 733 732 786 nonuschluus.
746 736 951 788 -EPISTOLA
973 740 1024 788 ΧΠ.
1176 732 1231 793 547

148 891 286 943 verear:
310 868 373 941 sed
393 870 488 963 quod
508 871 573 943 hoc
594 881 653 944 tuo
680 882 749 942 tam
777 873 944 967 praecipiti
968 874 1146 965 digressu,
1180 879 1233 949 iu-

148 1014 275 1085 gaeque
298 992 434 1085 (verum
459 992 508 1063 uti
538 992 658 1087 fatear)
680 994 869 1077 simillimo,
891 997 1063 1078 neminem
1088 1009 1120 1068 to
1139 998 1234 1069 arbi·

150 1127 221 1185 tror
236 1113 434 1187 tristiorem.
449 1115 525 1199 Quo
539 1117 651 1206 magis
665 1117 847 1208 magisque
861 1141 917 1188 me
930 1119 1112 1190 attonitum
1127 1121 1233 1194 habet

148 1240 214 1310 hoo
233 1236 431 1320 consilium,
453 1237 509 1307 cui
529 1258 573 1310 an
593 1238 732 1308 fortuna
759 1260 912 1330 unquam
939 1242 1075 1311 tautura
1101 1241 1147 1312 sit
1170 1263 1233 1312 ne·

148 1359 236 1442 scio,
264 1367 358 1430 certe
380 1357 466 1429 ratio
487 1368 523 1429 et
542 1357 655 1429 virtus
681 1367 716 1428 et
736 1357 816 1429 boni
837 1381 959 1431 omnes
982 1370 1175 1457 totumque,
1201 1366 1232 1435 si

147 1479 240 1572 loqui
263 1482 389 1572 possit,
412 1480 596 1577 Imperium
619 1480 863 1565 adversantur,
886 1483 964 1553 mali
987 1505 1109 1557 omnes
1131 1488 1232 1582 pinu·

147 1600 234 1675 dunt
251 1623 291 1673 ao
308 1601 465 1673 rebelles.
488 1602 501 1670 l
521 1611 649 1686 tamen,
663 1602 805 1695 quando
825 1603 872 1675 ita
892 1604 1001 1676 fixum
1023 1608 1138 1679 auimo
1158 1618 1229 1680 est:

147 1722 211 1793 scd
233 1723 298 1793 hoc
328 1745 466 1815 quoque
487 1725 665 1796 memorien
692 1735 730 1794 ut
763 1725 885 1816 affigas
913 1727 1016 1798 velim
1036 1739 1073 1800 et
1097 1730 1230 1802 valedi-

146 1847 256 1918 centis
275 1849 474 1919 memoriale
493 1849 736 1919 munusculum
756 1857 869 1919 tecum
888 1851 995 1920 feras:
1013 1872 1033 1920 a
1054 1853 1147 1922 nulio
1166 1875 1229 1922 un-

146 1991 250 2062 quam
272 1969 463 2062 principum
488 1980 614 2041 tantam
638 1991 743 2064 spem,
777 1981 843 2040 tarn
859 1969 1038 2056 floridam,
1062 1982 1131 2043 tam
1154 1995 1230 2044 ma-

147 2101 268 2173 turam,
291 2101 431 2184 tamque
451 2092 633 2162 honestam
657 2100 779 2184 sponte
796 2092 983 2163 desertam.
1002 2093 1125 2186 Neque
1142 2116 1231 2166 vero

146 2212 257 2282 minor
284 2212 421 2283 animus
443 2234 621 2282 romanum
644 2212 831 2306 principem
859 2196 1006 2287 decebat
1032 2238 1135 2308 quam
1157 2218 1230 2289 Ma-

145 2333 316 2405 cedonum
339 2355 468 2425 regern,
492 2332 551 2425 qui
573 2356 656 2405 rnox
676 2333 804 2407 finibus
822 2336 945 2430 patriis
963 2360 1144 2430 egressus,
1160 2362 1230 2411 non

148 2476 186 2526 se
216 2456 430 2527 Macedonia
461 2455 640 2527 dominum
676 2455 737 2529 sed
770 2468 940 2531 terrarum
973 2463 1127 2532 omnium
1160 2461 1229 2532 dici

144 2578 255 2660 iussit,
277 2600 356 2650 cum
378 2599 447 2649 non
463 2588 569 2651 esset.
591 2581 642 2651 Tu
664 2581 799 2673 imperii
820 2582 982 2652 dominus
1005 2581 1151 2664 romani,
1180 2581 1228 2651 nil

143 2698 210 2769 nisi
231 2697 432 2769 Bohemiam
455 2701 625 2793 suspiras,
646 2700 793 2783 Quando
821 2700 900 2797 hoo,
927 2719 1062 2790 quaese,
1086 2698 1227 2769 fecisset

144 2842 233 2892 avus
257 2832 336 2891 tuus
364 2828 424 2890 aut
444 2821 592 2912 genitor,
607 2820 667 2913 qui
685 2821 749 2891 etsi
773 2843 840 2891 non
862 2823 1051 2916 Imperator
1073 2823 1149 2915 ipse
1169 2843 1227 2893 es·

143 2953 210 3025 set,
232 2943 307 3013 sola
326 2943 461 3035 paterni
482 2942 616 3036 imperii
638 2941 804 3015 memoria
828 2953 876 3014 tot
896 2942 1035 3014 urbium
1056 2945 1112 3015 ius
1126 2965 1227 3037 qnae·

142 3065 246 3136 sivit?
259 3065 330 3138 Sed
342 3087 411 3139 uon
423 3074 479 3136 est
492 3064 752 3138 haereditarium
766 3065 896 3138 bonum
914 3066 1038 3138 virtus.
1055 3066 1224 3153 Quamvis

142 3209 210 3278 ego
243 3187 303 3258 tibi
328 3210 393 3260 nec
419 3189 612 3283 imperandi
643 3189 821 3262 scientiam
848 3190 975 3262 deesse
1002 3188 1224 3273 crediderim,

142 3331 207 3381 neo
225 3307 397 3381 bellandi:
420 3311 496 3381 fons
516 3310 689 3408 actionum
703 3310 858 3382 omnium
879 3310 1173 3387 voiuntasdeest.
1196 3311 1225 3380 0

142 3430 227 3500 siin
253 3429 340 3523 ipsis
358 3428 504 3520 >Alpium
526 3428 617 3522 iugis
644 3452 733 3501 avus
761 3429 821 3502 tibi
847 3454 937 3503 nuno
958 3441 1123 3527 paterque
1142 3429 1227 3505 fiant

139 3550 252 3623 obvii!
269 3551 355 3644 quid
368 3550 522 3623 dicturos
537 3556 660 3648 putas?
672 3553 777 3625 crede
792 3553 868 3625 illos
884 3553 1008 3626 audias
1027 3556 1083 3626 vol
1097 3553 1225 3624 absen-

141 3683 205 3742 tes.
228 3673 437 3744 «Proieoisti
459 3673 604 3759 eximie,
623 3673 748 3767 ingens
769 3676 901 3761 Caesar,
922 3676 987 3748 hoo
1014 3686 1073 3747 tuo
1095 3685 1144 3746 tot
1164 3697 1226 3769 per

145 3822 160 3857 r
189 3815 301 3865 annos
335 3794 442 3866 dilato
468 3797 502 3865 in
527 3796 658 3867 ltaliam
680 3799 835 3870 adventu
861 3812 896 3871 et
925 3800 1085 3871 festinato
1115 3798 1223 3867 abitu.

145 3945 160 3981 n
189 3915 311 3990 Refers
333 3918 473 3991 demum
492 3918 587 3991 istud
606 3921 766 4002 ferreum,
786 3920 870 3990 illud
887 3942 1031 3991 aureum
1052 3916 1222 4001 diadema,

144 4071 159 4105 r>
189 4040 354 4113 simulac
381 4043 499 4115 sterile
521 4064 647 4122 nomen
668 4040 813 4135 imperii.
841 4041 1030 4134 Imperator
1053 4042 1225 4112 Romano-

144 4193 159 4228 r
189 4186 264 4236 rum
296 4164 504 4236 vocitaheris
536 4164 714 4237 Bohemiae
746 4186 811 4235 rex
841 4162 965 4245 solius;
996 4163 1053 4258 qui
1090 4163 1223 4236 utinam

143 4314 157 4349 r
187 4309 360 4380 nusquam
394 4309 508 4369 esses,
534 4299 571 4360 ut
592 4291 648 4360 vel
670 4287 719 4359 sic
744 4263 846 4359 altius
872 4296 991 4358 coacta
1022 4287 1135 4359 virtus
1165 4309 1223 4357 as-

142 4437 156 4472 »
187 4421 360 4501 surgeret,
375 4411 553 4499 famesque
571 4409 762 4482 domestica
778 4411 974 4502 neglectum
994 4411 1076 4493 aviti
1091 4412 1221 4480 cultum

143 4560 157 4595 r
187 4530 380 4623 patrimonii
409 4528 582 4601 suaderet.
604 4559 618 4593 r
644 4533 710 4603 Sod
729 4533 796 4602 iam
823 4531 921 4602 brevi
953 4532 1082 4627 impetu
1106 4532 1220 4601 doses-
