2738 5062
329 644 421 693 crana
443 641 946 691 ocruvusnscruus.-nr1sronn
967 644 1029 692 xvr.
1158 632 1212 692 507

139 783 257 855 nullus
282 790 338 851 est
368 797 550 860 numerus,
572 776 657 848 nihil
677 779 835 849 insanius
866 800 971 869 quam
997 776 1091 866 quod
1122 785 1217 848 tanta

141 901 321 994 diligentia
341 909 504 993 tantoque
523 899 706 993 dispendio
719 898 825 970 Italici
839 899 998 970 homines
1012 899 1120 970 ltaliae
1135 921 1219 969 con-

141 1025 301 1098 ducimus
315 1032 521 1094 vastatores.
535 1024 622 1106 Quae
635 1031 759 1106 tamen,
769 1021 831 1093 oh!
847 1024 966 1114 pietas
977 1021 1039 1091 oh!
1057 1023 1220 1115 implaca-

140 1145 222 1218 bilis
240 1144 352 1231 dolor,
374 1146 487 1236 qualis
505 1147 594 1217 inter
619 1147 810 1216 amantium
825 1165 866 1215 ac
883 1145 1069 1215 colentium
1092 1165 1218 1216 manus

140 1278 251 1350 esset,
273 1289 353 1337 cum
375 1276 424 1337 tot
443 1268 513 1338 iam
534 1269 674 1339 saeculis
694 1268 783 1338 inter
803 1268 1018 1338 vastantium
1038 1269 1129 1339 feras
1146 1289 1221 1338 ma-

142 1408 210 1461 nus
228 1391 373 1459 multum
391 1389 506 1460 adhuc
522 1390 657 1460 cunctis
676 1398 779 1458 terrae
800 1389 1001 1481 regionibus
1019 1390 1222 1461 antecellat?

143 1509 235 1595 Quid
267 1511 303 1580 in
331 1510 450 1581 verbis
476 1515 614 1580 morer?
632 1513 832 1582 Praesertim
852 1533 931 1582 cum
955 1510 1016 1580 tibi
1036 1512 1221 1581 notissima

141 1639 226 1703 sunt
243 1649 325 1721 quae
342 1631 487 1721 loquor?
507 1633 609 1700 Sensi
627 1652 693 1722 ego
714 1640 796 1703 tunc
813 1643 961 1704 moestus
977 1631 1124 1702 insidias
1152 1631 1222 1700 for·

143 1763 246 1834 tunae,
268 1760 304 1820 et
323 1773 427 1842 qnam
447 1749 658 1823 doctioribus
683 1753 770 1823 nihil
790 1774 871 1826 essa
896 1753 1127 1836 credideram,
1150 1773 1221 1823 non

143 1874 247 1946 modo
266 1893 346 1944 esse
366 1873 497 1965 aliquid
513 1872 631 1956 didici,
655 1874 719 1945 sed
738 1875 996 1967 quodammodo
1016 1877 1051 1947 in
1069 1876 1163 1946 0mni
1182 1896 1222 1946 ra

141 1995 312 2069 dominari
333 2018 411 2067 cum
439 1995 615 2075 Sallustio,
635 2003 671 2066 cl
696 1996 923 2067 humanarum
945 2019 1024 2067 cum
1056 1997 1224 2067 Cicerone

144 2139 260 2190 rerum
282 2118 470 2201 dominam,
489 2129 525 2189 et
544 2117 816 2212 omnipotentem
841 2131 945 2210 atque
971 2117 1224 2190 ineluctabilem

143 2250 284 2310 coactus
310 2262 387 2310 sum
408 2261 488 2309 cum
509 2241 654 2332 Virgilio
674 2239 838 2312 confiteri.
861 2241 981 2331 ltaque
1007 2244 1126 2312 multis
1147 2240 1227 2311 hinc

144 2358 226 2431 inde
251 2360 370 2431 verbis
392 2361 546 2452 perditis,
565 2384 669 2452 quam
692 2363 766 2458 spei
782 2365 909 2457 plenus
930 2362 974 2433 ad
992 2374 1025 2434 tc
1045 2386 1225 2449 veneram,

146 2489 215 2554 tam
234 2483 412 2566 moeroris,
434 2482 579 2577 pudoris
597 2507 638 2556 ac
654 2484 795 2579 pavoris
812 2487 938 2578 plenus
960 2486 1127 2557 abscessi.
1147 2488 1228 2556 Sor-

148 2610 215 2675 tem
236 2606 328 2675 enim
349 2604 522 2700 publicam
544 2607 714 2698 lugebam,
736 2608 958 2700 pudebatque
972 2630 1027 2676 me
1041 2608 1117 2690 mei,
1134 2606 1228 2699 quod

148 2734 242 2797 tanto
276 2724 386 2818 impar
417 2725 557 2816 negotio
589 2724 764 2808 delectus3
791 2749 856 2798 nec
885 2734 1018 2796 tantum
1050 2728 1228 2817 praeclarae

148 2845 330 2936 legationis
351 2869 420 2918 una
441 2869 537 2940 pars,
558 2846 622 2918 sed
642 2846 840 2938 dignatione
860 2848 1040 2933 mittentiS,
1065 2850 1228 2941 quamvis

149 2967 183 3041 id
198 2968 312 3061 ipsum
331 2990 425 3060 saepe
442 2969 606 3041 obnixius
623 2991 860 3054 excusassem,
880 2972 1041 3064 princeps
1060 2973 1163 3043 ctiam
1183 2971 1229 3042 ad

149 3092 375 3185 loquendum,
398 3101 434 3162 et
462 3093 659 3164 fortissimis
686 3094 751 3163 illis
772 3101 876 3185 atque
903 3092 1114 3165 doctissimis
1144 3091 1229 3164 viris

150 3213 384 3308 antepositus
403 3214 461 3305 qui
480 3236 537 3285 me
552 3216 655 3306 longe
670 3213 857 3285 virtutibus
876 3214 1060 3296 anteibant,
1080 3214 1229 3283 fructum

151 3357 218 3406 non
240 3335 288 3405 rei
304 3333 443 3425 optimae
467 3336 529 3407 sed
553 3337 808 3407 insufficientiae
825 3359 914 3408 meae
934 3335 1091 3408 debitum
1113 3357 1231 3428 repor-

153 3465 277 3527 tarem:
293 3459 433 3526 tametsi
453 3457 547 3548 quod
563 3457 647 3527 mihi
661 3459 834 3542 defuerat,
851 3458 1043 3528 militariter
1055 3457 1232 3527 facundis-

153 3577 263 3650 simus
290 3579 436 3668 collega,
463 3578 531 3649 nisi
558 3601 613 3648 me
640 3600 737 3650 amor
765 3580 831 3651 viri
862 3581 953 3663 fallit,
981 3579 1160 3671 implesset
1180 3576 1233 3647 di-

153 3701 363 3797 sceptatione
383 3701 586 3771 novissima.
610 3703 679 3772 Sed
705 3702 841 3795 aperire
864 3725 967 3773 aures
992 3701 1172 3771 obseratas
1199 3706 1234 3770 el

152 3822 343 3895 obstinatus
370 3822 504 3892 animos
534 3845 677 3892 movere
708 3845 775 3894 non
803 3825 927 3906 nostri,
956 3824 1073 3891 nescio
1106 3846 1149 3890 an
1176 3823 1232 3891 vel

155 3944 359 4016 ciceroniani
384 3952 481 4016 esset
513 3943 655 4035 eloquii:
681 3965 808 4029 magna
834 3943 959 4034 quippe
988 3941 1150 4012 facundia
1179 3954 1234 4013 est

154 4068 212 4138 vel
231 4068 346 4160 potius
368 4068 460 4137 nulla
479 4088 559 4158 qnae
587 4075 689 4157 cogat
711 4063 848 4133 invitos.
875 4061 976 4142 Quod
1001 4063 1075 4154 ipsc
1100 4085 1235 4155 perme-

155 4197 257 4260 tucns
279 4190 315 4259 in
339 4187 416 4280 ipso
446 4189 585 4280 quidem
609 4186 761 4258 sollicitae
785 4183 950 4254 orationis
973 4182 1081 4265 initio,
1107 4185 1235 4255 cicero-

155 4310 260 4382 niano
282 4313 374 4383 enim
408 4332 494 4381 usus
521 4309 643 4393 verbo,
671 4329 750 4378 csse
775 4327 864 4400 opus
897 4307 1012 4377 animo
1037 4329 1106 4378 non
1133 4329 1235 4397 repu-

158 4443 287 4522 gnante
312 4440 459 4506 testatus
493 4454 587 4503 sum:
614 4440 682 4502 tam
709 4431 836 4501 frustra
865 4440 995 4512 tamen,
1027 4440 1066 4500 ut
1091 4429 1232 4521 reliqua.
