2738 5062
338 663 429 711 muun
451 660 967 711 sunrruusnccruns.-umsrona
989 664 1031 712 ιιι.
1160 650 1220 713 lio

147 799 248 871 stidia
269 797 417 869 nobilem
438 798 589 868 animum
612 798 765 889 fatigent,
783 796 872 868 adeo
890 808 928 866 ut
948 818 1049 869 nemo
1067 807 1136 871 tam
1150 801 1219 870 for-

147 928 305 999 tunatus,
326 941 428 990 nemo
454 931 524 989 tam
544 919 693 1011 cupidus
719 918 888 1001 vitae.sit,
915 919 976 1011 qui
995 919 1026 991 si
1045 921 1221 1013 patientiae

144 1046 290 1113 lraenum
305 1041 408 1124 desit,
427 1062 494 1112 non
512 1050 549 1111 et
568 1042 651 1110 vitae
671 1039 750 1111 odio
769 1050 804 1110 et
824 1039 945 1112 mortis
965 1040 1137 1119 interdum
1157 1044 1220 1115 de-

145 1162 272 1234 siderio
294 1172 463 1234 teneatur.
485 1161 581 1233 Sicut
600 1173 716 1232 autem
738 1163 773 1232 in
800 1163 900 1234 terris
920 1184 1002 1235 esse
1026 1164 1219 1257 pessimum

144 1297 209 1370 cst,
230 1287 281 1357 sic
297 1285 343 1357 ad
355 1288 481 1357 coelum
501 1283 666 1356 scandere
684 1284 752 1356 sub
770 1295 986 1357 terrenorum
1005 1285 1219 1379 piaculorum

145 1413 236 1481 lusce
256 1409 407 1492 difficile,
429 1417 465 1478 et
486 1407 575 1479 siout
600 1408 680 1478 binc
704 1406 798 1479 abire
827 1418 950 1503 suopte
970 1407 1112 1480 arbitrio
1135 1409 1222 1479 vcti-

147 1541 226 1615 tum,
249 1532 300 1602 sic
315 1551 427 1623 neque
440 1529 496 1600 hic
512 1539 632 1600 contra
649 1530 838 1623 superioris
851 1531 1032 1623 imperium
1047 1541 1222 1603 momento

145 1653 308 1744 temporis
326 1673 408 1724 esse
429 1651 518 1723 licet.
542 1653 591 1721 lta
615 1672 824 1744 quocunque
845 1662 878 1724 to
897 1653 1047 1725 verteris
1071 1653 1218 1725 difficilia

144 1775 257 1845 ornnia
271 1785 308 1846 et
318 1797 442 1867 aspera
455 1784 491 1844 et
502 1773 730 1844 intractabilia
740 1783 775 1845 et
787 1774 1097 1848 miserarlttamen
1108 1797 1220 1869 quan-

145 1909 177 1966 ta
197 1897 355 1969 coecitasl
377 1898 444 1969 etsi
470 1895 641 1968 adversus
663 1896 746 1966 vitae
772 1897 876 1968 taedia
897 1920 992 1990 saepe
1016 1899 1138 1970 mortis
1158 1920 1216 1969 au·
1270 1994 1274 2001 Ι

144 2020 264 2090 xillum
289 2020 529 2112 imploremus,
553 2029 666 2090 tamen
686 2019 820 2090 cunctis
843 2019 1027 2104 excussis,
1055 2042 1118 2091 seu
1138 2041 1221 2091 con-

145 2142 300 2214 scientiae
325 2152 440 2213 melus
471 2156 548 2225 cst,
579 2163 642 2211 sou
675 2143 891 2234 voluptatum
926 2140 1120 2226 illecebrae,
1156 2164 1219 2212 seu

148 2263 274 2334 insitus
288 2263 411 2334 horror
427 2263 563 2348 mortis,
578 2262 626 2365 nil
635 2266 746 2354 magis
763 2263 924 2356 cupimus
936 2286 1039 2357 quarn
1055 2265 1111 2337 hic
1126 2285 1218 2335 esse.

145 2385 333 2478 Cupiamus
358 2406 420 2457 oro
440 2385 507 2457 iam
532 2385 669 2458 tandem
690 2407 771 2457 esse
792 2385 889 2471 alibi,
914 2396 951 2457 ot
971 2386 1133 2478 quamvis
1153 2386 1218 2471 rei,

143 2507 206 2577 Dei
227 2505 461 2580 misericordia
477 2506 610 2591 conlisi,
628 2507 807 2601 cupiamus
821 2507 1007 2601 aliquando
1018 2507 1166 2578 dissolvi
1185 2517 1222 2579 et

142 2651 223 2701 csse
248 2652 326 2701 cum
348 2629 501 2717 Christo:
529 2630 592 2701 sed
616 2630 700 2702 dum
726 2639 842 2723 optata
866 2640 960 2700 certe
987 2630 1044 2700 vel
1069 2627 1220 2720 optanda

142 2752 339 2836 venitdies,
354 2751 528 2823 mentibus
550 2772 673 2844 precor
693 2751 728 2821 in
748 2752 849 2834 coelo,
872 2748 1075 2842 corporibus
1098 2748 1153 2820 hic
1173 2750 1221 2819 si-

142 2894 234 2958 mus,
257 2874 372 2945 sobrie
392 2875 561 2967 patienter
582 2875 768 2956 humiliter,
783 2871 1048 2964 etiniquitatem
1065 2873 1220 2943 locorum
1260 2902 1262 2907 ·

143 2997 307 3087 aequitate
326 2994 429 3068 animi
451 2997 657 3069 molliamus.

266 3118 342 3207 Ego
370 3126 404 3187 te
432 3116 570 3209 quidem
598 3118 632 3187 in
654 3118 764 3201 ltalia,
791 3119 899 3189 Deum
927 3125 1051 3200 testor,
1083 3137 1220 3186 summo

142 3238 318 3311 desiderio
343 3239 586 3334 praestolabar,
613 3263 799 3333 morasque
824 3251 903 3311 tuus
935 3237 1094 3322 oderam,
1125 3237 1220 3330 quod

141 3363 237 3455 prius
262 3363 419 3433 autumni
445 3364 629 3457 temperies
659 3385 763 3457 quam
795 3362 968 3434 adventus
995 3361 1043 3433 tui
1077 3361 1220 3432 nuntius

142 3485 295 3556 adesset.
307 3486 533 3580 Peperceram
551 3487 657 3565 enirn,
677 3486 746 3557 imo
759 3486 923 3556 misertus
940 3506 1034 3556 eram
1053 3483 1118 3555 tibi
1134 3484 1219 3555 dum

141 3616 263 3677 aestate
288 3606 402 3678 media
427 3628 561 3697 aegrum
573 3586 576 3593 ¹
590 3619 624 3679 to
640 3616 719 3700 post
737 3620 834 3698 terga
850 3606 1093 3699 relinquerem,
1107 3626 1220 3696 neque

141 3727 187 3798 ab
218 3727 381 3800 incolumi
412 3730 611 3819 exegissem
644 3732 799 3802 utnulla
832 3737 986 3820 urgente
1010 3727 1219 3798 necessitate

140 3848 313 3920 Phoebeis
335 3860 440 3942 caput
463 3851 646 3924 ardoribus
672 3852 881 3934 obiectares,
914 3850 1073 3939 interque
1098 3848 1219 3919 Cancri

140 3970 273 4043 rabiem
291 3994 332 4043 ac
351 3973 477 4044 Leonis
498 3972 697 4045 delicatiore
717 3974 924 4066 corpusculo
946 3971 1123 4069 pulverem
1147 3992 1220 4041 me-

140 4116 220 4166 cum
238 4094 440 4187 ,susciperes
467 4117 508 4166 ao
529 4095 707 4177 sudorem,
735 4093 778 4165 ad
803 4114 891 4184 quos
917 4113 983 4183 ego
1010 4090 1126 4164 nescio
1149 4115 1217 4185 qua

139 4218 235 4288 fatali
253 4217 315 4288 sed
336 4218 456 4289 inormi
479 4219 600 4291 militia
620 4225 723 4288 natus
750 4237 838 4286 sum.
865 4215 951 4285 Cum
972 4236 1058 4288 vero
1078 4215 1145 4286 iam
1167 4217 1218 4285 sol

141 4338 339 4411 transiisset
356 4341 390 4410 in
403 4339 591 4431 Virginem,
607 4338 814 4431 Libramque
827 4339 1050 4431 conspiceret,
1068 4337 1220 4410 mirabar

141 4480 305 4552 qnaenam
323 4464 390 4534 ista
407 4460 589 4554 segnities,
610 4471 645 4535 et
665 4459 902 4533 amenissima
922 4461 1030 4533 ltaliae
1050 4482 1129 4533 rura
1149 4480 1219 4530 coa-
