2738 5062
353 688 447 737 uranu
469 687 973 739 ocruvusnscruus.-nrrsrona
995 691 1026 739 u.
1171 679 1231 741 475

155 826 296 911 struxit,
316 826 417 897 aliam
436 827 672 918 longinquitas
688 827 800 899 invisa
815 827 1074 898 terrarum.Tibi
1089 829 1230 921 quidem

154 973 215 1043 pro
227 948 356 1020 eximia
368 947 571 1020 liberalitate
585 948 715 1039 gratias
729 970 805 1040 ago.
822 947 906 1019 Erat
918 947 1002 1018 milri
1016 948 1120 1032 domi,
1136 949 1229 1022 dictu

154 1070 476 1154 rnirum,aboccasu
487 1069 632 1140 veniens
646 1070 725 1140 olim
741 1068 1125 1162 Platophilosophorum
1135 1073 1231 1165 prin-

151 1215 246 1288 ceps,
263 1193 403 1263 utnosti
419 1191 650 1285 (nequeenim
669 1212 792 1262 vereor
805 1213 848 1262 ne
869 1201 907 1261 tu
924 1200 1041 1263 tantus
1059 1193 1120 1275 vir,
1135 1193 1231 1285 quod

151 1314 347 1386 scholastici
367 1312 507 1407 quidam
531 1314 654 1397 solent,
677 1312 758 1384 huic
779 1308 953 1406 praeconio
973 1312 1145 1406 obrepas,
1173 1315 1230 1385 cui

150 1457 218 1506 non
233 1437 352 1507 Cicero
373 1436 459 1527 ipse,
476 1457 543 1505 non
559 1435 703 1517 Seneca,
719 1457 787 1507 non
800 1433 978 1528 Apuleius,
994 1457 1063 1506 non
1075 1436 1229 1507 Plotinus

151 1580 298 1649 magnus
320 1557 375 1627 ille
394 1556 605 1640 Platonicus,
629 1565 805 1650 postremo
824 1577 893 1626 non
915 1554 1138 1640 Ambrosius,
1162 1581 1229 1629 non

149 1679 370 1771 Augustinus
388 1688 506 1750 noster
518 1677 748 1773 obstreperet)
765 1701 857 1750 nuuc
873 1675 1013 1749 tandem
1030 1690 1089 1750 tuo
1107 1700 1229 1750 mune-

151 1825 195 1886 re,
211 1803 267 1873 vir
280 1800 437 1893 insignis,
453 1799 738 1895 philosophorum
756 1799 899 1894 principi
914 1810 1092 1893 poetarum
1108 1801 1227 1892 graius

124 1923 307 2018 princeps
328 1922 487 1995 accessit.
505 1921 590 2006 Quis
612 1923 716 1994 tantis
737 1944 807 1994 non
827 1922 979 2013 gaudeat
1002 1931 1037 1993 et
1058 1923 1228 2015 glorietur

148 2044 365 2137 hospitibus?
384 2042 504 2116 Habeo
524 2043 664 2136 quidem
685 2066 733 2115 ex
755 2052 902 2137 utroque
922 2054 1092 2137 quantum
1104 2043 1226 2116 ¹latini-

148 2179 201 2239 tas
223 2166 328 2238 habet
346 2167 381 2237 in
403 2188 565 2239 sermone
576 2166 699 2260 patrio,
715 2164 779 2237 sed
796 2187 930 2258 graecos
952 2170 1092 2262 proprio
1112 2167 1147 2238 in
1164 2166 1227 2239 ha·

146 2290 219 2361 bitu
242 2297 412 2381 spectare,
430 2288 497 2359 etsi
517 2291 603 2361 forte
618 2292 692 2360 'non
712 2289 835 2382 prosit,
854 2300 948 2361 certe
971 2290 1079 2362 iuvat.
1107 2290 1227 2382 Neque

147 2418 317 2504 praeterea
333 2409 416 2480 mibi
435 2429 516 2502 spes
536 2410 680 2503 eripitur
699 2422 802 2483 aetate
829 2411 894 2485 hac
919 2415 1092 2506 proiectus
1114 2411 1149 2481 in
1170 2411 1225 2482 lit·
1259 2496 1262 2503 .

147 2533 230 2605 teris
251 2531 395 2616 vestris,
430 2531 466 2601 in
494 2531 622 2624 quibus
649 2541 753 2606 aetate
777 2536 897 2607 ultima
922 2534 1111 2629 profecisse
1137 2532 1226 2603 adeo

144 2654 320 2726 cernimus
334 2654 508 2727 Catonem.
524 2656 575 2727 Tu
589 2656 617 2727 si
631 2656 714 2748 quid
731 2657 847 2729 forsan
862 2678 908 2727 ex
923 2678 979 2727 me
993 2655 1101 2747 cupis,
1117 2652 1224 2724 redde

145 2776 227 2845 mibi
248 2774 387 2848 fiduciae
408 2786 513 2848 tantae
530 2777 642 2848 vicem
662 2787 698 2848 et
717 2778 751 2848 in
773 2800 830 2849 me
850 2778 926 2848 iure
944 2788 1003 2847 tuo
1022 2785 1128 2846 utere.
1147 2776 1224 2865 Ego

145 2899 234 2968 enim
253 2907 291 2968 ut
312 2898 413 2971 vides
431 2898 506 2971 iure
521 2922 600 2971 meo
620 2908 699 2970 utor
720 2898 755 2968 in
777 2898 885 2985 teset
904 2898 1067 2992 quoniam
1085 2897 1222 2993 petitio-

146 3018 200 3089 nis
221 3039 404 3091 successus
426 3020 566 3113 petendi
587 3021 677 3113 parit
696 3020 892 3103 audaciam,
914 3020 1024 3104 mitte,
1048 3020 1078 3091 si
1103 3030 1220 3103 vacat,

145 3141 348 3226 Hesiodum,
370 3144 467 3213 mitte
486 3164 609 3236 precor
624 3142 837 3236 Euripidem.
858 3143 959 3226 Vale,
981 3143 1036 3213 vir
1062 3141 1221 3231 egregie,

144 3285 340 3356 nomenque
359 3285 476 3336 meum
501 3265 596 3357 quod
621 3266 697 3337 sine
723 3265 801 3336 ullis
829 3266 979 3348 meritis,
1006 3264 1123 3336 nescio
1149 3284 1219 3355 qua

143 3385 354 3478 indulgentia
375 3389 431 3458 vel
453 3387 630 3460 hominum
648 3390 704 3458 vel
723 3389 869 3459 fortunae
886 3386 953 3458 iam
973 3386 1056 3459 satis
1078 3387 1112 3456 in
1129 3387 1222 3459 occi-

141 3506 244 3580 dente
259 3508 496 3599 cognoscitur,
519 3510 555 3581 in
574 3510 732 3582 orientali
757 3511 837 3582 aula
862 3510 891 3581 si
917 3509 1058 3581 videtur
1077 3520 1112 3581 et
1132 3508 1222 3580 inter

140 3640 281 3701 vestros
302 3628 428 3701 heroas
455 3641 573 3703 notum
593 3633 709 3715 facito,
735 3642 772 3704 ut
795 3632 889 3725 quod
911 3653 1075 3704 romanus
1102 3632 1221 3702 Caesar
1264 3714 1271 3725 ,

141 3751 360 3843 amplectitur
372 3751 747 3845 Costantinopolitanus
765 3777 834 3826 non
851 3754 1004 3827 fastidiat
1017 3754 1220 3849 Imperator.

283 3896 447 3966 Mediolani,
464 3898 502 3951 IV
517 3898 583 3953 Idus
598 3898 728 3953 Ianuarii.

642 4223 717 4233 ..ιι--
