2738 5062
479 722 520 769 llll
541 722 642 770 ussus
664 720 887 771 Faututtnluus

556 1036 734 1104 sustula
762 1036 807 1102 lv.

165 1266 358 1319 rmmscus
378 1266 547 1319 seruanda
568 1268 705 1319 ANDREAE
726 1268 876 1319 nanuum
897 1268 971 1319 nuel
991 1268 1210 1323 VENE'HARU!

617 1373 642 1422 S.
665 1375 693 1421 Ρ.
715 1374 745 1422 ll.

142 1587 199 1643 Gur
212 1593 268 1642 tan
284 1600 357 1660 saepe
371 1586 589 1657 loeimutatione
603 1588 729 1659 madal.
746 1588 865 1659 Peregre
880 1586 979 1659 mendi
991 1588 1231 1645 consuetudinem

516 1677 643 1733 laudibus
657 1678 845 1750 prosequitur.

239 1955 340 2039 Quod
363 1955 397 2024 in
419 1954 555 2027 silentio
575 1952 779 2047 suspicabar
804 1952 909 2024 audio
934 1952 1051 2025 mirari
1073 1961 1108 2025 te
1128 1955 1227 2047 quod

142 2080 188 2148 ita
209 2098 323 2166 vagus
349 2077 413 2148 hac
433 2078 511 2148 illac
535 2088 570 2149 et
595 2098 769 2171 nusquam
794 2074 979 2148 bonafide
1005 2075 1223 2163 subsistens,
1268 2128 1272 2141 ·

143 2197 295 2271 norrdum
327 2198 412 2269 milri
444 2210 574 2272 certam
608 2201 692 2271 vitae
727 2198 844 2272 mem
875 2199 1051 2290 delegisse
1077 2199 1222 2283 videar,

142 2318 234 2411 quod
248 2340 340 2391 anno
356 2319 420 2390 vix
438 2342 585 2414 usquam
599 2322 735 2414 integro
748 2330 873 2394 exacto
886 2343 947 2415 per
959 2322 1110 2408 ltaliam,
1125 2320 1224 2394 bieu-

142 2441 199 2510 nio
224 2451 339 2511 autem
365 2462 412 2512 ex
439 2443 534 2514 ltalia
554 2443 587 2513 in
608 2445 738 2516 Gallias
760 2454 865 2537 atque
888 2466 935 2516 ex
960 2442 1082 2515 Galliis
1103 2443 1139 2515 in
1156 2445 1225 2517 lta·

142 2564 220 2634 liam
237 2564 467 2657 commigrare
481 2567 621 2638 soleam.
636 2565 738 2651 Quod
750 2566 912 2660 quoniam
928 2587 1059 2658 negare
1072 2588 1221 2660 nequeo,

142 2685 319 2760 reddenda
339 2688 427 2761 ratio
445 2699 501 2761 est
520 2687 595 2773 tibi,
616 2700 655 2761 ut
672 2689 887 2772 miserearis,
904 2688 1042 2761 caeteris
1062 2688 1167 2761 bouis
1185 2702 1223 2761 ut

142 2811 337 2902 ignoscant,
371 2814 478 2904 vulgo
503 2833 546 2884 ne
572 2815 681 2885 latret.
717 2813 795 2884 Scio
820 2812 964 2905 quidem
991 2811 1073 2883 illud
1095 2811 1222 2883 Annaei

141 2930 284 3004 Seueoae
304 2954 427 3004 verum
447 2954 544 3006 esse:
565 2937 716 3028 primum
735 2945 965 3025 argumentum
986 2936 1066 3005 tene
1090 2956 1222 3029 compo·

141 3055 212 3124 sitoe
231 3057 349 3124 raentr‘s
364 3075 460 3148 posse
479 3058 655 3126 consistere
675 3069 707 3126 et
730 3078 839 3127 secam
858 3058 1037 3126 immorari.
1061 3056 1131 3128 Sed
1157 3076 1222 3127 neo

141 3179 224 3251 illud
242 3177 364 3270 ignoro
382 3180 508 3250 multos
524 3200 702 3271 nunquam
720 3188 834 3249 metas
850 3177 971 3269 exigui
989 3176 1083 3248 ruris
1096 3198 1221 3269 egres-

142 3320 213 3381 sos,
236 3300 351 3370 auimo
385 3311 498 3371 tamen
530 3313 565 3372 et
599 3299 866 3392 cogitationibus
888 3320 1028 3394 semper
1050 3319 1161 3392 vagos
1185 3312 1222 3372 ot

49 3477 50 3480 ,
141 3419 332 3506 instabiles,
360 3422 530 3515 quosdam
564 3446 650 3495 vero
683 3425 717 3493 in
749 3421 1027 3518 peregrinatione
1055 3432 1221 3517 perpetua

141 3542 369 3636 gravissimos
391 3553 506 3614 tamen
525 3543 619 3616 viros
639 3566 680 3615 ao
699 3545 999 3617 constantissimos
1016 3545 1136 3617 tuisse.
1154 3545 1221 3615 Pe

142 3666 304 3760 regrinati
326 3675 408 3737 sunt
428 3665 542 3757 magni
564 3667 672 3739 duces
694 3665 882 3758 magnique
902 3666 1109 3761 philosophi,
1130 3687 1221 3760 quo-

142 3813 218 3860 rum
239 3789 367 3885 optime
387 3788 585 3870 meministi;
607 3810 685 3859 curn
707 3787 842 3860 interim
864 3798 899 3860 et
919 3788 953 3858 in
975 3810 1055 3860 rure
1077 3809 1143 3860 suo
1164 3810 1220 3859 re-

140 3912 300 3985 conditus
322 3934 362 3983 ao
383 3913 538 4004 sepultus
560 3919 654 3982 esset
674 3911 788 3984 adhuc
810 3913 935 3983 vivens
956 3910 1057 3983 Vatia
1073 3919 1110 3983 et
1127 3920 1220 3983 totus

140 4034 262 4107 dies...
287 4045 457 4121 sterteret,
481 4034 561 4107 totis
588 4035 747 4107 noctibus
775 4035 947 4127 vigilaret,
970 4054 1220 4127 nunquamque

139 4157 288 4230 cubiculi
310 4160 364 4231 sui
384 4162 476 4230 tores
502 4160 699 4232 excederet.
722 4159 766 4230 Et
789 4158 866 4229 illos
891 4158 995 4229 etiam
1016 4155 1109 4228 nosti
1129 4175 1220 4250 quos

141 4280 273 4351 Seneca
292 4281 367 4376 ipse
388 4283 540 4352 famosos
560 4283 716 4376 epistolis
742 4283 816 4354 suis
841 4282 921 4353 lecit
945 4280 1135 4372 ridensque
1155 4281 1221 4349 im·
1283 4306 1290 4313 ·

79 4396 83 4403 '
141 4403 284 4473 mortale
305 4400 371 4473 illis
392 4402 487 4473 dedit
506 4423 640 4475 nomen.
667 4402 879 4496 Peregrinati
907 4410 989 4473 sunt
1004 4400 1162 4496 Apostoli
1182 4408 1220 4472 et

139 4521 430 4595 disiunctissimas
464 4523 623 4614 regiones
657 4524 760 4596 nudis
787 4522 934 4619 pedibus
967 4522 1215 4592 lustraverunt.
