2738 5062
352 708 442 755 mnnn
466 707 971 760 ocrnrusnncruus.—nrrsrom
993 713 1012 760 r.
1165 703 1253 765 lbtlx

148 850 183 910 et
214 840 323 909 brutii
343 838 540 910 defecerant
564 851 600 912 et
620 841 748 913 Lucani
769 843 917 935 aliaeque
938 855 1060 935 gentes
1081 848 1221 930 ltalicae,

147 982 234 1052 quas
255 982 376 1032 omnes
397 960 486 1032 bello
510 963 673 1034 contundi
695 972 731 1034 et
750 964 907 1034 nolentes
928 965 962 1034 in
983 963 1089 1037 iidem
1110 968 1221 1060 redigi

147 1085 307 1176 oportuit.
330 1086 476 1155 Secutus
508 1094 564 1155 est
595 1084 775 1166 Hannibal;
797 1085 919 1156 defecit
944 1087 1059 1179 Capua
1087 1090 1223 1181 magnis

148 1204 379 1274 Romanorum
405 1204 570 1276 obstricta
596 1205 773 1277 beneficiis
798 1217 845 1290 et,
875 1217 912 1278 ut
936 1211 1074 1302 proprie
1093 1211 1219 1292 dicam,

147 1327 262 1419 populi
284 1326 414 1396 romani
435 1326 558 1399 liberta
579 1329 641 1400 sed
662 1328 811 1400 infidelis
831 1340 866 1400 et
882 1330 1027 1422 ingrata.
1046 1333 1119 1402 lmo
1139 1352 1222 1402 vero

146 1448 224 1539 quis
244 1470 286 1519 ea
307 1457 512 1541 tempestate
533 1471 601 1520 non
626 1451 777 1523 defecit?
803 1454 930 1543 Relege
958 1453 1129 1526 historias.
1156 1456 1223 1524 De-

145 1593 220 1640 cem
241 1584 317 1641 octo
338 1571 481 1641 coloniae
495 1594 707 1665 peromnem
723 1575 854 1644 ltaliam
874 1574 906 1643 in
921 1573 990 1645 lide
1009 1584 1219 1656 manserunt,

144 1715 292 1785 quarum
315 1692 480 1778 subsidio,
501 1706 538 1766 ut
554 1694 643 1766 Livii
666 1698 791 1766 summi
814 1696 966 1767 historici
987 1682 1106 1768 v'erbis
1128 1707 1217 1780 utar,

147 1826 228 1886 tunc
252 1816 434 1907 imperium
462 1819 577 1910 populi
602 1818 744 1888 Romani
772 1819 878 1901 stetit,
906 1820 1017 1910 iisque
1038 1819 1160 1909 gratiae
1184 1819 1220 1889 in

146 1950 267 2009 senatu
293 1947 328 2009 et
352 1936 446 2032 apud
468 1940 632 2032 populum
666 1949 763 2010 actae.
790 1939 882 2022 Quid
906 1939 1032 2010 totiens
1053 1941 1219 2012 Hernicos

143 2062 363 2143 rebellantes
387 2060 471 2152 quid
493 2071 677 2154 perpetuos
698 2061 818 2131 hostes
844 2061 989 2131 Volscos
1015 2061 1219 2154 AEduosque

141 2187 430 2255 commemorem?
449 2184 541 2267 Quot
566 2205 643 2253 cum
678 2182 810 2253 Latinis
845 2181 933 2252 bella
966 2205 1073 2277 prope
1105 2182 1219 2254 civilia

144 2305 262 2395 (unum
294 2304 384 2375 enim
419 2326 546 2398 corpus
579 2305 713 2398 imperii
749 2304 959 2398 videbatur),
996 2318 1079 2395 quot
1113 2305 1219 2377 urbes
1336 2296 1341 2307 ’

141 2447 288 2508 eversae,
304 2435 407 2519 atque
427 2428 459 2496 in
479 2427 599 2519 primis
621 2430 695 2520 ipsa
717 2428 847 2499 romani
865 2426 999 2519 imperii
1017 2448 1142 2520 parens
1160 2427 1220 2496 Al-

142 2547 209 2617 ba‘l
228 2549 327 2632 Quod
348 2561 386 2619 ut
406 2547 505 2619 lieret
523 2547 608 2641 quid
624 2549 692 2621 nisi
708 2547 939 2619 defectionum
959 2558 1072 2646 metus
1090 2569 1130 2617 ac
1148 2568 1219 2618 me·

140 2671 247 2740 moria
267 2670 494 2741 hortabatur‘l
514 2671 681 2754 Quotiens
707 2692 786 2742 curu
813 2668 951 2739 Sabinis
978 2669 1116 2760 ancipiti
1142 2667 1216 2738 acie

140 2790 366 2875 decertatum,
386 2815 464 2864 cum
482 2791 634 2875 Umbris,
654 2815 733 2862 cum
750 2791 977 2875 Samnitibus,
997 2813 1076 2862 oum
1095 2792 1217 2861 Hetru-

142 2912 224 2995 scis,
246 2935 323 2984 cum
345 2914 534 3005 Liguribus
556 2937 596 2986 ac
616 2914 708 2985 Boiis
730 2923 765 2984 et
780 2913 885 2984 Gallis
907 2912 1135 2996 InsubribuS,
1160 2911 1218 2983 ubi

143 3035 370 3107 Mediolanum
389 3037 614 3131 Ticinumque
635 3037 742 3108 urbes
764 3039 868 3107 sunt?
889 3034 958 3106 Sed
975 3032 1059 3127 quid
1079 3034 1217 3125 longius

142 3159 256 3229 leror‘f
276 3156 381 3229 Tibur
401 3180 442 3229 ac
468 3159 653 3230 Tusculum
687 3168 723 3228 et
754 3160 944 3241 Praeneste,
968 3156 1032 3226 tria
1053 3175 1133 3248 quac
1159 3177 1219 3224 su·

142 3279 265 3351 burbia
279 3280 375 3351 urbis
393 3283 525 3364 Romae,
545 3281 713 3353 bellorum
732 3301 857 3351 causas
876 3302 916 3350 ac
934 3278 1109 3348 materiam
1129 3296 1218 3368 prae-

142 3400 260 3485 buere,
284 3422 362 3472 cum
386 3424 451 3472 nou
487 3403 559 3474 suis
594 3412 725 3475 tantum
747 3402 880 3474 viribus
908 3402 1126 3484 insultarent,
1156 3396 1218 3470 sed

141 3525 297 3594 externis
320 3524 478 3595 hostibus
499 3526 667 3597 auxilium
686 3549 726 3598 ac
743 3527 956 3620 receptacula
975 3523 1216 3617 praebuissent.

142 3646 196 3717 Ad
216 3646 293 3716 haec
311 3648 385 3717 Veii
402 3646 465 3717 vix
483 3648 650 3719 decennio
672 3649 792 3720 diruti:
811 3658 949 3719 exustae
963 3647 1117 3717 Fidenae:
1137 3666 1219 3714 san-

142 3768 269 3838 ctitatis
286 3768 512 3840 admiratione
535 3771 683 3842 Plralerii
702 3771 850 3855 subacti,
868 3772 905 3841 vi
925 3779 1025 3863 capta
1042 3769 1216 3860 Neapolis,

142 3901 350 3984 captumque
367 3891 616 3975 Brundusium,
638 3908 673 3964 et
693 3894 831 3974 Corioli,
854 3903 890 3962 et
910 3893 1086 3981 Fregellae,
1106 3898 1141 3956 et
1159 3890 1220 3958 So-

144 4034 194 4094 ra,
213 4022 249 4082 et
268 4011 447 4104 Algidum,
467 4024 502 4084 et
520 4014 752 4095 Corniculum,
769 3998 808 4083 ac
823 4015 990 4092 Sutrium,
1010 4021 1043 4080 et
1062 4011 1218 4092 Bovillae,

144 4145 180 4204 et
199 4135 350 4217 Verulae,
378 4147 413 4205 et
434 4137 589 4215 Faesulae,
618 4135 710 4204 unde
731 4133 851 4228 patriae
882 4153 970 4202 meze
998 4132 1222 4203 fundamenta

144 4256 331 4327 fluxerunt.
350 4259 462 4348 Piget,
478 4261 599 4341 fateor,
618 4256 779 4326 maximis
797 4277 906 4347 parva
922 4265 1139 4326 connectere.
1154 4252 1222 4323 Sed

144 4389 182 4449 ut
203 4380 270 4448 iam
293 4379 493 4471 praevalidae
515 4378 737 4470 robustaeque
757 4377 885 4449 civitati
907 4378 989 4448 nibil
1009 4378 1155 4448 arduum
1178 4376 1224 4444 sit

147 4505 273 4569 tenerae
293 4520 333 4568 ac
355 4499 414 4568 rix
441 4497 524 4568 dum
551 4497 754 4592 pubescenti
775 4498 984 4591 Reipublicae
1005 4499 1120 4566 nullus
1142 4517 1223 4565 acu-
