2738 5062
219 667 277 729 292
560 682 600 729 nu
623 680 723 729 nunus
745 682 967 731 raluunmurs

217 829 312 888 certe
333 818 570 910 praestiturum
593 838 710 910 spero,
730 829 765 889 et
785 817 928 888 consilia
950 839 1026 889 mea
1048 819 1198 904 interim,
1219 843 1312 915 quoe

218 941 344 1012 multos
367 951 405 1011 ut
424 942 553 1011 lateant
574 940 676 1023 nitor,
697 938 757 1010 tibi
774 950 879 1033 atque
897 939 1017 1012 amicis
1034 941 1199 1015 omnibus
1222 922 1311 1037 pro-

218 1064 336 1135 batum
373 1065 413 1135 iri
445 1088 513 1136 non
552 1065 714 1159 desper0,
748 1086 960 1157 quamquam
999 1065 1083 1135 mihi
1118 1066 1154 1135 in
1192 1066 1309 1141 rebus

217 1187 378 1257 omnibus
402 1185 633 1258 testimonium
656 1186 877 1258 conscientIae
899 1188 982 1257 satis
1003 1174 1056 1256 s'it.
1079 1188 1175 1258 Vale.

360 1331 448 1386 XIIII.
466 1331 604 1386 Kalendas
618 1330 792 1391 Novembris,
810 1347 894 1403 super
907 1331 1022 1386 llumina
1037 1332 1195 1404 Babylonis.

722 1557 800 1565 η.

634 1780 812 1846 uelsuoun
838 1783 871 1846 V.

298 1970 490 2021 rnnuclscus
512 1968 680 2018 Purnnuca
701 1969 774 2018 DUCI
795 1968 836 2018 ΕΤ
857 1968 1001 2020 CONSILIO
1023 1970 1220 2022 REII’UBLICAE

599 2072 764 2122 IANUENSIS
786 2073 811 2122 S.
834 2074 861 2122 P.
883 2074 912 2122 D.

216 2235 365 2289 Victoriam
375 2233 507 2287 adversus
513 2232 632 2287 Venetos
642 2232 759 2287 summu
769 2231 897 2286 laudibus
908 2230 997 2300 cllert,
1007 2232 1190 2304 hortaturque
1200 2233 1236 2288 ad
1244 2251 1301 2291 mo·

306 2321 422 2376 destiam
434 2326 462 2376 et
476 2320 731 2390 magnanimitatem
745 2337 810 2391 erga
825 2321 918 2375 victos.
937 2320 1029 2374 Civilis
1038 2319 1183 2377 discordiae
1193 2322 1298 2379 damna

304 2414 513 2474 commemorat,
530 2423 662 2478 armaque
676 2407 705 2462 in
720 2413 848 2463 externos
861 2409 955 2464 hostes
969 2410 1154 2465 convertenda
1168 2411 1279 2467 suadet.

313 2639 456 2730 indulge
470 2637 566 2722 mihi,
586 2661 661 2723 oro,
682 2639 1025 2732 magnificentissime
1043 2644 1138 2726 Dux,
1158 2663 1296 2736 vosque

214 2762 349 2837 consilii
368 2760 562 2832 clarissima
582 2761 726 2833 lumina:
752 2763 964 2833 familiariter
991 2763 1173 2835 vobiscum
1200 2765 1296 2859 loqui

213 2885 375 2981 equidem
396 2907 465 2955 non
486 2905 623 2968 vereor,
644 2906 758 2977 neque
772 2886 864 2957 hunc
875 2885 1000 2958 videor
1013 2886 1203 2979 anticipare
1222 2908 1295 2960 ser-

214 3030 351 3081 monem
386 3006 445 3100 qui
476 3014 570 3078 certo
600 3006 744 3079 consilio
761 3007 889 3080 dilatus
906 3017 972 3079 est.
991 3009 1167 3080 Hactenus
1186 3009 1291 3093 enim,

213 3131 333 3211 fateor,
356 3140 395 3199 ut
416 3130 518 3200 tantis
540 3126 644 3199 finem
677 3129 901 3223 apparatibus
935 3132 1073 3202 fortuna
1093 3130 1206 3215 daret,
1233 3154 1296 3204 aa·

213 3252 295 3323 xius
315 3249 562 3342 expectabam3
589 3262 625 3321 et
651 3251 741 3321 sicut
760 3251 985 3324 inhumanum
1012 3262 1087 3324 erat
1112 3253 1165 3326 ira
1189 3263 1295 3348 atque

213 3373 293 3445 odio
313 3372 500 3463 flagrantes
520 3373 655 3444 animos
676 3373 793 3445 verbis
818 3376 1023 3460 accendere,
1051 3377 1101 3448 sic
1126 3377 1293 3471 intempc

215 3495 343 3565 stivum
366 3492 467 3564 rebar
487 3505 639 3566 armatos
660 3507 696 3566 et
716 3494 784 3566 iam
806 3506 939 3569 stantes
962 3498 997 3567 in
1016 3498 1090 3569 acie
1114 3499 1293 3571 dehortari

213 3639 256 3690 ac
274 3616 452 3687 retrahere
485 3615 531 3686 ab
562 3617 679 3688 armis.
701 3618 858 3689 Sciebam
881 3621 1055 3711 galeatum
1083 3642 1164 3694 sero
1186 3622 1292 3694 duelli

214 3738 392 3833 poenitere,
411 3747 446 3808 et
463 3736 497 3806 in
514 3747 612 3832 parte
628 3740 766 3809 Iunctus
786 3761 873 3812 meae
892 3741 1089 3815 devotionis
1110 3743 1224 3816 officio
1241 3744 1293 3814 vi-

212 3859 337 3945 debar,
359 3879 402 3931 eo
421 3859 516 3953 quod
536 3871 616 3930 ante
637 3858 842 3954 principium
865 3863 969 3935 huius
987 3864 1081 3950 belli,
1100 3886 1171 3958 quo
1189 3868 1290 3939 simul

212 3982 329 4055 oriens
362 3982 593 4075 occidensque
625 4002 818 4056 concussus
850 3995 915 4068 est,
951 3985 1154 4080 priusquam
1187 3987 1292 4059 domo

211 4107 362 4197 prolecta
375 4114 524 4198 utraque
536 4103 661 4175 elassis
674 4116 781 4190 esset,
799 4107 891 4200 apud
905 4107 1292 4204 inclytumVenetorum

210 4224 350 4311 ducem,
377 4226 433 4297 cui
461 4236 497 4297 et
517 4225 630 4298 notior
652 4248 729 4298 sum
755 4237 791 4299 et
816 4250 949 4300 memor
971 4228 1040 4324 (sie)
1070 4238 1153 4302 tunc
1176 4252 1288 4314 eram,

211 4356 251 4418 ut
271 4355 453 4438 surgentes
473 4349 604 4420 irarum
626 4346 785 4421 flammas
805 4351 1028 4442 extingueret
1046 4352 1151 4423 enixe
1169 4354 1291 4426 admo-

210 4467 293 4539 dum
310 4477 345 4539 et
362 4490 468 4564 prope
488 4469 648 4542 flebiliter
665 4469 858 4554 intercessi,
875 4493 941 4544 non
958 4474 1105 4558 veritus,
1120 4495 1165 4546 ne
1178 4474 1291 4546 alieno
