2738 5062
358 622 451 672 nrnna
473 622 1005 673 nonusnnuruus.-nrrsronn111.
1165 608 1224 671 523
1342 583 1353 590 ’

149 765 213 835 vix
231 760 280 835 ab
303 762 382 853 ipso
411 760 547 834 tandem
568 764 678 833 multa
696 760 884 834 verborum
905 763 1148 834 colluctatione
1172 762 1226 832 di·

148 887 275 960 vulsus
307 905 396 954 sum.
430 884 508 968 Quo
541 892 692 975 tempore
711 885 815 954 Tusci
835 883 953 954 militis
982 906 1029 955 ex
1061 885 1227 957 comitatu

148 1026 306 1079 caesareo
330 1027 440 1096 grave
464 1006 612 1077 verbum
640 1017 676 1078 et
707 1007 854 1078 liberum
885 1007 1051 1089 insonuit,
1083 1009 1144 1099 qui
1170 1030 1226 1080 ma

148 1151 253 1199 manu
274 1139 412 1212 tenens,
433 1127 544 1200 oculis
566 1127 598 1196 in
621 1128 716 1199 illum
737 1151 880 1209 versus;
904 1150 994 1212 ecce,
1016 1129 1140 1220 inquit,
1160 1129 1226 1198 lm·
1350 1185 1353 1196 .

147 1261 288 1343 perator
306 1247 351 1319 de
370 1271 440 1341 quo
467 1269 559 1342 saepo
583 1249 642 1321 tibi
662 1249 836 1321 dixeram:
862 1250 923 1342 qui
949 1251 977 1321 si
1010 1250 1094 1342 quid
1123 1249 1225 1322 laude

147 1371 292 1462 dignum
313 1370 485 1461 gesseris,
505 1393 631 1441 nomen
651 1384 748 1442 tuum
770 1373 910 1442 taciturn
928 1395 995 1443 non
1014 1372 1120 1454 sinet3
1141 1374 1227 1444 alio-

146 1494 231 1586 quin
251 1503 287 1565 et
306 1493 397 1585 loqui
424 1491 546 1564 didicit
570 1505 605 1564 et
625 1505 750 1564 tacere.
777 1494 893 1568 Redeo
917 1508 1032 1568 autem
1058 1496 1103 1568 ad
1132 1498 1227 1567 ince-

145 1625 253 1711 ptum.
279 1614 356 1686 Non
381 1615 486 1705 igitur
514 1614 665 1686 oblatam
692 1616 837 1704 gloriam
866 1617 962 1708 fugio
990 1616 1085 1709 quod
1111 1616 1225 1687 invisa

146 1738 208 1821 sit,
231 1733 295 1808 sed
323 1736 417 1828 quod
442 1735 573 1807 veritas
600 1737 733 1808 cunctis
759 1738 865 1810 rebus
890 1739 1041 1811 amicior.
1067 1739 1142 1811 Non
1169 1760 1224 1809 se-

145 1868 290 1951 quester
309 1858 404 1951 pacis
425 1878 507 1949 ego,
531 1857 593 1929 sed
613 1867 749 1930 amator
777 1858 841 1944 sui,
862 1881 977 1952 neque
996 1861 1131 1954 petitor,
1159 1859 1223 1931 sed

144 1978 303 2053 hortator
317 1989 353 2051 et
368 1980 543 2064 laudator,
562 2002 675 2073 neque
701 1980 868 2074 principio
887 1981 964 2052 eius
984 1982 1137 2067 interlui,
1160 1982 1223 2054 sed

144 2099 215 2171 fini.
234 2101 320 2172 Cum
338 2103 429 2172 enim
451 2103 485 2171 in
507 2103 729 2175 conclusione
750 2112 955 2176 tractatuum
981 2104 1127 2196 publicis
1148 2127 1223 2177 mo-

143 2224 306 2294 nimentis
327 2223 422 2315 pacis
444 2223 589 2295 firmitas
607 2226 819 2308 fundaretur,
839 2225 1008 2297 interesse
1030 2248 1084 2297 me
1105 2228 1223 2297 Caesar

142 2354 176 2416 et
193 2347 331 2416 fortuna
352 2348 548 2419 voluerunt.
562 2349 717 2418 Profecto
730 2359 846 2419 autem
862 2347 898 2416 in
915 2346 981 2419 hoc
998 2370 1126 2440 genere
1139 2348 1223 2419 nulli

143 2465 229 2536 ltalo
254 2466 332 2557 plns
360 2464 525 2537 tributum
557 2468 645 2537 scio:
667 2469 785 2540 vocari
814 2477 851 2540 et
880 2472 995 2560 rogari
1021 2492 1042 2538 a
1067 2470 1220 2539 Caesare:

142 2586 249 2659 iocari
268 2597 303 2658 et
319 2588 497 2680 disputare
513 2612 592 2660 cum
607 2592 758 2661 Caesare.
776 2592 907 2660 Platoni
925 2588 1065 2682 quidem
1084 2590 1221 2681 sapien-

142 2709 201 2780 tiae
218 2708 371 2790 antistiti,
388 2718 426 2779 ut
438 2710 566 2780 Plinius
587 2711 645 2793 ait,
669 2711 855 2805 Dionysius
876 2720 1043 2806 tyrannus
1061 2709 1219 2780 vittatam

141 2854 269 2904 navem
287 2832 382 2902 misit
400 2831 556 2903 obviarn:
575 2831 650 2924 ipse
669 2829 848 2924 quadrigis
873 2829 961 2901 albis
982 2829 1219 2920 egredientem

142 2953 177 3024 in
204 2933 318 3024 littore
337 2953 485 3046 excepit.
507 2955 590 3024 Haec
611 2962 649 3023 ut
668 2951 854 3043 magnifica
874 2953 1071 3021 reseruntur
1091 2951 1125 3020 in
1146 2953 1221 3043 glo-

142 3056 232 3145 riani
259 3074 421 3144 Platonis.
442 3074 532 3145 Vide
553 3097 655 3156 nunc,
678 3072 917 3146 amantissime
937 3072 1034 3155 lali,
1055 3094 1125 3164 quo
1147 3082 1220 3144 ten·

143 3195 236 3279 dam,
259 3205 296 3265 et
313 3207 349 3265 ut
366 3199 494 3267 nullam
513 3191 663 3266 oblatam
680 3216 777 3266 verae
797 3195 917 3286 gloriae
932 3195 1111 3264 materiam
1130 3217 1221 3289 prae·

143 3317 340 3389 termittam.
359 3316 450 3400 Quid
475 3339 559 3388 vero
577 3340 645 3388 non
665 3338 817 3387 ausurus
836 3317 915 3400 sim,
935 3317 994 3408 qui
1012 3316 1144 3386 Platoni
1164 3340 1220 3389 me

143 3443 299 3513 conterre
320 3461 388 3509 non
404 3443 552 3510 verear?
572 3438 639 3509 Sed
659 3438 750 3510 absit
767 3449 804 3508 ut
821 3459 875 3508 me
893 3437 939 3506 illi
957 3440 1145 3524 conseram,
1163 3438 1220 3511 cui

142 3562 376 3633 maximorum
398 3560 575 3632 hominum
595 3559 684 3632 etin
705 3560 825 3654 primis
847 3560 946 3631 Tullii
963 3561 1220 3655 Augustinique

143 3683 278 3764 indicio,
293 3705 357 3753 nec
369 3683 574 3753 Aristoteles
592 3683 823 3754 conferendus
841 3682 895 3754 sit.
909 3685 984 3755 Non
1003 3684 1218 3775 ingeniorum

143 3807 207 3878 sed
227 3815 417 3877 eventuum
439 3805 506 3874 ista
525 3806 660 3875 collatio
680 3818 745 3876 est.
769 3809 826 3875 llle
853 3806 983 3876 Platoni
1004 3826 1025 3872 a
1045 3807 1219 3898 Syracusa

141 3929 286 4000 forsitan
306 3950 384 4000 arce
405 3935 588 4020 prospecto
613 3948 676 4018 per
695 3926 944 4017 aliquantulum
967 3925 1042 3994 freti
1067 3924 1217 4015 spatium

141 4049 299 4121 vittatam
325 4072 450 4120 navem
472 4050 566 4118 misit
594 4047 749 4118 obviam:
771 4046 837 4116 iste
865 4055 981 4115 autern
1007 4065 1216 4134 generosum

142 4192 183 4245 ac
203 4171 385 4244 militarem
406 4182 442 4243 et
461 4182 641 4243 strenuum
659 4169 843 4262 quemdam
862 4168 974 4237 virum
994 4168 1124 4258 aliquot
1143 4167 1217 4238 die-

142 4316 218 4364 rum
245 4295 359 4386 spatio
385 4305 547 4364 onustum
573 4293 734 4386 precibus
759 4291 804 4362 ad
833 4311 890 4359 me
910 4289 1018 4373 misit3
1045 4289 1101 4360 ille
1127 4292 1217 4360 ultro

140 4417 341 4489 venientem
360 4417 515 4509 excepit:
534 4417 646 4488 oravit
666 4416 722 4487 hic
740 4413 843 4487 etiam
868 4421 908 4484 ut
932 4414 1099 4484 venirem.
1127 4412 1214 4481 Con-
