2738 5062
148 671 204 735 tbi
484 682 523 729 uu
545 682 644 731 rannus
665 681 884 732 rstrrurnmuus

146 816 281 889 visendi
308 818 536 912 propositum,
570 840 648 888 cum
677 815 762 889 satis
789 838 845 887 me
871 817 1106 901 excusserim,
1138 816 1217 889 nibil

144 942 239 1034 quod
261 938 363 1012 scribi
384 939 528 1030 dignum
550 950 646 1011 esset
664 939 793 1023 inveni,
816 938 882 1009 nisi
908 939 974 1011 boc
991 938 1107 1034 ipsum
1123 938 1214 1023 noui,

146 1063 227 1134 nibil
244 1084 324 1135 esse
341 1061 436 1153 quod
450 1062 648 1134 scriberem.
668 1063 754 1134 Nam
774 1062 802 1132 si
820 1061 918 1144 hanc,
938 1062 992 1133 cui
1011 1062 1155 1134 assidue
1170 1062 1218 1132 in·

146 1198 289 1268 tersum,
310 1185 488 1256 historiam
511 1183 750 1280 babylonicam
773 1184 969 1276 aggrediar,
992 1186 1123 1256 frustra
1142 1184 1215 1269 erit,

145 1307 306 1399 quoniam
327 1317 363 1377 et
381 1309 489 1377 multa
510 1306 577 1377 iam
599 1307 632 1375 in
655 1306 842 1378 amicorum
861 1307 981 1378 litteris
998 1307 1147 1389 inserui,
1172 1318 1216 1387 ct,

146 1431 175 1500 si
195 1451 425 1523 quaecumque
457 1431 524 1500 lert
555 1429 692 1499 animus
725 1431 901 1524 explicam
931 1429 1051 1510 velim,
1084 1428 1220 1501 deficiet

146 1552 256 1624 stilus.
291 1554 325 1624 Si
359 1553 402 1624 ad
434 1575 510 1624 mea
541 1574 596 1623 me
627 1562 781 1637 vertero,
804 1549 964 1623 titubabit
989 1551 1112 1624 oratio.
1132 1551 1220 1635 Quid

144 1676 235 1747 cuim
257 1676 341 1746 mibi
360 1685 416 1745 est
432 1675 529 1761 certi,
552 1675 620 1745 nisi
641 1674 736 1767 quud
761 1675 879 1767 utique
905 1673 1125 1746 moriendum
1149 1676 1220 1747 est?

144 1797 279 1889 Arguat
298 1797 376 1870 licet
396 1769 539 1882 Seneca,
562 1798 623 1892 qui
639 1797 674 1868 in
692 1797 794 1869 simili
815 1796 1013 1868 Ciceronem
1034 1796 1166 1888 arguit,
1186 1796 1218 1866 iu

144 1943 265 1993 eorum
286 1943 341 1992 mc
363 1943 469 2013 grege
489 1921 622 2015 reperio
639 1942 728 2015 quos
747 1929 837 1991 statu
856 1917 984 1991 liberos
1001 1929 1143 2004 vocaut;
1159 1938 1219 1992 nec

144 2045 235 2125 vivo,
257 2065 321 2114 nec
342 2045 455 2125 valeo,
478 2066 543 2115 nec
564 2043 703 2129 morior,
726 2064 791 2114 nec
810 2051 957 2134 aegroto:
985 2051 1059 2112 tum
1080 2042 1216 2114 demum

145 2165 264 2235 vivere
283 2173 320 2233 et
339 2167 457 2236 valere
477 2166 647 2259 incipiam,
669 2190 748 2238 cum
770 2165 936 2237 invenero
962 2163 1067 2236 buius
1086 2165 1216 2237 exitum

144 2283 341 2379 labyrinthi.
376 2286 413 2355 ln
446 2286 511 2358 boc
536 2288 640 2358 moilo
665 2310 742 2360 sum
771 2297 877 2360 totus:
908 2288 974 2359 boc
1007 2309 1116 2358 uuum
1143 2304 1214 2378 ago.

144 2407 242 2491 Vale,
257 2419 292 2478 et
310 2406 478 2500 quidquid
498 2407 607 2479 babes
626 2410 845 2496 incommodi,
865 2410 945 2484 buic
961 2411 1126 2484 collatum
1145 2408 1214 2481 exi·

145 2529 201 2613 lio,
225 2529 436 2622 dulce-puta.

285 2672 417 2730 Kalendis
430 2674 542 2747 Aprilis.

560 3120 737 3185 EPISTOLA
758 3122 801 3185 lll.

174 3329 367 3380 FllllNClSCUS
388 3331 556 3381 Parauaea
576 3331 820 3383 sauuuubosfflu
840 3333 992 3383 uulscouo
1014 3336 1182 3388 ullumne.

142 3523 247 3580 Laudat
266 3525 341 3596 quod
364 3542 444 3597 aequo
462 3526 555 3582 animo
574 3527 695 3598 pontifex
713 3528 864 3585 Theatinus
877 3530 1035 3585 renunciata
1052 3549 1153 3606 passus
1167 3532 1206 3588 sil.

212 3613 393 3683 Anemonem,
404 3615 479 3670 unde
494 3633 523 3671 se
534 3616 625 3671 divelli
637 3635 691 3673 nen
705 3635 785 3691 posse
796 3619 884 3691 limet,
896 3622 974 3677 valde
984 3623 1133 3696 vituperat.
1147 3625 1207 3681 Iau-

212 3704 259 3759 dat
272 3704 415 3759 Nicolaum
431 3706 598 3761 Acciaiolum
613 3713 641 3761 et
655 3708 814 3780 episcopum
829 3709 942 3766 fratrem
955 3711 1024 3766 eiius.

237 3952 338 4036 Quod
361 3963 485 4023 natura
517 3953 742 4047 procellosum
768 3977 830 4024 rer
853 3955 910 4025 tibi
933 3977 972 4028 se
995 3960 1205 4051 tranquillum

141 4074 299 4168 praebuit,
328 4073 591 4169 superamabilis
620 4085 730 4167 pater,
760 4077 845 4147 seito
871 4079 979 4151 luisse
1009 4102 1079 4152 non
1113 4080 1204 4159 AEoli,

140 4196 211 4287 qui,
236 4207 272 4266 ut
292 4197 338 4267 ait
358 4198 469 4268 Maru:

338 4391 495 4454 luctantes
512 4400 619 4457 ventos
634 4402 887 4477 tempestatesque
905 4414 1030 4461 sonoras

338 4492 466 4569 Imperio
484 4495 592 4571 premit
612 4512 643 4557 ue
662 4497 767 4558 vinclis
786 4505 811 4559 et
831 4512 950 4560 carcere
968 4498 1079 4561 frenat.
