2738 5062
157 635 218 699 490
498 648 540 699 ns
560 648 662 700 nunus
683 648 905 703 rmusnnnnns

157 784 342 860 commoda
357 785 438 858 binc
454 787 563 859 multa
578 785 784 882 percipiens.
797 786 884 860 Nam
899 787 1062 863 utilitates
1079 789 1239 885 quidem,

157 920 197 981 ut
213 909 262 982 ait
280 907 375 1002 apud
394 908 595 981 Ciceronem
616 906 758 992 Laelius,
779 908 886 979 etiam
905 907 953 1002 ab
967 908 1023 982 bis
1044 910 1242 1007 percipiun-

157 1045 215 1104 tur
235 1051 343 1125 saepe,
362 1032 423 1123 qui
444 1029 667 1105 simulatione
681 1029 850 1103 -amicitiae
869 1033 1044 1119 coluntur,
1064 1044 1100 1105 et
1118 1032 1241 1107 obser-

156 1163 286 1227 vantur
308 1155 472 1249 temporis
496 1174 614 1227 cansa.
636 1153 730 1240 Quid
753 1151 798 1225 de
825 1152 892 1227 boc
916 1155 1074 1240 sentiam,
1096 1154 1242 1251 queris?

156 1277 244 1349 Fuci*
261 1276 426 1351 callidum
453 1277 671 1351 venditorem
695 1285 732 1349 et
756 1274 939 1351 mendacio
964 1272 1118 1351 feliciter
1135 1300 1241 1351 usum

156 1399 285 1484 dioam;
304 1399 401 1493 quod
425 1399 613 1473 amicitiam
639 1410 788 1496 spectat,
815 1400 1015 1495 imposturis
1040 1400 1087 1473 illi
1111 1423 1241 1475 nomen

156 1521 359 1606 attribuam,
381 1544 451 1595 non
470 1523 581 1596 amici.
608 1524 647 1595 ln
671 1523 821 1597 amicitia
840 1524 946 1610 enim,
973 1532 1012 1595 ut
1035 1522 1166 1597 ibidem
1192 1525 1242 1599 ait

156 1644 263 1729 idem,
284 1645 370 1717 nibil
390 1642 508 1718 fictum
539 1655 608 1730 est,
643 1644 729 1717 nihil
757 1645 974 1730 simulatum,
1000 1657 1038 1718 et
1068 1643 1242 1740 quidquid

155 1780 225 1854 est,
247 1768 340 1841 idem
360 1778 417 1841 est
440 1790 565 1841 verum
585 1779 620 1843 et
638 1768 885 1841 voluntarium.
911 1770 994 1841 Haec
1009 1768 1124 1861 ,igitur
1143 1789 1242 1841 som-

155 1902 298 1964 maest:
315 1892 350 1962 in
371 1890 519 1964 amicitia
535 1893 611 1963 sola
627 1890 777 1965 amicitia
797 1890 998 1985 quaerenda.
1019 1892 1133 1967 Verus
1153 1891 1241 1991 ami-

155 2034 219 2086 cus
239 2012 324 2084 nibil
341 2013 411 2085 nisi
430 2014 577 2087 amicum
599 2011 738 2107 cogitat.
756 2011 858 2097 Quod
875 2011 906 2083 si
923 2035 979 2084 me
996 2034 1135 2106 semper
1152 2012 1241 2085 ami·

154 2137 206 2209 cis
226 2130 433 2230 praestitisss
451 2144 487 2207 et
507 2135 643 2208 abillis
668 2134 866 2228 prestitum
890 2135 976 2207 mibi
1001 2134 1096 2220 scio,
1125 2157 1239 2231 neque

154 2278 259 2349 quam
273 2256 411 2331 remitto
424 2257 512 2346 aliis,
529 2279 551 2328 a
567 2278 632 2343 me,
650 2257 686 2327 in
697 2255 932 2329 familiaribus
949 2255 1146 2352 praesertim
1165 2256 1239 2353 epi·

154 2379 262 2464 stolis,
274 2380 507 2473 eloquentiam
528 2380 697 2474 flagitari,¹
714 2401 830 2473 neque
845 2379 929 2451 mibi
946 2379 1031 2453 vitio
1051 2379 1238 2473 verti-cre·

154 2503 235 2576 dam
269 2502 300 2574 si
331 2524 411 2575 oum
431 2501 553 2574 amicis
587 2502 638 2574 sic
665 2502 807 2574 locutus
824 2501 983 2595 inveniar
1016 2514 1055 2574 ut
1085 2478 1233 2577 mecum.

153 2624 319 2710 Qum-res
339 2624 423 2697 mihi
444 2633 577 2697 tantum
597 2622 844 2695 incuriositatis
864 2625 990 2710 attulit,
1010 2634 1049 2697 ut
1069 2647 1138 2711 non
1155 2647 1235 2699 ver·

152 2746 275 2820 borum
301 2746 405 2820 modo
425 2746 490 2820 sed
509 2766 625 2821 rerum
647 2767 791 2841 quoque
816 2748 999 2840 negligens
1021 2746 1114 2821 fiam.
1136 2748 1233 2823 Unde

152 2892 207 2941 me
226 2872 350 2956 fateor,
373 2880 412 2944 ut
430 2870 622 2944 incidenter
643 2870 711 2943 hoc
729 2869 894 2955 dixerim,
914 2893 1164 2966 nonnunquam
1181 2873 1232 2947 in·

150 2996 356 3069 constantim
371 3005 527 3068 notatum
545 2993 590 3067 ab
608 2994 663 3067 his
680 2993 809 3088 quibus
826 2993 1006 3068 videretur
1021 2996 1129 3070 etiam
1145 3000 1230 3073 ami·

148 3117 199 3192 cis
219 3121 469 3212 colloquentem
496 3118 549 3191 sic
571 3116 698 3190 librare
716 3117 834 3189 omnia
853 3116 995 3203 debere,
1015 3130 1054 3192 nt
1070 3121 1156 3193 nihil
1174 3125 1228 3200 vel

147 3245 182 3314 in
202 3243 357 3315 oratione
377 3243 423 3314 sit
441 3241 578 3314 varium
597 3243 652 3314 vel
669 3240 705 3315 in
721 3239 837 3313 rebus.
861 3242 971 3326 Quale
988 3253 1044 3314 est
1059 3245 1226 3349 enimin·

144 3363 283 3454 quiunt,
305 3362 417 3437 amico
436 3362 627 3457 quidquam
649 3362 742 3457 loqui
764 3374 826 3439 aut
845 3363 976 3458 aliquid
996 3368 1087 3439 velle
1108 3367 1222 3453 hodie,

144 3485 244 3557 cuins
264 3488 476 3568 contrarium
501 3507 579 3559 oras
605 3485 758 3581 loquaris
784 3496 851 3565 aut,
869 3487 982 3560 velis‘l
1002 3487 1223 3563 Firmandom

143 3631 230 3702 ergo
246 3609 400 3680 animum
416 3620 452 3681 et
470 3620 544 3681 tum
560 3609 702 3681 demum
722 3608 842 3682 amicis
862 3609 1049 3704 aperienda
1070 3612 1222 3685 consilia.

143 3731 229 3802 Hinc
240 3730 332 3801 enim
345 3738 381 3800 et
395 3730 584 3802 verborum
599 3739 634 3801 et
647 3738 787 3801 actuum
802 3731 1017 3803 uniformitas
1031 3754 1223 3827 conseque·

143 3862 208 3925 tur.
230 3851 332 3937 Quod
353 3852 433 3925 alibi
454 3852 595 3947 quidem
616 3850 744 3923 utiliter
755 3851 905 3946 -praecipi
932 3876 1001 3926 non
1026 3877 1135 3947 nego;
1161 3854 1221 3929 sed

141 3974 176 4044 in
210 3975 361 4049 amicitia
386 3975 490 4047 nimis
521 3976 628 4047 vaire.
659 3974 710 4046 lta
738 3974 805 4045 illis
839 3974 1032 4070 respondeo
1063 3975 1221 4070 (namet

140 4095 256 4170 adbuc
270 4100 338 4177 sub
350 4099 462 4172 iudice
478 4098 521 4169 lis
539 4106 604 4179 est,
622 4106 657 4168 et
674 4106 709 4167 te
725 4095 893 4168 arbitrum
909 4119 980 4189 non
997 4099 1136 4194 recuso)
1156 4121 1218 4185 me,

140 4219 235 4309 qnod
256 4241 351 4314 saepe
371 4221 446 4293 iam'
459 4219 548 4306 dixi,
570 4220 686 4292 omnia
705 4241 785 4291 cnm
809 4219 931 4293 amicis
951 4231 990 4292 nt
1015 4244 1151 4296 mecum
1172 4224 1219 4294 lo

138 4337 213 4431 qui,
237 4361 372 4410 mesum
390 4363 475 4415 vero
494 4363 563 4414 non
584 4350 716 4413 tantum
738 4340 936 4416 examinata
956 4354 991 4416 et
1007 4345 1215 4440 approbata,

140 4457 204 4531 sed
220 4458 383 4550 ambigua
400 4462 531 4553 saepius
547 4471 583 4534 et
602 4462 733 4535 incerta
754 4471 917 4548 tractare,
936 4472 973 4537 et
989 4465 1164 4552 haesitare,
1182 4475 1217 4537 st
