2738 5062
367 635 457 682 uranu
482 634 986 688 corrumpamus—murum
1001 642 1028 715 .¹·
1173 627 1230 689 tot

156 773 251 867 quod
270 773 305 842 in
326 794 387 844 ore
409 792 545 864 semper
566 772 690 845 habeo:
710 775 846 866 singula
872 774 969 858 vitia,
993 776 1148 868 singulas
1168 797 1233 848 ex-

154 894 350 969 cusationes
377 893 519 978 habere,
546 894 704 965 inertiam
727 898 836 968 solam
856 917 987 968 omues.
1010 898 1045 969 Si
1066 899 1125 972 diu
1146 902 1233 976 deli-

153 1017 313 1088 berasset
324 1015 515 1097 Africanus,
531 1017 626 1088 ltalia
639 1016 868 1089 deserebatur
885 1039 905 1089 a
924 1019 1007 1103 suis,
1022 1030 1057 1091 et
1068 1021 1229 1097 dirorum

153 1150 239 1209 erat.
260 1138 295 1207 Si
315 1137 376 1209 diu
395 1135 623 1208 deliberasset
643 1138 782 1223 Nasica,
802 1139 944 1213 libertas
963 1162 1106 1214 romana
1125 1144 1231 1217 Grac-

152 1261 207 1331 chi
233 1259 413 1331 ccnatibus
446 1268 481 1330 et
513 1260 669 1331 audaciae
703 1260 961 1334 succumbebat.
996 1263 1030 1332 Si
1064 1264 1229 1338 Claudius

152 1381 243 1453 Nero
263 1403 330 1452 non
348 1381 460 1453 dicam
482 1402 697 1477 supervacua
718 1385 826 1455 multa
842 1395 877 1455 et
894 1387 1011 1478 longa,
1028 1386 1091 1459 sed
1111 1410 1227 1474 unum,

151 1500 243 1595 quod
272 1502 508 1575 necessarium
536 1505 722 1576 videbatur
752 1516 787 1576 et
818 1503 925 1579 breve
956 1516 1045 1592 erat,
1068 1518 1229 1582 senatus-

151 1627 347 1696 consultum
364 1634 598 1721 expeetasset,
616 1627 820 1698 coniunctus
838 1626 934 1698 lratri
951 1626 1147 1704 Hasdrubal
1160 1632 1229 1702 llo

150 1769 291 1820 manum
311 1745 531 1841 proculcabat
550 1769 686 1819 nomen.
706 1747 797 1831 Quid
814 1748 904 1820 inter
918 1750 1067 1822 minores
1089 1751 1228 1822 haereo‘l

150 1870 229 1962 lpse
249 1892 354 1963 quem
376 1889 473 1962 saepe
492 1867 754 1940 nominolnlius
773 1869 892 1941 Caesar
910 1870 940 1942 si
958 1870 1228 1963 procrastinatur

149 1991 272 2062 luisset
291 2011 469 2085 nunqnam
491 1987 526 2059 in
547 1999 615 2060 tam
637 2010 747 2083 parvo
774 1998 929 2084 tempore
955 1991 1045 2064 hanc
1071 2002 1223 2077 numm,

148 2132 229 2205 quaa
258 2112 322 2183 vix
341 2110 495 2184 omnium
527 2108 642 2181 studio
668 2110 861 2182 sustinetur
879 2111 1064 2184 fundasset
1091 2113 1226 2186 erexis·
1271 2172 1274 2177 .

149 2244 274 2325 setquc
292 2253 409 2304 rernm
431 2234 571 2315 molem,
606 2230 660 2303 cui
694 2232 830 2325 lmperii
865 2255 990 2305 nomen
1020 2245 1085 2306 est.
1113 2234 1164 2306 Tu
1195 2234 1225 2305 si

148 2364 269 2425 cuncta
307 2352 494 2438 deliberas,
537 2361 571 2424 et
609 2354 756 2445 singulis
783 2352 995 2438 immoraris,
1038 2353 1224 2448 praedicam

150 2474 224 2560 tibi,
256 2475 322 2548 etsi
352 2476 438 2546 lorte
468 2497 536 2546 non
567 2477 683 2548 animo
708 2486 767 2548 tuo
791 2485 928 2567 gratum
960 2486 997 2547 at
1027 2459 1121 2548 =certe
1141 2474 1224 2547 fidei

146 2619 234 2671 meae
251 2597 407 2670 debitum
427 2599 547 2692 (falsus
566 2598 696 2668 utinam
723 2597 789 2667 sim
811 2598 995 2692 aruspex),
1017 2599 1132 2667 nullus
1158 2598 1224 2667 erit

144 2742 259 2792 rerum
278 2718 372 2804 linis;
390 2720 445 2791 alii
466 2740 513 2791 ex
534 2720 610 2789 aliis
630 2728 813 2810 erumpent
833 2720 963 2812 laquei;
984 2740 1161 2810 nunqnam
1190 2728 1222 2789 te

146 2842 255 2926 ltalia,
277 2863 456 2936 nunquam
489 2853 525 2913 tu
555 2839 685 2913 ltaliam
712 2838 865 2921 videbis,
887 2850 989 2912 extra
1022 2861 1126 2932 quam
1162 2839 1221 2911 ubi

145 2963 277 3057 imperii
298 2972 400 3056 caput
419 2982 558 3056 quaeras
577 2961 706 3035 nescio.
727 2961 875 3034 Proinde
896 2962 989 3056 qnod
1015 2961 1159 3043 scribis,
1188 2971 1221 3033 te

144 3108 212 3158 non
249 3083 435 3157 ambitione
468 3093 614 3156 tractum
646 3085 693 3157 ad
721 3084 904 3178 imperium
937 3070 1128 3178 aspirasse,
1157 3084 1221 3156 sed

143 3208 350 3280 difficultatis
364 3207 458 3278 haud
476 3205 632 3277 nescium
650 3205 779 3278 divinae
794 3205 939 3278 iussioni
952 3205 1124 3297 paruisse,
1144 3228 1220 3279 cre-

141 3332 196 3402 do.
219 3330 304 3401 Nam
326 3340 362 3401 et
381 3328 596 3424 prudentiam
618 3337 653 3398 et
678 3325 882 3398 modestiam
911 3338 1004 3400 tuam
1031 3328 1122 3400 novi.
1150 3329 1220 3402 Sed

142 3452 222 3523 vide
242 3474 287 3522 ne
307 3451 373 3523 hoc
393 3450 451 3521 tibi
472 3450 622 3542 primum
643 3451 755 3520 calcar
780 3458 817 3520 et
841 3450 1033 3521 maximum
1053 3471 1134 3522 esse
1157 3449 1220 3521 de-

143 3574 269 3657 buerit,
289 3594 360 3666 quo
375 3572 485 3645 divini
502 3579 619 3643 certus
636 3570 755 3642 auxilii
774 3592 989 3665 properares.
1009 3573 1060 3643 Tu
1075 3572 1217 3665 quidem

143 3697 241 3787 patrii
263 3695 361 3787 regni
383 3692 511 3765 linibus
532 3703 714 3765 contentus
736 3693 946 3789 imperatorii
968 3694 1084 3766 oneris
1104 3706 1139 3765 et
1156 3693 1219 3764 bc-

140 3820 234 3890 uoris
253 3818 422 3890 sarcinam
436 3820 527 3888 ultro
544 3817 620 3887 aliis
638 3817 832 3909 linquebas
851 3818 946 3888 Hanc
959 3815 1143 3888 infallibilis
1161 3817 1217 3887 ille

141 3963 255 4013 rerum
270 3950 379 4024 sator,
395 3943 558 4011 rector'et
574 3937 730 4027 coguitor
747 3937 865 4007 multis
883 3935 1100 4029 cupientibus
1118 3958 1218 4031 orep

141 4076 209 4133 tam
232 4064 387 4134 humeris
405 4062 473 4131 tuis
491 4058 665 4151 imposuit.
687 4056 846 4127 Paruisti.
866 4058 941 4126 Non
959 4066 1136 4149 acceptare
1154 4059 1218 4129 im-

140 4185 271 4275 perinm
293 4186 380 4254 torto
403 4202 567 4273 magnum
589 4178 704 4250 luerit:
722 4177 767 4247 de
786 4177 851 4248 hoc
871 4189 985 4247 tamen
1007 4177 1098 4249 docti
1118 4179 1217 4251 vide-

139 4305 216 4376 rint.
239 4307 341 4378 Certe
374 4305 448 4374 sine
479 4303 610 4373 scelere
636 4307 771 4394 poterat
796 4318 864 4369 non
891 4297 1011 4391 recipi;
1041 4310 1215 4394 receptum

138 4429 266 4520 negligi
289 4429 364 4499 sine
386 4426 514 4496 scelere
540 4445 606 4495 non
634 4429 756 4514 potest.
786 4422 877 4491 Deus
904 4420 995 4491 enim
1026 4419 1085 4490 tibi
1114 4419 1216 4512 (sicut
