2738 5062
369 110 454 151 runc
482 109 583 150 rotun
601 110 719 151 *ilarii
741 128 758 149 2
783 111 969 153 “irruunt
998 114 1021 153 l.
1175 102 1222 157 tell

161 247 272 310 ‹lonlis
297 247 325 309 lu
352 246 462 309 illudio
485 246 580 312 annui
605 247 741 315 llttllillllt
768 267 832 314 noll
860 246 980 336 alligit.
1004 247 1232 319 Pl'aeslellloc

162 368 355 437 lmnnrnitns
384 378 515 449 rostra,
545 390 612 438 non
638 368 721 437 mibi
741 367 894 461 quidem,
931 367 993 439 sed
1026 367 1105 440 lidci
1130 393 1230 459 meae,

162 499 198 560 ut
219 511 283 561 vos
302 489 436 578 ambos
453 491 482 561 si
495 488 671 583 Neapolim
690 489 837 573 veniam,
852 488 1040 576 inveniam,
1057 491 1088 562 si
1106 492 1230 579 minuo,

161 613 300 686 audiam
321 636 429 686 unum
447 634 539 684 esse.
560 612 635 683 Non
657 612 776 684 sinatis
796 615 876 707 plus
892 612 983 684 inter
1000 622 1153 687 armatas
1169 616 1234 687 bo·

160 736 264 809 stium
282 736 375 808 acles
396 735 495 808 iratae
511 734 650 806 licuisse
666 718 835 819 Voturiae,
855 758 959 828 quam
976 737 1065 808 inter
1081 738 1233 809 inermes

160 857 291 930 amioos
304 858 388 928 mibi
405 855 566 952 supplici,
583 866 643 928 aut
658 859 735 950 plus
754 858 885 954 sparsis
902 859 1055 931 crinibus
1073 860 1231 945 Sabinas,

160 1002 264 1074 quam
285 979 405 1051 effusis
426 999 482 1049 me
501 979 650 1051 lacrimis
670 981 868 1074 profecisse.
888 982 927 1053 ld
944 984 973 1053 si
991 1005 1054 1054 vos
1073 980 1233 1076 precibus

161 1104 248 1175 meis
268 1102 433 1175 annuisse
453 1124 663 1194 cognovero,
682 1105 765 1176 felix
780 1104 903 1175 luerim
919 1115 955 1177 et
972 1104 1110 1178 abunde
1130 1104 1235 1176 vixe-

162 1249 210 1300 ro.
225 1227 318 1312 Quid
335 1249 418 1298 vero
436 1250 527 1298 nunc
543 1228 667 1320 agitis?
679 1228 771 1312 Quid
782 1227 947 1300 differtis?
963 1229 1054 1312 Quid
1070 1236 1235 1322 expecta-

162 1352 219 1437 tis,
244 1350 309 1422 viri
330 1350 585 1444 sapientissimi,
611 1361 646 1423 et
671 1351 849 1423 veteribus
873 1352 1050 1446 obsequiis
1076 1351 1235 1424 adstricti

162 1487 196 1549 et
214 1475 384 1547 virtutum
404 1477 499 1547 cultu
516 1486 551 1546 ct
570 1497 705 1546 morum
727 1474 900 1548 suavitate
920 1475 1101 1548 simillimi?
1123 1474 1234 1559 Ruitc,

163 1620 297 1694 precor,
316 1597 352 1668 in
368 1600 552 1692 amplexus
578 1608 613 1668 et
637 1597 809 1691 perditum
831 1610 965 1694 tempus
986 1598 1080 1686 flete,
1103 1620 1236 1695 parque

163 1744 269 1793 uuum
290 1719 481 1792 illustribus
514 1719 672 1792 amicitiis
703 1722 806 1794 nolite
835 1721 1045 1806 subducere;
1075 1721 1236 1815 quotiens

163 1845 399 1918 adolescentes
420 1842 505 1934 regii
523 1843 662 1939 Tydeus
687 1852 723 1916 et
744 1846 937 1942 Polynices,
957 1846 1114 1918 Theseus
1130 1855 1166 1918 et
1180 1845 1238 1916 Pi·

163 1966 309 2051 rithouS,
330 1966 498 2037 Hercules
524 1975 561 2037 et
580 1965 799 2054 Philoctetes,
826 1968 975 2064 Pylades
1008 1979 1044 2041 ct
1071 1971 1233 2042 Orestes:

163 2089 324 2183 quotiens
335 2088 539 2184 pythagorei
556 2089 702 2161 iuvenes
715 2091 846 2162 Damon
859 2099 894 2159 ot
905 2091 1061 2186 Pythias,
1077 2091 1238 2182 quotiens

164 2234 317 2286 romanae
337 2212 476 2285 uirtutis
499 2220 535 2284 et
556 2212 718 2284 amicitiae
737 2234 910 2284 summum
928 2212 1036 2284 decus
1053 2212 1183 2284 Laelius
1200 2223 1237 2285 et

165 2336 277 2430 Scipio
309 2336 344 2406 in
376 2332 528 2406 medium
557 2334 712 2427 uenient,
747 2333 934 2428 permittite
966 2333 1159 2426 posteritati
1192 2355 1238 2406 ne

165 2457 428 2551 praeclarissima
448 2457 586 2529 nomina
604 2455 783 2539 sileantur,
801 2455 962 2528 Nicolaus
979 2464 1015 2528 et
1032 2456 1214 2529 lohannes.

305 2595 385 2653 Nono
400 2595 538 2652 Kalendas
552 2595 635 2651 lunii.
652 2594 696 2650 hd
709 2594 814 2652 fontem
830 2595 941 2668 Sorgiae.

584 3034 761 3100 usisibus
781 3035 826 3099 Xl.

168 3210 361 3263 tsnuctscus
381 3209 549 3261 PETRARCA
569 3209 685 3259 nostrl
706 3208 872 3260 convslttAE
894 3206 1100 3258 uonoumllsls
1121 3206 1147 3255 S.
1167 3206 1195 3254 P.
1213 3205 1244 3255 D.

168 3380 252 3438 Suam
267 3381 364 3437 libenti
378 3382 471 3438 animo
488 3381 587 3436 litteris
604 3380 746 3437 tradendis
764 3398 877 3453 operam
896 3380 1010 3463 profert.
1031 3379 1196 3434 Excusatum
1215 3395 1245 3433 se

255 3472 353 3528 haberi
370 3478 449 3544 rogat
465 3471 540 3544 quod
559 3487 641 3526 suum
664 3469 698 3524 dc
723 3470 815 3523 lllrica
834 3486 932 3541 poema
956 3474 1051 3539 utpote
1075 3483 1132 3521 non
1156 3466 1247 3523 adhuc

253 3561 411 3636 perlectum
425 3578 515 3635 neque
529 3561 680 3634 expolitum
694 3558 897 3614 communicare
912 3572 977 3612 cum
991 3572 1023 3612 co
1036 3560 1166 3629 nequeat.

273 3801 351 3872 Non
370 3800 469 3872 lacilc
489 3798 582 3872 dictu
603 3808 659 3870 est
683 3819 786 3890 quarn
813 3798 892 3869 laete
915 3795 1055 3868 audiam
1081 3808 1115 3866 te
1141 3794 1243 3864 talem

175 3923 290 3997 virum
310 3945 388 3997 eam
409 3943 524 3998 rerum
543 3941 699 3994 mearum
718 3917 843 3994 sentire
861 3917 1094 4001 dulcedinem,
1115 3924 1153 3985 ut
1171 3920 1249 4004 post
