2738 5062
388 691 483 741 nrnna
504 690 907 741 annuemus-nnumin
933 692 993 740 xvi.
1171 678 1226 741 153

143 856 178 906 ae
193 833 344 903 frenum
372 832 510 903 illorum
536 830 709 903 violentiae
731 829 939 901 Tribunatus
965 830 1076 924 plebis
1100 841 1155 902 est
1175 831 1227 902 in·

144 964 281 1026 ventus.
297 955 351 1024 De
364 952 433 1025 hoo
445 973 584 1047 quoquo
597 954 740 1046 petitum
754 975 775 1024 a
789 951 889 1045 plebe
903 961 941 1024 ut
954 953 983 1024 is
1002 953 1225 1045 magistratus

144 1078 225 1163 suis,
240 1077 314 1148 boo
327 1085 386 1147 est
398 1076 590 1148 tribuniciis
604 1075 749 1147 conritiis
767 1086 952 1162 crearetur,
965 1088 1001 1148 et
1017 1076 1071 1148 hio
1087 1098 1226 1169 quoque

145 1200 242 1295 plebs
255 1199 398 1282 victrix,
414 1196 527 1292 Appio
540 1198 682 1269 Claudio
694 1197 770 1270 viro
789 1199 868 1270 licet
883 1200 1051 1270 acerrimo
1067 1200 1227 1292 patricia-

147 1336 202 1397 tus
222 1323 439 1396 obluctante.
461 1322 558 1392 Nova
578 1320 703 1392 dehinc
720 1335 794 1392 orta
810 1323 996 1407 contentio,
1019 1323 1226 1416 primoribus

147 1447 302 1542 superbo
322 1444 461 1516 fastidio
486 1443 694 1536 negantibus
720 1446 808 1514 inter
833 1445 968 1539 plebem
995 1446 1227 1537 patriciosque

148 1568 425 1652 matrimonium,
444 1578 481 1638 et
498 1567 548 1637 sio
563 1566 710 1662 abrupto
728 1568 947 1639 sanctissimo
967 1570 1107 1641 vinculo
1124 1590 1228 1661 gene-

148 1695 197 1767 ris
217 1692 377 1776 humani,
396 1691 432 1760 in
451 1690 541 1762 duas
566 1691 690 1761 iterum
710 1702 828 1785 partes
851 1690 1088 1763 scindentibus
1108 1691 1228 1763 civita—

149 1828 233 1901 tem,
269 1813 449 1906 indignata
482 1812 578 1906 plebs
613 1815 748 1885 restitit.
772 1813 841 1897 Sic,
864 1814 981 1885 invitis
1002 1814 1225 1899 adversariis

148 1944 228 2034 lege
248 1941 318 2010 lata
338 1935 538 2032 promiscua
559 1945 640 2006 sunt
660 1937 832 2029 permissa
856 1937 1025 2027 coniugia.
1047 1938 1229 2009 Decemvi-

150 2071 251 2135 ratus
272 2081 452 2131 sacrorum
472 2080 594 2137 eausa,
610 2071 799 2151 quaestura,
816 2063 945 2131 eurulis
959 2061 1122 2145 aedilitas,
1144 2083 1226 2132 non-

153 2183 221 2255 nisi
240 2182 394 2275 patriciae
415 2180 528 2272 gentis
548 2192 660 2263 erant;
687 2182 930 2254 animadvertit
954 2184 1052 2278 plebs
1076 2207 1114 2255 se
1141 2184 1228 2257 ludi-

157 2302 383 2387 briobaberi,
412 2325 454 2375 ao
481 2304 557 2375 nisa
582 2316 637 2376 est
659 2306 832 2399 evicitque
870 2318 908 2378 ut
940 2308 1061 2380 harum
1090 2330 1228 2400 quoque

157 2429 327 2525 partioeps
348 2426 555 2518 dignitatum
578 2426 684 2499 lieret.
707 2427 783 2511 Qua
807 2430 841 2499 in
867 2453 905 2501 re
930 2453 998 2502 non
1018 2441 1073 2502 est
1093 2431 1229 2501 silentio

154 2551 443 2647 supprimendum
464 2572 609 2642 parvum
631 2550 713 2623 illud
735 2576 795 2645 per
817 2575 868 2634 se,
892 2553 956 2623 sed
976 2552 1148 2645 superbiae
1167 2575 1229 2623 no

151 2677 273 2749 bilium
299 2687 336 2745 et
360 2673 504 2769 plebeiae
529 2675 695 2747 libertatis
720 2676 1019 2747 evidentissimum
1046 2697 1232 2766 argumen-

151 2812 228 2873 tum
247 2820 270 2870 a
290 2798 366 2869 Tito
386 2798 485 2869 Livio
505 2799 662 2869 relatum.
678 2799 804 2868 Cneius
818 2796 958 2867 Flavius
981 2796 1105 2866 scribae
1123 2796 1229 2879 filine,

155 2923 298 2995 humilis
318 2923 374 2991 vir
393 2923 554 3005 lortnnae,
575 2928 742 2991 caeterum
763 2921 860 2988 vator
877 2940 917 2989 ac
937 2916 1099 3002 disertus
1120 2917 1231 2989 aedilis

158 3045 288 3120 curulis
321 3046 432 3116 lactus
456 3054 542 3125 orat;
569 3064 611 3114 ea
640 3061 695 3111 res
714 3038 912 3127 ,nobilibus
946 3039 1134 3110 novitatem
1155 3039 1231 3110 eius

157 3168 390 3253 horrentibus,
412 3179 542 3239 tantum
557 3163 773 3236 stomachum
791 3162 1016 3247 excitaverat,
1037 3172 1077 3233 ut
1095 3162 1129 3231 in
1142 3162 1232 3231 illius

156 3294 290 3365 bonore
308 3293 407 3362 velut
439 3291 473 3358 in
506 3291 599 3360 luctu
620 3286 757 3381 proprio
778 3286 914 3379 plurimi
948 3308 995 3357 ex
1027 3284 1078 3357 eis
1111 3285 1232 3354 anulos

157 3435 285 3486 aureos
306 3423 342 3484 et
360 3420 565 3485 ornamenta
584 3411 806 3504 deponerent.
829 3410 953 3480 Contra
974 3408 1030 3481 ille
1050 3408 1133 3479 nibil
1159 3430 1234 3479 mo-

161 3548 216 3609 tus
234 3537 412 3609 adversus
432 3556 551 3606 eorum
570 3534 798 3618 insolentiam,
821 3534 1031 3606 liberrimam
1056 3547 1234 3606 oontuma·

160 3661 248 3731 eiam
268 3656 470 3730 exeroebat.
492 3660 612 3750 ltaque
631 3657 714 3767 dum
737 3658 843 3729 Cneio
868 3658 1070 3749 aegrotantis
1091 3658 1234 3747 eollegae

163 3776 352 3846 thalamum
388 3775 527 3845 intranti
547 3773 680 3846 nobiles
701 3776 859 3860 iuvenes
888 3774 945 3869 qui
972 3785 1045 3845 tum
1072 3774 1231 3854 aderant,

164 3897 314 3967 unanimi
335 3906 535 3990 contemptu
557 3918 625 3967 non
646 3908 887 3991 assurgerent,
910 3898 1090 3969 confestim
1117 3898 1234 3967 sellam

163 4019 316 4089 curulem
335 4018 438 4089 iussit
457 4021 581 4092 afferri.
603 4021 717 4114 Atque
738 4023 784 4090 ila
806 4044 948 4092 suorum
970 4020 1133 4089 nobilium
1155 4043 1237 4091 oon-

166 4148 372 4234 temptorum
393 4155 606 4236 contemptor
623 4146 697 4238 ipse
714 4144 875 4224 nobilior,
899 4143 973 4212 illos
995 4141 1124 4212 invidia
1142 4141 1237 4212 tabo-

167 4272 300 4334 scentes
322 4286 393 4335 non
424 4265 469 4336 de
501 4267 636 4358 privato
664 4286 819 4347 soamn0,
843 4265 905 4335 sed
926 4264 1061 4357 publica
1082 4264 1127 4336 de
1153 4263 1237 4334 sede

166 4380 341 4479 despexit;
362 4409 431 4479 qua
452 4391 552 4461 unica
582 4390 738 4461 libertate
755 4388 838 4456 mihi
856 4388 995 4480 quidem
1015 4389 1151 4460 videtur
1168 4407 1236 4456 non
1345 4442 1348 4447 .

169 4511 339 4586 aedilitatis
360 4515 476 4597 modo,
500 4516 562 4587 sod
582 4516 783 4587 consulatus
801 4512 902 4585 etiam
925 4512 1054 4584 honore
1074 4507 1238 4598 dignissi-
