2738 5062
340 682 433 731 traso
454 682 755 733 SEPlelUSDEGfflUS.
765 699 805 714 ·-
816 682 970 731 epistota
991 680 1034 730 tlt.
1163 667 1220 731 θ’]

148 823 218 891 imo
238 838 323 889 vero
339 816 464 889 accidit
482 817 578 910 quod
596 819 657 888 vix
680 817 843 911 possibile
862 815 1066 889 arbitrabar.
1078 819 1224 889 lanueu·
1324 875 1329 883 .

148 944 238 1013 sium
258 943 408 1011 classem
429 939 608 1030 profugam
629 960 726 1009 mare
748 938 834 1010 vidit
857 948 893 1010 et
917 917 1060 1034 stupuit.
1085 940 1171 1009 Nam
1193 939 1224 1010 si

147 1061 499 1147 raritasmiraculum
525 1060 623 1143 lacit,
652 1060 735 1152 quid
762 1060 875 1140 rarius
901 1084 1005 1154 quarn
1032 1064 1224 1134 lanuenses

124 1270 127 1275 Ι
147 1187 181 1255 in
200 1187 322 1277 pelago
336 1184 426 1254 iusta
440 1183 513 1254 acie
531 1183 645 1254 vinci?
657 1183 826 1267 Quamvis
844 1206 909 1256 nec
922 1184 1014 1257 iusta
1034 1185 1138 1268 acies,
1159 1204 1224 1255 nec

148 1328 209 1398 par
225 1305 360 1387 classis,
385 1304 448 1376 sed
464 1305 671 1376 auxiliorum
695 1306 829 1377 illuvies
850 1317 1085 1390 externorum,
1099 1307 1224 1398 etplu·

148 1426 386 1497 resadversus
400 1446 504 1496 unam
519 1436 652 1517 gentes,
668 1435 704 1496 et
714 1427 889 1498 exercitus
903 1427 982 1500 inde
994 1428 1222 1511 numerosior,

148 1561 279 1622 etcum
298 1548 415 1619 ventis
431 1558 536 1639 atque
550 1547 710 1620 hostibus
728 1571 873 1644 prorsus
894 1572 963 1621 non
993 1570 1096 1642 aequo
1115 1550 1224 1622 Marte

117 1732 120 1736 .
147 1681 314 1744 certatum
333 1679 400 1740 est.
420 1669 490 1740 Nec
510 1670 733 1742 tamenideo
765 1672 881 1742 mirari
908 1670 1046 1752 desino,
1074 1679 1135 1741 aut
1159 1692 1225 1741 un-

146 1813 251 1883 quam
270 1790 441 1875 desinam,
464 1791 553 1863 dum¹
568 1792 757 1863 meminero
777 1791 823 1864 ab
843 1813 990 1863 avorum
1008 1791 1223 1884 temporibus

147 1935 214 1985 non
239 1912 411 1997 auditum,
433 1913 518 2006 quin
537 1912 703 2005 quaelibet
728 1913 818 1984 bella
845 1914 1031 1998 maritima,
1058 1914 1138 1985 licet
1157 1912 1224 1983 im-

147 2057 208 2128 par
226 2058 371 2108 numero
383 2034 604 2107 lanucnsium
624 2035 743 2118 virtus,
761 2045 797 2107 et
817 2046 1003 2130 conspecta
1021 2036 1111 2107 illius
1127 2034 1223 2107 urbis

147 2159 246 2250 signa
262 2159 480 2229 confecerint.
502 2156 569 2228 Sed
590 2157 673 2249 quid
695 2160 825 2250 loquor,
849 2170 910 2229 aut
929 2158 988 2230 ubi
1003 2181 1098 2243 sum,
1119 2167 1157 2229 ut
1176 2158 1225 2230 ait

148 2281 226 2351 ille?
246 2282 327 2350 Haec
343 2282 492 2350 lortnnae
512 2279 612 2353 solita
633 2278 721 2350 fides
746 2288 811 2351 cst.
830 2280 867 2350 ln
894 2281 995 2351 terris
1024 2281 1130 2351 vitam
1150 2278 1225 2371 agi-

147 2424 236 2481 mus,
260 2401 319 2473 ubi
340 2401 433 2472 nulla
467 2423 617 2494 unquam
652 2401 715 2472 luit
744 2404 848 2493 longa
869 2403 1103 2495 prosperitaS,
1130 2404 1224 2474 nulla

144 2524 220 2596 erit.
246 2524 385 2595 Somnia
410 2533 493 2595 sunt
517 2545 599 2617 quae
623 2546 687 2596 nos
718 2527 817 2596 laetos
851 2525 981 2596 laniunt
1005 2547 1047 2597 ac
1064 2534 1221 2597 moestos

143 2645 361 2717 somniantes
382 2646 476 2717 Deus
506 2646 647 2718 excitat.
680 2646 809 2718 iudicia
830 2647 907 2715 eius
928 2644 1081 2740 abyssus
1105 2646 1221 2729 multa,

142 2766 363 2839 consiliorum
385 2766 463 2836 eius
486 2766 619 2837 infinita
640 2756 869 2860 profunditas,
897 2763 1151 2835 inaestimabilis
1172 2765 1223 2834 al-

145 2887 278 2959 titudo·
296 2887 456 2960 Forsitan
489 2888 540 2959 sic
572 2886 781 2980 expediebat
815 2885 1025 2969 insolentiae,
1054 2895 1091 2956 ut
1116 2905 1221 2975 quam

145 3009 356 3103 prosperitas
381 3009 473 3101 iugis
498 3011 646 3091 aluerat,
681 3007 878 3080 adversitas
916 3006 1054 3100 inopina
1085 3027 1223 3097 compe-

146 3140 269 3201 sceret.
287 3128 395 3221 Longi
417 3151 513 3225 saepe
533 3133 670 3224 culpam
688 3132 854 3222 temporis
872 3130 991 3201 brevis
1013 3129 1098 3200 hora
1117 3128 1222 3201 casti-

143 3262 202 3342 gat
220 3261 257 3322 ut
277 3251 485 3324 nibil'aliud.
507 3253 606 3324 Utilis
627 3275 723 3349 saepe
750 3252 905 3325 lelioibus
930 3252 993 3323 luit
1009 3250 1219 3333 adversitas,

142 3397 211 3467 qua
232 3383 456 3448 monerentur
476 3397 558 3449 esse
580 3398 618 3448 se
639 3376 778 3469 quidem
799 3378 1005 3479 fortunatos,
1028 3375 1090 3446 sed
1115 3376 1222 3445 lortu-

144 3519 199 3570 nae
217 3498 360 3592 imperio
377 3520 446 3568 non
467 3510 661 3591 exemptos.
680 3494 831 3571 Africani
856 3497 1003 3569 verbum
1029 3506 1086 3568 est
1112 3520 1133 3569 a
1157 3497 1222 3569 Pa-

144 3619 246 3691 naetio
266 3621 428 3701 relatum,
451 3642 472 3689 a
493 3621 657 3693 Cicerone
686 3629 800 3693 autem
826 3619 1017 3692 officiorum
1042 3619 1139 3690 libris
1169 3619 1221 3687 in-

144 3751 289 3812 sertum:
313 3751 352 3811 ut
375 3743 457 3835 equi
482 3750 623 3837 propter
648 3743 790 3816 crebras
819 3744 1058 3817 contentiones
1085 3739 1221 3833 praelio·

143 3885 218 3935 rum
255 3863 434 3935 ferocitate
477 3868 676 3939 exultantes
711 3866 940 3940 domitoribus
981 3865 1069 3937 tradi
1110 3865 1221 3935 solent

143 3966 181 4056 ut
206 3986 248 4056 iis
284 3986 495 4060 facilioribus
527 3989 664 4079 possint
688 3991 751 4071 uti,
782 3990 832 4059 sic
868 3988 1024 4057 homines
1058 3984 1220 4056 secundis

143 4107 247 4179 rebus
284 4108 482 4181 ellraenatos
528 4109 663 4203 sibique
705 4108 948 4204 praelidonteS,
983 4119 1147 4200 tanquam
1184 4106 1218 4178 in

142 4252 268 4324 gyrum
291 4231 433 4302 rationis
459 4242 495 4302 et
518 4231 685 4303 doctrinas
718 4230 797 4302 duci
822 4238 996 4324 oportere,
1025 4238 1062 4300 ut
1086 4228 1219 4321 perspi-

141 4365 260 4425 cerent
286 4375 401 4425 rerum
434 4355 662 4425 humanarum
696 4351 961 4425 imbecillitatem
999 4353 1220 4423 varietatem-

140 4495 208 4564 que
234 4475 391 4547 lorlunac.
431 4475 531 4559 Quod
562 4475 646 4567 quid
677 4485 731 4546 est
756 4474 851 4546 aliud
875 4475 968 4546 dictu
994 4497 1098 4565 quarn
1125 4470 1218 4564 quod
