2738 5062
142 602 202 664 ntt
474 616 514 663 us
537 614 637 665 uanus
661 576 880 664 raururanmus

142 740 279 836 videns,
302 761 340 822 ut
369 749 519 834 dicebat,
545 771 566 820 a
598 749 701 821 simili
726 770 765 821 se
789 772 891 847 prece
920 747 1101 821 continuit.
1123 748 1215 833 Quid

142 875 247 968 igitur
266 874 404 946 dicam?
423 873 518 943 Itane
537 894 660 943 verum
678 882 733 943 est
753 882 804 957 ut,
829 872 917 944 sicut
936 881 1144 943 caeterarum
1162 892 1217 943 ro-

142 1023 230 1082 rum,
247 998 296 1071 sic
309 995 482 1070 scribendi
499 996 694 1079 cacoethes,
712 993 923 1077 insanabilis,
942 992 1037 1087 quod
1053 992 1102 1065 ait
1118 995 1218 1090 Saty·

143 1122 251 1205 rious‚
274 1120 368 1214 quod
388 1140 455 1212 ego
482 1118 588 1202 addo,
610 1118 831 1209 contagiosus
850 1117 954 1188 etiam
980 1116 1125 1189 morbus
1152 1117 1219 1189 sit?

143 1244 253 1327 Quam
274 1242 401 1313 multos
422 1241 513 1312 enim
531 1250 635 1332 putas
655 1261 722 1325 me,
745 1238 803 1332 qui
826 1251 937 1312 tecum
956 1242 1087 1332 loquor,
1106 1238 1218 1311 morbi

144 1366 247 1437 huius
271 1364 440 1455 contagiis
467 1363 651 1435 iniecisse?
671 1362 832 1436 Sciebant
851 1361 885 1432 in
906 1362 1073 1434 memoria
1097 1370 1220 1432 nostra

143 1489 213 1560 rari
232 1509 314 1560 esse
333 1486 393 1580 qui
419 1486 496 1557 baec
518 1486 730 1570 scriberent;
759 1509 850 1559 nunc
868 1507 972 1557 nemo
997 1507 1065 1557 non
1087 1484 1219 1556 scribit.

144 1611 225 1681 Rari
245 1609 341 1680 aliud
363 1607 526 1680 scribunt.
547 1607 648 1693 Quod
664 1610 709 1682 ad
725 1619 919 1681 eoaetaneos
939 1607 1069 1689 attinet
1088 1620 1127 1679 ut
1142 1608 1219 1702 qui·

144 1731 224 1804 dam
244 1739 381 1825 putant,
403 1750 472 1800 non
492 1728 632 1800 minima
648 1732 760 1823 cuipae
776 1751 859 1824 pars
875 1750 983 1824 penes
1000 1750 1056 1801 mc
1068 1740 1135 1801 est.
1148 1730 1220 1801 Au·

145 1855 277 1928 dieram
299 1855 334 1926 id
353 1852 494 1947 quidem
516 1875 537 1924 a
553 1853 685 1935 multis;
704 1853 766 1925 sed
786 1853 834 1925 ita
847 1852 939 1937 mihi,
954 1853 1095 1946 quando
1114 1853 1218 1925 buius

144 1978 273 2048 nullam
295 1997 404 2069 spere,
428 1987 635 2048 caeterorum
656 1974 761 2047 animi
782 1975 978 2048 morborum
1001 1976 1134 2048 sanitas
1159 1998 1222 2048 vo-

145 2101 217 2171 tiva
235 2098 425 2189 contingat,
449 2108 487 2169 ut
507 2121 598 2171 nunc
617 2099 681 2172 vix
701 2093 839 2171 tandem
863 2095 998 2170 indiciis
1024 2097 1220 2172 admonitus

145 2232 181 2293 et
192 2222 289 2291 velut
300 2230 536 2315 experrectus,
552 2219 829 2292 animadvertere
843 2219 991 2312 primum
1002 2219 1103 2314 coepi,
1117 2242 1220 2316 posse

146 2342 180 2414 id
205 2364 327 2413 verum
351 2363 444 2425 esse,
469 2351 519 2426 ut,
549 2342 633 2414 dum
660 2341 827 2434 prodesse
856 2341 940 2413 mibi
966 2342 1107 2429 studeo,
1140 2343 1219 2415 mibi

145 2464 275 2557 pariter
299 2464 483 2557 multisque
511 2463 689 2536 nocuerim
715 2464 953 2550 inadvertcns;
979 2487 1044 2538 nec
1062 2467 1219 2541 fortassis

146 2588 309 2660 iniustam
330 2587 438 2660 tuisse
457 2587 710 2680 querimoniam
731 2587 825 2658 senis
846 2588 926 2659 olim
954 2587 1218 2682 patrisfamilias,

146 2709 206 2803 qui
224 2709 337 2781 subito
355 2720 503 2782 moestus
523 2720 559 2780 et
583 2730 683 2804 paene
704 2707 887 2781 lacrimans
908 2710 954 2782 ad
974 2733 1029 2782 me
1049 2713 1169 2784 venit:
1188 2720 1220 2785 ct

147 2852 220 2901 cum
245 2855 319 2924 eqo,
342 2832 467 2925 inquit,
491 2843 584 2903 tuum
610 2854 729 2903 nomeu
754 2854 879 2925 semper
900 2835 1100 2919 amaverim,
1127 2857 1220 2926 quom

146 2954 229 3023 mibi
250 2965 286 3024 tu
309 2956 416 3024 vicem
435 2951 624 3039 reddideris,
644 2953 730 3025 vide.
749 2953 839 3025 Filio
858 2978 929 3026 mco
949 2957 1047 3026 orrico
1062 2954 1222 3050 pereundi

148 3099 246 3149 causo
259 3075 302 3149 es.
317 3079 487 3173 Obstupui
503 3079 650 3170 primum
664 3077 872 3171 erubuique:
891 3079 1055 3171 tangebat
1070 3081 1220 3153 animum

147 3213 234 3273 aetas
255 3203 415 3286 hominis,
436 3201 577 3294 orisque
598 3200 756 3286 habitus,
779 3222 847 3273 non
867 3203 967 3297 parvi
987 3202 1119 3275 doloris
1139 3202 1223 3277 indi-

147 3324 239 3395 cium
261 3344 333 3416 prae
354 3346 393 3395 se
413 3327 542 3405 terens;
560 3322 691 3395 deinde
708 3323 768 3395 ubi
791 3323 910 3395 adme
935 3347 1103 3398 reversus
1130 3348 1222 3411 sum,

147 3444 242 3538 quod
259 3447 293 3515 in
310 3468 348 3517 re
365 3457 447 3531 crat,
463 3468 519 3517 me
539 3467 653 3540 neque
668 3468 749 3518 eum
766 3468 881 3540 neque
899 3445 1006 3518 fitium
1023 3448 1102 3521 eius
1119 3470 1225 3524 nosse

148 3569 322 3665 respondi.
352 3567 438 3656 Quid
463 3572 574 3658 refert,
597 3568 708 3661 inquit
732 3590 857 3655 senex,
880 3572 1114 3659 ansuinum,
1141 3582 1226 3643 certe

149 3694 205 3763 ille
225 3704 254 3761 te
274 3693 382 3776 novit,
409 3703 439 3762 et
463 3715 485 3761 a
505 3714 557 3762 me
584 3695 688 3763 multa
713 3676 863 3786 impertae
887 3695 970 3764 iuris
990 3696 1100 3768 civilis
1119 3695 1229 3769 studio

149 3815 299 3898 traditos,
323 3826 380 3885 tua
398 3837 432 3886 se
456 3815 594 3906 vcstipio
613 3817 704 3906 sequi
729 3817 828 3885 mette
853 3817 924 3887 ait:
952 3817 1000 3887 ita
1019 3839 1079 3907 epo
1104 3840 1233 3909 mayoc

148 3953 203 4023 spe
220 3932 387 4024 priuatus·
400 3931 468 4014 itte,
482 3940 518 3998 ut
532 3950 689 4019 auguror,
708 3953 767 4001 acc
786 3935 1056 4004 iurisconsultum
1068 3936 1232 4028 impleue-

148 4055 193 4122 rit
213 4076 271 4122 nec
287 4066 429 4148 poetam.
452 4055 529 4138 Quo
552 4053 645 4126 dicto
665 4065 775 4126 meet
800 4056 859 4149 qui
883 4056 1031 4129 aderant
1058 4057 1169 4131 vertit
1191 4060 1232 4129 in

149 4174 282 4246 risum:
304 4178 379 4269 ipse
399 4176 505 4248 nihilo
530 4177 640 4249 laetior
659 4179 770 4250 sactus
796 4177 976 4251 abscessit.
1002 4179 1102 4252 Nunc
1122 4180 1232 4253 intel-

149 4297 218 4391 ligo
236 4318 302 4369 non
324 4300 432 4368 risum
449 4298 495 4368 illi
511 4297 674 4385 debitum,
691 4300 753 4372 sed
767 4301 1021 4374 miserationem
1040 4313 1078 4376 et
1099 4323 1234 4377 conso-

149 4424 307 4496 lationem
328 4421 447 4504 iuissc,
470 4433 575 4515 atquo
599 4424 691 4508 iliius
716 4422 908 4496 convicium
928 4434 963 4497 et
983 4427 1144 4518 quereias
1167 4426 1222 4497 iu-
