2738 5062
177 693 236 754 ata
517 702 675 751 nonanus
696 699 918 749 rturnrmtnus

177 865 220 916 ac
239 841 330 912 laetis
350 837 527 932 auspiciis,
548 849 585 910 et
601 849 641 910 ut
655 835 749 909 Graii
765 854 902 925 magam
922 831 1186 928 veneficamque
1202 839 1256 908 la·

101 947 105 956 ¹
178 963 427 1044 mosissimam,
456 962 516 1042 sic,
534 960 643 1032 nostri
671 959 773 1030 dulce
791 957 920 1031 bonum
945 955 1067 1050 patriae
1099 966 1257 1049 reporta-

178 1101 269 1160 runt.
303 1085 458 1168 Quorum
493 1094 607 1155 umen
633 1104 680 1152 ex
705 1101 852 1152 numero
871 1101 939 1151 non
973 1080 1038 1149 lui:
1063 1101 1167 1150 nemo
1192 1079 1256 1151 tibi

178 1208 359 1282 mendacio
392 1205 599 1277 blandiatur.
632 1204 800 1287 Quamvis
833 1212 951 1274 autem
988 1213 1084 1273 tanto
1115 1205 1258 1294 negotio

178 1335 281 1423 longe
301 1333 425 1421 impar,
448 1325 574 1400 iudicio
593 1340 709 1398 tamen
728 1324 932 1416 benigniore
952 1324 1159 1396 mittentium
1180 1327 1257 1416 glo-

178 1454 308 1524 riosum
339 1450 492 1523 laborem
524 1448 677 1540 elingere
708 1449 971 1541 nequivissem,
1006 1447 1073 1518 nisi
1105 1442 1284 1540 publicis'

177 1574 269 1645 votis
288 1573 435 1664 privatae
454 1570 617 1663 quaedam
649 1568 870 1641 obstitissent
892 1589 1026 1651 causae,
1046 1586 1136 1661 quas
1162 1591 1257 1639 nunc

43 1680 49 1689 ’
178 1695 318 1766 siluisse
349 1695 561 1787 praestiterit.
587 1693 639 1766 Ne
669 1696 757 1764 vero
787 1692 907 1763 lorsan
931 1689 987 1762 bis
1014 1689 1116 1761 dictis
1140 1690 1255 1761 omnis

177 1818 300 1907 gloriae
324 1827 597 1909 contemptorem
617 1824 736 1907 putes,
758 1811 821 1884 sed
847 1814 1020 1903 intelligas
1040 1833 1113 1896 me,
1135 1823 1173 1883 ut
1191 1813 1255 1883 ial-

178 1957 252 2009 sam
273 1960 456 2031 respuere,
479 1940 532 2010 sic
549 1958 670 2009 veram
695 1936 841 2027 gloriam
869 1956 940 2005 non
960 1935 1117 2018 borrere,
1138 1933 1253 2007 dicam

176 2059 261 2151 quid
286 2061 404 2132 multis
436 2057 563 2130 diebus
594 2069 675 2151 post
698 2058 944 2151 profectionem
969 2059 1163 2147 legatorum
1189 2076 1253 2126 no-

176 2193 327 2253 strorum
348 2191 385 2251 et
401 2182 597 2274 propeiam
617 2177 779 2251 omnibus
799 2177 848 2249 ibi
867 2178 1051 2250 conventis
1073 2174 1253 2273 aclirma·

177 2304 221 2373 tis
241 2301 415 2372 acciderit.
435 2302 570 2371 Caesari
595 2302 689 2373 enim
713 2301 846 2373 interea
872 2301 941 2372 mei
964 2299 1179 2371 desiderium
1199 2300 1253 2370 in·

175 2423 293 2506 cessit,
314 2432 350 2493 et
368 2423 469 2493 cuius
490 2422 643 2492 animum
665 2443 781 2494 mores
795 2444 835 2493 ac
849 2422 964 2494 studia
977 2433 1140 2503 noverat,
1155 2432 1253 2512 opta·

176 2544 229 2614 vit
239 2554 276 2614 et
286 2543 410 2614 faciem
423 2541 556 2614 videre.
570 2542 642 2612 lam
656 2541 770 2614 biems
784 2544 883 2615 miris
901 2542 1015 2614 modis
1030 2543 1251 2625 induruerat;

176 2668 271 2738 misit
305 2677 435 2746 tamen,
465 2687 531 2738 nec
555 2663 844 2757 occupationibus
869 2665 958 2737 meis
990 2685 1157 2757 parcens,
1186 2686 1252 2736 nec

176 2787 300 2872 labori,
332 2799 368 2859 et
399 2789 495 2858 misit
525 2787 685 2859 nuntium
710 2788 915 2871 solemnem,
946 2787 1078 2878 quique
1109 2785 1281 2878 regibus·

176 2908 325 3000 imperat
356 2930 411 2979 me
441 2911 579 3000 rogarit
603 2921 642 2982 ut
665 2909 710 2981 ad
736 2930 775 2980 se
805 2931 953 3001 pergere
978 2891 1194 2981 festinarem:
1219 2910 1249 2981 ei

177 3030 322 3121 insuper
351 3051 473 3122 preces
499 3031 595 3102 misit
618 3032 676 3101 cui
699 3032 747 3101 nil
779 3042 989 3122 negaturum
1014 3053 1070 3102 me
1095 3031 1250 3122 putabat.

177 3149 251 3221 Nec
269 3151 418 3224 errabat.
432 3152 523 3235 Quid
539 3153 618 3222 vis?
633 3152 692 3223 illo
707 3164 868 3237 vocante,
883 3164 989 3246 atque
1004 3152 1073 3225 boc
1088 3165 1251 3245 urgente,

177 3271 391 3364 proficiscor.
415 3275 486 3345 Nec
506 3295 658 3366 unquam
672 3275 758 3345 alias
770 3272 969 3345 evidentius
989 3276 1154 3359 intellexi,
1169 3275 1253 3368 quid

178 3394 343 3484 estquod
359 3397 408 3466 ait
418 3393 653 3488 Augustinus,
668 3397 823 3467 italicum
839 3396 985 3487 glaciale
997 3398 1123 3467 solum.
1139 3395 1194 3468 Ad
1210 3397 1249 3467 ll.

179 3510 261 3581 ldus
282 3513 484 3587 Decembris
512 3518 595 3588 binc
614 3519 721 3589 movi:
743 3540 858 3611 neque
878 3529 947 3589 tam
968 3526 1122 3589 terreum
1146 3538 1248 3610 quam

178 3632 434 3705 adamantinum
456 3650 560 3729 atque
580 3638 787 3732 chalybeum
806 3639 874 3709 iter
887 3648 975 3722 erat,
989 3650 1025 3711 et
1036 3639 1162 3729 glaciei
1181 3660 1253 3710 me·

179 3764 237 3826 tus
262 3778 331 3827 non
356 3757 424 3827 nisi
455 3759 548 3827 nivis
575 3760 697 3829 solatio
722 3758 918 3842 levabatur,
939 3780 1023 3852 quae
1047 3758 1125 3852 ipsa
1149 3761 1252 3833 ctiam

179 3890 460 3970 praetermorem
480 3880 599 3951 nescio
618 3880 703 3972 quid
724 3879 926 3953 horrificum
947 3879 1108 3954 babebat.
1130 3881 1254 3976 Captu-

178 3998 303 4074 bam-us
322 4016 438 4076 tamen
464 4004 557 4075 omni
589 4003 705 4075 studio
727 4003 789 4076 ubi
812 4003 1046 4098 nequidquam
1067 4005 1195 4077 armati
1217 4004 1252 4074 in

179 4123 323 4211 glaciem
343 4149 512 4219 equorum
531 4127 640 4220 pedes
659 4139 847 4220 utcumque
866 4127 1106 4210 consisterent,
1127 4137 1163 4198 et
1182 4126 1252 4197 rni-

178 4261 235 4311 nae
260 4264 369 4334 pavor
391 4248 556 4320 assiduus
582 4250 653 4319 viae
685 4247 840 4321 laborem
864 4250 996 4320 fecerat
1023 4270 1094 4321 non
1119 4247 1249 4320 sentiri.

178 4358 233 4431 Ad
251 4362 328 4434 baec
351 4379 387 4439 et
414 4368 550 4441 brumae
568 4381 605 4441 et
627 4371 738 4462 algori
757 4370 899 4454 nebula,
920 4371 1036 4463 qualis
1060 4371 1097 4442 in
1123 4388 1252 4443 memo-

45 4496 48 4501 ’
179 4486 263 4556 riam
290 4486 468 4560 hominnm
494 4513 563 4563 non
587 4504 654 4577 est,
676 4506 712 4566 et
731 4496 819 4567 coelo
844 4494 967 4564 immiti
993 4496 1166 4566 terrarum
1190 4510 1252 4563 va·
