2738 5062
368 676 461 728 creua
482 677 948 734 nonusnncuros.-nrrsrotn
969 684 1011 734 m.
1168 674 1225 738 517

149 815 254 890 rebus
284 821 433 897 tantum,
456 812 520 885 sed
545 813 680 885 umbris
701 814 807 888 etiam
829 826 979 890 terretur
1002 840 1043 891 ao
1069 823 1225 895 somniis.

148 939 219 1011 Sed
236 936 282 1009 ad
297 935 386 1028 piam
404 933 497 1005 illam
514 933 673 1006 amicitiae
690 936 930 1015 credulitatem
952 940 1072 1024 redeo,
1093 938 1136 1012 de
1156 963 1227 1034 qna
1302 920 1306 927 ¹

148 1059 233 1130 mibi
253 1078 345 1129 nunc
363 1077 479 1126 sermo
500 1063 565 1126 est.
586 1057 756 1148 Equidem
778 1069 945 1150 quantum
967 1060 1107 1152 ingenio
1127 1084 1227 1135 asse-

148 1199 245 1272 quor,
266 1179 389 1248 Romae
417 1175 498 1245 olim
517 1174 588 1246 duo
608 1176 747 1248 luerunt
767 1178 879 1264 Laelii,
902 1180 1120 1275 Scipionibus
1140 1184 1226 1255 ami·

148 1322 228 1372 cum
248 1319 392 1369 nomen:
414 1296 470 1367 ille
489 1318 595 1369 avum
615 1298 735 1382 coluit,
766 1299 822 1369 bic
841 1311 1018 1392 nepotem,
1040 1303 1097 1375 ille
1116 1305 1226 1377 tribu·

148 1420 271 1492 tarium
290 1419 380 1491 vidit
408 1419 668 1510 Carthaginem,
691 1419 748 1491 hic
768 1441 940 1492 eversam.
963 1423 1062 1495 Certe
1086 1425 1226 1496 etmihi

147 1541 278 1612 Laelios
311 1562 409 1611 meus
434 1549 503 1623 est,
534 1561 637 1634 quem
669 1552 717 1612 tot
749 1543 888 1614 saeculis
913 1543 1112 1630 interiectis,
1139 1545 1225 1617 urbs
1259 1602 1261 1607 .

147 1660 270 1734 eadem
297 1682 408 1732 senex
433 1659 587 1732 nondum
614 1661 742 1733 sterilis
767 1664 897 1753 genuit.
923 1665 1083 1736 Miraris?
1102 1666 1167 1737 sed
1191 1676 1226 1737 te

147 1783 251 1854 etiam
267 1783 353 1855 lallit
368 1804 475 1854 amor.
494 1781 676 1853 Credidisti
696 1786 866 1877 perfacile,
885 1785 931 1855 mi
948 1785 1046 1871 Laeli,
1067 1787 1162 1879 quod
1180 1785 1226 1859 de

149 1925 207 1976 me
219 1903 280 1975 tihi
293 1903 338 1975 ab
350 1904 455 1975 obvio
471 1901 620 1996 quodam
635 1906 723 1976 torte
737 1917 913 1979 narratum
927 1915 996 1992 est,
1011 1929 1076 1979 nec
1095 1917 1226 2001 quanta

147 2026 301 2099 narranti
320 2024 410 2097 lidos
429 2033 526 2096 esset
541 2025 704 2116 exegisti.
719 2025 804 2108 Quis
824 2027 915 2098 enim
932 2038 1000 2099 tam
1015 2028 1166 2115 sobrius,
1180 2050 1226 2102 ne

147 2146 260 2219 dicam
281 2147 405 2230 dorne,
420 2156 458 2218 ut
474 2147 569 2241 quod
582 2149 726 2218 multum
743 2147 892 2221 deiectat
909 2149 1056 2235 libenter
1076 2150 1225 2236 obiiciat,

145 2287 226 2338 cum
246 2268 440 2361 praesertim
460 2268 643 2340 delectatio
662 2268 809 2341 honesta
831 2269 891 2355 sit,
910 2281 946 2342 et
965 2271 1127 2344 amicitiae
1145 2275 1226 2346 velo

146 2410 216 2461 non
237 2389 340 2461 modo
359 2410 457 2460 error
477 2388 692 2461 excusabilis
719 2391 783 2463 sed
799 2390 1021 2465 laudandus?
1041 2393 1227 2467 Credidisti

145 2508 250 2601 igitur
274 2509 392 2582 nescio
423 2512 478 2582 oui
505 2510 580 2605 (vix
610 2512 703 2582 enim
737 2514 907 2607 suspicari
939 2517 1068 2600 ausim,
1099 2517 1226 2587 samam

144 2633 210 2703 etsi
231 2631 425 2727 saepissime
439 2633 592 2704 mendax
610 2636 666 2719 sit,
680 2634 716 2705 id
733 2655 825 2704 nunc
842 2633 977 2726 publice
998 2634 1107 2706 luisse
1126 2657 1226 2709 men-

119 2766 122 2772 ·
145 2752 270 2847 titum),
285 2775 341 2824 me
359 2753 490 2825 scilicet
509 2752 553 2824 ad
573 2753 723 2825 italicam
740 2775 861 2846 paoem
879 2775 973 2825 novo
989 2776 1068 2826 cum
1083 2756 1224 2829 Caesare

145 2875 367 2946 sanciendam
381 2873 603 2965 singulariter
620 2876 835 2967 praelectum,
854 2875 999 2946 feliciter
1016 2876 1123 2948 rebus
1137 2879 1224 2949 actis

144 3005 179 3067 et
197 3017 285 3089 pace
312 2994 523 3089 Reipublicae
542 2996 690 3087 quaesita
714 3006 750 3066 et
781 3017 906 3088 magna
932 3017 1012 3066 cum
1038 2997 1149 3087 gloria
1168 3019 1224 3068 re-

143 3139 294 3191 measse.
318 3116 403 3188 Nolo
423 3136 520 3187 erres
546 3128 607 3189 aut
631 3117 769 3189 inanem
790 3119 1004 3210 voluptatem
1029 3137 1077 3186 ex
1102 3138 1222 3189 errore

142 3240 328 3335 percipias:
348 3259 418 3310 non
438 3237 486 3309 ita
505 3249 568 3321 est,
591 3239 712 3311 amice.
733 3240 852 3331 Neque
869 3240 961 3310 onim
984 3260 1090 3310 unum
1116 3248 1223 3333 caput

143 3382 201 3433 ree
223 3370 317 3434 tanta
337 3360 512 3454 poscebat.
529 3360 634 3432 Primi
651 3383 833 3456 procerum
856 3361 953 3431 missi
972 3368 1064 3432 sunt.
1079 3362 1115 3432 Si
1127 3361 1221 3433 enim

141 3483 294 3575 Argivos
319 3482 473 3555 delectos
502 3483 597 3554 viros
622 3482 669 3555 ad
698 3482 884 3577 petendam
912 3485 1037 3577 pellem
1064 3493 1221 3557 auratam

142 3612 179 3675 et
197 3606 342 3677 forsitan
361 3604 555 3676 fabulosam
577 3603 695 3676 arietis
715 3603 796 3675 olim
818 3604 946 3677 missos
968 3607 1132 3697 legimus,
1151 3629 1221 3680 non

142 3728 250 3797 multo
269 3748 359 3797 nunc
372 3724 575 3797 delectiones
596 3726 698 3797 ltalos
717 3726 804 3797 mitti
824 3725 968 3818 dignum
991 3737 1065 3798 erat
1078 3726 1123 3798 ad
1136 3748 1221 3798 vere

141 3868 283 3920 auream
305 3848 556 3939 procurandam
586 3851 732 3949 pacem?
762 3848 812 3917 llli
830 3848 993 3940 equidem
1023 3868 1132 3938 parva
1158 3868 1221 3940 spe

142 3989 268 4060 magno
288 3980 324 4040 et
348 3971 539 4061 procelloso
557 3969 643 4037 mari
664 3967 814 4039 Colcbon
837 3966 1051 4038 barbaricam
1072 3968 1218 4061 petiere,

141 4088 201 4161 ubi
223 4089 392 4183 regnabat
411 4089 606 4179 incognitus
630 4110 694 4159 rex
715 4088 851 4159 AEthes:
868 4089 926 4159 isti
943 4088 1128 4173 Mantuam,
1149 4112 1219 4182 quo

140 4212 209 4284 iam
230 4212 357 4282 Caesar
382 4218 589 4303 pervenerat
615 4211 681 4280 late
714 4219 832 4293 notus,
860 4230 986 4301 magno
1011 4219 1046 4280 et
1072 4232 1219 4302 prorsus

140 4330 399 4427 incomparabili
418 4331 562 4423 praemio
579 4331 679 4402 illecti
700 4341 803 4424 atque
819 4331 949 4422 exiguo
962 4340 998 4401 et
1010 4334 1113 4424 plano
1131 4333 1218 4403 calle

140 4473 210 4527 non
229 4457 409 4549 peterent?
428 4455 573 4526 luerunt
592 4454 723 4546 itaque,
738 4452 831 4545 quod
849 4474 906 4525 res
926 4452 1043 4525 docuit
1059 4450 1217 4525 felicibus
