2738 5062
525 696 566 744 DE
589 694 688 745 REBUS
708 693 931 745 remismundus

595 950 771 1015 uersuum
792 949 862 1013 XVI.

192 1190 195 1194 Α
239 1144 432 1197 ΡΒΛΝΟΙΞΟΙΙΞ
454 1142 621 1194 ΡΕΤΗΑΒΕΑ
643 1141 772 1192 ouluoru
794 1130 1044 1191 nucururlscoio
1065 1140 1224 1193 GENUENSI

661 1246 686 1294 S.
709 1247 737 1294 P.
760 1247 789 1294 D.

319 1425 388 1480 Eum
405 1426 439 1480 de
455 1425 540 1481 rebus
556 1426 624 1495 suis,
640 1431 672 1481 ut
686 1430 745 1481 emt
760 1426 788 1480 in
803 1425 883 1495 uotis,
899 1424 1049 1481 certiorem
1061 1425 1135 1480 iacit.

269 1659 376 1752 'Novi
397 1688 446 1751 te:
468 1679 551 1762 scio,
574 1700 678 1771 quam
699 1677 820 1750 deme
841 1696 979 1769 semper
1004 1677 1134 1749 anxius
1159 1679 1268 1753 tueris

187 1824 363 1895 quamque
390 1801 556 1874 solicitus.
578 1802 623 1874 Et
641 1804 791 1896 proiecto
810 1823 880 1874 non
905 1809 1001 1873 amat
1017 1801 1078 1894 qui
1098 1823 1169 1874 uon
1194 1824 1268 1875 me·

188 1927 261 1997 tuit.
284 1927 420 1997 Statum
443 1947 556 1998 mcum
578 1923 634 1996 vis
659 1921 791 1997 audire.
821 1922 927 2016 Atqui
953 1924 983 1995 si
1004 1946 1026 1995 a
1047 1926 1173 1997 stando
1196 1937 1268 1999 sta·

188 2059 245 2119 tus
265 2047 400 2132 dicitnr,
422 2048 537 2118 nullus
559 2047 615 2118 hic
635 2045 764 2117 homini
784 2053 896 2117 status
912 2054 983 2124 est.
996 2045 1193 2119 sed'fluxus
1214 2048 1268 2120 iu·

187 2173 300 2263 gisae
322 2174 455 2266 lapsus,
477 2180 583 2264 atque
607 2169 653 2241 ad
677 2169 837 2243 ultimum
858 2167 969 2243 ruina.
990 2168 1083 2252 Quid
1106 2170 1196 2242 velis
1215 2179 1268 2242 ta·

56 2330 58 2334 <
187 2315 265 2364 men
287 2293 456 2382 inteiligm
472 2314 577 2386 quam
600 2315 664 2365 seu
696 2292 851 2367 suaviter
868 2312 932 2365 seu
953 2291 1088 2365 duriter
1104 2313 1163 2365 res
1179 2312 1267 2365 merc

185 2436 255 2487 non
276 2423 382 2497 stent,
398 2413 484 2497 dico,
501 2413 564 2486 scd
584 2415 781 2486 volvantur.
802 2417 852 2486 De
872 2435 943 2508 quo
960 2415 1038 2507 ipso
1055 2435 1153 2511 saepe
1168 2435 1265 2509 qne-

185 2536 343 2611 rentibus
360 2535 480 2609 amicis
501 2556 564 2629 pro
584 2545 740 2629 tempore
764 2535 863 2609 varie
876 2535 1065 2631 respondi.
1085 2536 1178 2620 Quid
1204 2560 1265 2611 au·

185 2672 255 2733 tem
283 2669 381 2732 vetat
403 2660 460 2731 vel
487 2659 619 2752 saepius
650 2658 741 2731 idern
771 2657 854 2742 dici,
882 2660 939 2731 vel
965 2658 1089 2731 mutari
1111 2659 1207 2746 stilo,
1234 2663 1263 2733 si

184 2805 254 2876 qna
274 2805 391 2855 rerum
416 2784 472 2855 vet
499 2781 697 2877 opinionum
720 2781 863 2854 mutatio
887 2783 976 2853 taeta
995 2783 1072 2855 cst?
1093 2783 1138 2854 Et
1170 2781 1263 2858 mea-

184 2927 260 2976 rum
279 2904 419 2996 quidem
438 2926 553 2975 rerum
574 2923 745 2974 summam
767 2884 850 2975 otirn‘
866 2903 926 2975 tibi
945 2902 1161 2977 notissimam
1180 2904 1261 2976 snio.

182 3026 383 3112 Minntiora,
404 3026 438 3097 ni
459 3027 572 3108 fallor,
591 3035 627 3098 et
651 3024 852 3117 quotidiana
872 3025 1003 3117 euuigin
1026 3025 1110 3120 quid
1132 3025 1262 3100 indies

183 3153 309 3241 agam?
334 3148 418 3242 quid
444 3149 489 3220 de
520 3150 638 3220 tuturo
662 3150 837 3220 statuam?
865 3168 1077 3241 quamquam
1109 3159 1146 3221 et
1178 3150 1262 3223 illud

182 3274 265 3343 mihi
279 3272 323 3344 de
337 3271 478 3364 ingenio
493 3281 552 3341 tuo
570 3270 774 3363 spondeam,
791 3268 1002 3363 ubicumque
1019 3271 1085 3342 sim
1103 3293 1209 3343 nosse
1228 3281 1261 3342 te

181 3414 251 3463 non
273 3393 376 3464 niodo
402 3392 487 3486 quid
511 3413 628 3483 agam,
651 3390 715 3463 sed
738 3388 823 3483 quid
849 3389 1030 3462 somniem.
1051 3390 1143 3475 Quid
1165 3391 1258 3464 euim

181 3512 248 3583 nisi
270 3512 402 3582 somnia
422 3511 570 3584 dixerim
591 3511 746 3585 actiones
766 3523 801 3583 et
820 3510 1048 3603 cogitationes
1070 3512 1259 3597 hominum,

182 3656 270 3727 qrres
290 3633 387 3706 novit
405 3634 588 3715 Dominus,
602 3635 768 3725 quoniam
789 3653 892 3705 vanae
909 3645 1007 3719 suut,
1021 3644 1061 3705 ut
1076 3635 1260 3708 Psalmista

181 3759 247 3831 ait?
263 3759 308 3829 Et
327 3777 450 3829 revera
473 3754 614 3827 minime
633 3776 816 3847 operosam
841 3764 903 3826 aut
925 3755 1100 3828 difficilem
1122 3756 1183 3826 tibi
1203 3778 1261 3830 oo·

180 3882 367 3972 gnitionem
403 3877 530 3959 tribum
566 3897 672 3950 nosse
703 3876 787 3970 quid
820 3899 934 3969 agam.
966 3873 1142 3970 Siquidem
1182 3888 1261 3973 post

181 4023 402 4094 compressos
428 3999 672 4073 adolescentie
707 3998 863 4071 turbines
895 4008 931 4071 et
956 3997 1132 4071 flammam
1167 4002 1256 4073 iliam

179 4119 347 4199 beneficio
369 4121 565 4195 maturioris
590 4121 703 4193 aetatis
730 4121 920 4193 extinctam
942 4121 975 4217 (o
1002 4123 1087 4215 quid
1114 4124 1254 4216 loquor!

181 4262 260 4312 curn
286 4250 336 4311 tot
365 4243 570 4316 libidinosos
603 4244 734 4336 passim
768 4265 809 4314 ac
833 4242 963 4315 deliros
990 4265 1094 4317 senes
1118 4244 1257 4316 videam

181 4375 282 4455 turpe
306 4360 492 4435 iuvenibus
517 4366 573 4436 vel
596 4367 830 4459 spectaculum
855 4367 912 4436 vei
933 4367 1164 4463 exemplum),
1187 4367 1257 4438 imo

180 4482 285 4572 igitur
304 4490 385 4570 post
404 4481 486 4552 iliud
508 4484 702 4556 incendium
724 4486 856 4559 coelesti
879 4508 957 4560 rore
983 4489 1185 4584 Christique
1205 4511 1257 4561 re·
