2738 5062
425 755 517 804 mnnn
540 756 952 806 rronus.-er1srouaxru.
1190 747 1223 806 ol

142 877 263 948 collem
284 872 580 964 contemplabere,
602 883 718 945 ortum
742 875 825 946 solis
851 875 912 946 tibi
939 878 1110 946 lustrasse
1130 875 1226 945 vide-

141 996 245 1080 beris,
264 1005 301 1064 et
317 1016 491 1077 oceasum,
506 993 665 1089 opinione
684 1005 741 1067 tua
759 998 850 1081 lelix,
866 998 895 1070 si
911 1008 1025 1069 lamen
1046 999 1113 1068 ulla
1125 1008 1180 1067 est
1194 996 1228 1066 in

141 1140 262 1190 errore
293 1116 452 1189 felicitas.
483 1118 592 1188 Roma
617 1129 733 1189 autem
758 1119 943 1210 digressus
964 1121 1033 1204 ille,
1057 1142 1226 1211 nequam

141 1242 275 1313 nesciat
296 1261 360 1332 per
382 1238 512 1311 ltaliam
530 1240 637 1310 ltaliae
655 1241 841 1331 regionem,
861 1243 1106 1313 Hetruscorum
1124 1240 1227 1312 urbes

141 1364 296 1436 invisere
321 1362 357 1433 in
384 1362 498 1434 auimo
519 1361 639 1446 babet,
662 1363 787 1454 gelidis
808 1386 849 1435 ae
866 1363 1063 1458 tepentibus
1080 1364 1228 1434 circum-

141 1487 252 1558 ssuunr
279 1484 434 1557 lontibus
468 1484 661 1556 viterbium
686 1495 722 1557 et
751 1485 1035 1558 Urbemveterem
1062 1486 1228 1578 praerupti

142 1607 222 1680 saxi
249 1608 286 1677 in
306 1606 436 1678 vertice
461 1607 650 1698 sedentem.
683 1611 793 1680 Senas
820 1617 988 1702 praeterea
1013 1620 1049 1679 et
1074 1611 1153 1701 lupa
1178 1610 1228 1678 al-

143 1730 226 1803 trice
246 1739 283 1802 et
301 1740 435 1824 septem
455 1730 601 1802 collibus
623 1732 742 1803 Romae
764 1734 924 1803 aemulam
952 1733 1143 1813 civitatem,
1171 1753 1227 1801 ro-

142 1875 327 1925 manorum
359 1873 449 1944 opus
481 1852 610 1924 dueum
643 1854 867 1938 Florentiam,
901 1854 947 1925 de
973 1876 1042 1946 qua
1071 1853 1156 1924 nilril
1181 1855 1227 1925 ad

141 1995 313 2072 praestana
332 1973 450 2066 nequi
470 1984 502 2045 te
522 1973 616 2057 mibi,
636 1995 692 2045 me
712 1973 772 2044 tibi
790 1985 994 2067 suspectum
1012 1976 1114 2047 saciat
1129 1996 1227 2046 amor

141 2098 274 2193 patriae.
307 2096 391 2167 lnde
413 2107 576 2189 superate
601 2118 726 2166 rursus
746 2095 930 2189 Apennino
951 2119 1013 2190 per
1034 2098 1226 2169 studiosam

143 2217 294 2290 transire
319 2217 521 2302 Bononiam,
552 2227 658 2308 atque
684 2217 752 2289 buc
778 2217 901 2290 iterum
929 2196 1059 2290 reverti
1083 2219 1222 2311 cogitat,

142 2341 299 2412 omnium
320 2339 375 2410 bie
394 2338 578 2429 legationis
599 2360 675 2410 suae
694 2343 915 2433 praelatorum
937 2344 1092 2413 solemne
1111 2340 1225 2412 eonci-

143 2462 228 2533 lium
249 2471 411 2543 aeturus3
430 2472 535 2553 atque
556 2461 603 2532 ita
622 2470 693 2532 tum
714 2463 856 2534 demum
876 2464 1109 2536 Mediolanum
1126 2485 1225 2556 repe-

143 2594 203 2666 tet,
225 2592 262 2655 et
281 2583 326 2656 ad
347 2585 472 2655 laevam
499 2582 654 2670 flectens,
683 2585 784 2658 tertio
809 2586 980 2658 transiliet
1003 2585 1222 2680 Apenninum

141 2703 287 2776 visurus
305 2712 342 2775 et
366 2705 529 2774 lunuam:
549 2725 613 2776 nee
638 2704 818 2778 immerito.
847 2707 948 2778 Nulla
973 2707 1065 2778 enim
1092 2705 1225 2776 animo·
1339 2774 1342 2779 ,

142 2827 229 2911 sior,
250 2827 348 2897 nulla
372 2824 476 2898 hodie
500 2826 621 2898 verius
647 2848 769 2918 regum
791 2827 915 2900 civitas
940 2828 1008 2900 diei
1035 2837 1165 2921 posset,
1193 2828 1224 2897 si

141 2947 255 3020 civilis
276 2946 357 3020 inde
376 2948 561 3019 concordia
579 2970 650 3019 non
670 2946 823 3018 abesset.
845 2950 895 3018 lta
919 2969 980 3041 per
1007 2946 1223 3037 Ligusticum

143 3070 268 3154 sinum,
288 3092 358 3163 quo
379 3071 497 3141 nullus
518 3069 697 3152 amoenior,
712 3089 775 3161 per
790 3068 951 3139 cedrinos
967 3090 1008 3139 ac
1027 3069 1223 3162 palmiferos
1270 3165 1274 3169 ἱ

142 3193 268 3276 saltos,
293 3213 357 3287 per
376 3192 588 3265 odoriferum
604 3201 710 3285 atque
730 3190 939 3261 undisonum
961 3189 1057 3273 litua,
1086 3189 1131 3261 ad
1157 3192 1224 3261 lta-

140 3316 198 3388 liae
217 3314 324 3389 finem
344 3316 474 3400 veniet,
498 3317 532 3386 in
552 3315 681 3387 Gallias
703 3334 924 3387 reversurus.
946 3313 1021 3385 Non
1042 3311 1119 3383 baee
1142 3333 1224 3404 pro-

141 3441 295 3536 perantis
308 3441 413 3512 taedio
426 3439 538 3512 allecti
559 3438 664 3510 animi
685 3438 787 3530 signa
808 3447 900 3509 sunt.
918 3436 1025 3509 Vides
1039 3445 1078 3507 ut
1093 3436 1224 3508 blaeau-

142 3559 219 3631 drio
254 3579 352 3631 more
389 3557 667 3631 circumflectitur
702 3579 773 3651 quo
805 3567 840 3628 et
877 3578 898 3627 a
939 3555 1097 3650 pluribus
1138 3557 1222 3627 loeis

145 3679 318 3752 adventus
353 3681 409 3753 sui
435 3680 633 3752 iucunditas
659 3680 842 3762 sentiatur,
869 3689 905 3751 et
925 3698 1098 3771 generosa
1124 3696 1222 3747 mens

144 3799 393 3891 plurilormium
413 3814 531 3870 rerum
553 3811 730 3873 recreetur
751 3799 962 3894 aspectibus.
989 3798 1099 3870 Habet
1119 3797 1223 3888 igitur

145 3919 252 3992 beros
280 3931 362 3993 tuus
383 3942 545 4013 maguam
567 3922 743 4014 gaudendi
761 3923 949 4006 materiam,
969 3924 1075 3992 multa
1096 3930 1131 3991 et
1150 3941 1224 3990 ma·

142 4063 220 4134 gua,
243 4054 278 4114 et
298 4043 535 4115 memorabilia
554 4044 696 4130 vidisse,
715 4058 751 4118 et
771 4046 817 4116 ibi
838 4043 1142 4140 praeclarissimum
1162 4066 1223 4114 uo-

142 4185 222 4235 men
255 4187 358 4235 suum
391 4166 462 4250 illa,
493 4188 574 4260 quae
600 4167 756 4239 minuere
789 4170 914 4239 lamam
948 4166 1048 4246 solet,
1078 4165 1222 4235 auxisse

141 4287 350 4379 praeseutia;
372 4287 532 4359 habetet
551 4312 620 4381 quo
642 4292 777 4361 laetetur
798 4286 902 4372 ltalia,
921 4307 1001 4379 quae
1022 4285 1111 4356 inter
1133 4306 1222 4379 prae-

143 4410 251 4480 sentis
283 4409 351 4480 aevi
380 4409 499 4483 nubila
530 4412 596 4481 hoc
626 4413 724 4482 velut
752 4409 903 4502 benigno
928 4409 1079 4503 quodam
1108 4408 1221 4479 sidere

143 4539 305 4603 serenata
320 4541 390 4615 est3
408 4544 444 4605 et
462 4555 542 4625 quae
562 4532 607 4604 ab
627 4531 723 4602 initio
740 4554 865 4618 rerum,
886 4542 923 4603 ut
943 4532 1015 4623 ipse
1036 4551 1103 4599 non
1125 4530 1222 4616 igno-
