2738 5062
465 861 651 927 smlclscl
681 861 886 925 PETRARCAE

288 1072 358 1149 DE
407 1071 590 1151 REBUS
640 1071 1068 1151 llllllllfflssus

383 1269 536 1340 LIBER
576 1270 967 1343 NONUSDECIMUS.

640 1520 719 1546 -ὲ

567 1827 744 1893 EPISTOLA
764 1830 784 1891 l.

196 1985 388 2071 FRANCssCUS
411 2018 578 2069 Pssnlllca
599 2018 724 2069 clauso
745 2020 785 2069 lv.
806 2019 1000 2071 fflPERATORl
1020 2021 1165 2074 AUGUSTO

615 2124 641 2172 S.
664 2123 692 2173 P.
714 2124 744 2174 D.

228 2301 391 2358 Gratulatur
406 2301 466 2356 eius
480 2301 510 2356 in
525 2301 632 2357 ltaliam
647 2303 811 2371 adrentum,
828 2319 981 2376 rursusque
999 2305 1128 2361 hortatur

421 2396 453 2445 ut
467 2391 626 2447 Romanum
641 2393 789 2464 imperium
804 2393 941 2448 restituat.

240 2603 286 2673 Et
297 2601 461 2694 gaudium
483 2603 606 2694 ingens
623 2603 732 2675 verba
749 2605 941 2699 praeoidera
960 2604 1109 2674 solitum.
1129 2604 1220 2688 Quid

142 2725 176 2796 ni
209 2733 327 2796 autem
356 2724 422 2795 erit
451 2723 509 2794 ubi
543 2723 701 2820 spiritum
732 2723 938 2816 abrumpat?
970 2725 1064 2796 Idem
1092 2746 1159 2817 ego
1184 2727 1219 2797 in

143 2855 202 2919 tua
227 2846 352 2917 totiens
377 2845 620 2917 exhortatione
652 2845 890 2938 multiloquus
912 2867 957 2917 eu
983 2855 1020 2916 ut
1045 2847 1080 2917 in
1100 2857 1221 2939 gratu·

142 2969 267 3041 latione
287 2966 469 3060 perbrevis
490 2990 580 3039 sum.
599 2968 690 3053 Quid
710 2969 802 3039 enim
816 2967 954 3041 dicam‘l
971 2968 1069 3041 Unde
1085 2970 1220 3043 ordiar?

141 3088 306 3161 Vaooasti
338 3109 399 3159 oor
430 3111 545 3161 meum
573 3092 689 3162 multis
718 3089 907 3182 angoribus
933 3101 1037 3184 alque
1069 3091 1219 3187 implesti

143 3209 283 3303 gaudio,
315 3210 478 3306 quodque
510 3211 559 3284 ait
590 3212 785 3298 Psalmista,
812 3211 1001 3306 adimplebis
1027 3235 1078 3283 me
1104 3215 1220 3284 lotitia

143 3355 217 3406 cum
242 3336 337 3403 vultu
362 3346 426 3405 tao.
455 3335 500 3405 Et
523 3335 552 3406 si
574 3338 646 3406 sola
667 3335 734 3406 iam
755 3337 845 3426 lama
868 3333 916 3404 tui
937 3334 1085 3406 nominis
1110 3333 1221 3408 adim·

143 3459 272 3550 pletum
298 3465 367 3542 ast,
391 3456 476 3550 quid
504 3460 621 3529 vultus
646 3478 732 3549 ergo
751 3475 945 3542 oaesareus,
967 3455 1051 3549 quid
1070 3468 1221 3551 augusta

144 3579 238 3650 trous
270 3578 394 3651 saciet?
427 3579 739 3672 longanimitatem
771 3577 859 3651 inter
891 3582 1153 3674 expectationes
1178 3601 1220 3653 ac

143 3701 342 3793 patientiam
373 3700 596 3796 exoptabam.
626 3700 716 3775 Ecce
743 3714 864 3798 optare
897 3703 1022 3799 incipio
1047 3694 1090 3775 ut'
1114 3713 1218 3775 tantae

143 3822 313 3895 felicitatis
346 3845 458 3916 capax
484 3834 649 3916 tantoque
682 3824 810 3915 gaudio
843 3848 904 3918 par
934 3826 1009 3895 sim.
1038 3826 1106 3893 lam
1134 3823 1218 3891 mihi

143 3967 212 4016 non
223 3945 411 4031 Bollemiae,
428 3945 492 4017 sed
513 3943 633 4015 muudi
651 3966 731 4027 rex,
747 3946 813 4015 iam
832 3945 1005 4016 Romanus
1019 3943 1215 4036 imperator,

143 4065 209 4138 iam
231 4090 338 4140 verus
354 4089 394 4138 ss
412 4068 542 4139 Caesar.
560 4064 722 4137 Invenies
743 4087 786 4135 ue
805 4062 940 4147 dubita,
962 4083 1042 4156 quae
1064 4062 1125 4134 tihi
1146 4068 1219 4158 pol-

141 4188 256 4261 licitos
283 4210 376 4272 sum,
404 4198 523 4279 parata
551 4187 683 4258 omnia:
716 4183 884 4282 diadema,
921 4185 1120 4278 imperium,
1156 4185 1219 4256 im·

143 4312 321 4381 mortalem
355 4309 518 4401 gloriam,
553 4321 780 4402 apertumque
815 4306 892 4378 coeli
927 4305 1073 4378 aditum:
1106 4318 1141 4377 el
1174 4308 1218 4376 ad

143 4451 330 4514 sommam,
352 4430 522 4524 quidquid
543 4441 661 4524 optare
686 4441 746 4502 aut
771 4449 911 4522 sperare
932 4427 1052 4501 datum
1077 4425 1217 4498 homini.

272 4562 297 4598 ιι.
1034 4549 1064 4595 33
