2738 5062
418 708 511 758 einen
533 710 681 761 uncinus.
694 712 896 762 -seisrona
919 714 938 761 1.
1189 706 1228 768 59

144 851 221 902 men
237 829 421 901 ostendas.
439 829 515 901 Non
533 838 567 901 te
584 832 873 925 transalpinarum
892 833 1087 908 sollicitudo
1099 859 1225 924 rerum,

142 973 207 1025 non
225 961 262 1023 te
282 949 410 1023 natalis
437 952 502 1024 soli
525 950 673 1026 dulcedo
698 953 860 1026 detineat.
887 955 1056 1038 Quotiens
1082 959 1116 1029 in
1142 959 1227 1031 Ger-

141 1072 292 1146 maniam
315 1072 523 1165 inspexeris,
545 1075 674 1148 ltaliam
696 1076 832 1168 cogita3
854 1077 922 1150 illic
941 1091 1059 1165 natus,
1082 1079 1137 1152 hic
1162 1106 1227 1152 nu-

142 1197 254 1279 tritus,
276 1194 346 1266 illic
367 1215 524 1287 regnum,
547 1196 658 1269 hicet
679 1220 825 1290 regnum
847 1199 956 1273 habes
977 1213 1012 1273 et
1031 1205 1223 1297 imperium,

139 1329 176 1390 et
193 1317 292 1410 quod
312 1316 492 1390 nationum
513 1339 554 1390 ac
574 1329 745 1391 terrarum
772 1320 925 1391 omnium
952 1345 1038 1417 pace
1058 1326 1224 1411 dixerim,

139 1461 220 1511 cum
242 1436 374 1531 ubique
393 1437 560 1524 membra,
579 1439 635 1512 bic
654 1441 768 1534 ipsum
789 1452 894 1534 caput
914 1443 1068 1517 invenies
1088 1448 1227 1519 llnnar-

140 1561 243 1635 chiae·
268 1560 393 1631 Nullus
419 1560 525 1652 igitur
552 1562 704 1654 ignaviae
728 1565 824 1636 locus
854 1572 918 1635 est.
955 1566 998 1637 Ut
1026 1567 1071 1638 ad
1103 1577 1226 1639 nutum

140 1692 268 1755 cuncta
304 1680 512 1767 succedant,
548 1704 715 1775 magnum
751 1685 857 1757 fuerit
884 1695 1072 1760 tantarum
1109 1713 1227 1762 rerum

139 1806 337 1897 fragmenta
366 1803 540 1896 colligere.
573 1806 691 1877 Sentio
719 1806 862 1900 quidem
889 1810 1077 1882 novitatem
1107 1835 1225 1884 rerum

140 1927 297 1999 omnium
328 1948 410 1999 esse
436 1936 655 2020 suspectam
682 1930 745 2001 sed
773 1931 819 2002 ad
845 1950 937 2001 nova
966 1952 1035 2003 non
1063 1934 1224 2018 traheris,

141 2070 257 2141 neque
289 2046 351 2118 tibi
375 2048 475 2119 aliter
499 2049 596 2120 ltalia
625 2072 731 2143 quam
762 2050 947 2123 Germania
973 2060 1055 2123 nota
1079 2064 1144 2124 est.
1172 2054 1227 2125 Ab

140 2171 285 2243 infantia
300 2171 395 2243 enim
413 2179 473 2243 tua
492 2170 594 2243 nobis
614 2172 796 2245 divinitate
815 2173 961 2269 propitia
980 2173 1225 2265 repromissus,

141 2294 252 2365 altum
273 2292 389 2388 inclyti
406 2293 515 2386 patris
533 2294 599 2365 iter
616 2293 703 2366 mira
720 2294 833 2367 indole
853 2307 1076 2391 prosecutus
1101 2297 1226 2369 subeo

142 2426 182 2486 et
199 2414 335 2485 italicas
352 2414 468 2499 arbee,
488 2425 524 2486 et
540 2436 656 2486 mores
677 2415 865 2501 hominum,
884 2427 920 2487 et
937 2428 1107 2488 terrarum
1126 2418 1224 2497 situs,

140 2548 177 2609 ct
195 2536 352 2628 gloriosa
363 2536 559 2608 rudimenta
578 2535 741 2609 didicisti.
763 2538 853 2623 Quin
873 2537 976 2610 etiam
995 2538 1110 2610 adlruc
1129 2562 1224 2632 puer,

140 2657 238 2751 quod
270 2658 455 2750 plusquam
481 2657 645 2729 humanae
671 2656 810 2730 virtutis
840 2659 922 2745 luit,
954 2660 1140 2750 praeclaras
1170 2659 1226 2729 hic

141 2799 238 2872 saepe
257 2779 423 2851 victorias
443 2777 615 2864 meruisti,
639 2776 707 2850 sub
726 2777 870 2870 quibus,
891 2780 958 2850 etsi
980 2800 1107 2869 magna
1128 2789 1228 2849 erant

141 2918 224 2992 quae
247 2898 410 2990 gemnae,
436 2900 569 2971 maiora
595 2909 711 2971 temen
737 2900 879 2992 puerilis
904 2898 1138 2991 expeditionis
1163 2899 1227 2968 mi-

141 3021 289 3095 nisterio
306 3022 532 3108 velabantur,
554 3044 600 3093 nc
626 3021 757 3093 seilicet
776 3040 855 3091 eam
879 3019 1026 3113 patriam
1054 3020 1108 3089 vir
1128 3019 1228 3091 time-

141 3167 217 3231 res,
246 3167 327 3239 quae
357 3144 418 3215 tibi
448 3166 558 3237 puero
587 3154 759 3216 tantarum
790 3139 1013 3213 victoriarum
1045 3140 1226 3212 materiam

141 3267 364 3362 praebuisset,
386 3278 422 3339 et
441 3267 527 3360 quid
546 3266 603 3338 hie
623 3287 765 3362 sperare
788 3263 920 3337 debeas
941 3263 1138 3358 Imperator,
1157 3262 1228 3355 pri-

140 3388 247 3461 maevi
275 3387 426 3461 tirocinii
452 3388 609 3484 auspicio
639 3388 852 3481 provideres.
879 3385 980 3459 Adde
1010 3386 1105 3479 quod
1137 3406 1226 3456 nun-

140 3530 246 3604 quam
263 3512 369 3583 ullius
385 3511 523 3583 externi
540 3510 702 3604 principis
720 3510 911 3582 adventum
929 3509 1042 3580 laetius
1060 3514 1226 3600 expecta-

142 3631 195 3702 vit
211 3631 324 3716 ltalia,
346 3640 454 3725 utque
475 3653 539 3703 nec
557 3630 696 3703 aliunde
713 3630 907 3702 remedium
925 3628 1130 3704 vulneribus
1152 3630 1225 3701 suis

144 3763 269 3847 eperat
285 3775 352 3825 nec
369 3762 466 3825 tuum
484 3763 658 3847 tamquam
677 3752 881 3844 alienigenae
896 3751 1015 3843 iugum
1035 3750 1141 3822 timet.
1156 3752 1227 3821 Hoc

144 3874 329 3965 singulare,
352 3873 383 3947 si
400 3875 524 3959 nescis,
547 3873 653 3945 habet
670 3874 763 3968 apud
780 3894 844 3944 nos
861 3873 1025 3944 maiestas
1048 3882 1123 3956 tua3
1141 3871 1227 3966 quid

142 3996 234 4069 enim
253 4020 382 4070 verear
405 3998 496 4092 loqui
517 3997 612 4090 quod
634 3996 758 4082 sentio,
782 4006 819 4068 et
838 3995 930 4088 quod
953 4006 987 4066 te
1007 3995 1121 4066 iudice
1146 4018 1226 4088 pro

143 4118 216 4193 bari
239 4119 402 4194 conlido?
418 4121 505 4192 miro
524 4119 665 4213 quidem
685 4119 749 4190 Dei
768 4120 890 4189 favore
910 4138 1003 4188 nunc
1023 4115 1173 4207 primum
1190 4116 1226 4187 in

142 4252 176 4314 tc
192 4243 296 4317 nobis
312 4253 392 4336 pest
409 4251 459 4314 tot
476 4244 605 4314 saecula
622 4263 699 4313 mos
712 4239 846 4333 patrius
858 4248 894 4310 et
905 4236 1090 4330 Augustus
1107 4249 1226 4310 noster

142 4375 197 4438 est
205 4365 432 4439 redditurus
441 4365 543 4449 enim,
558 4364 696 4448 utlibet,
710 4362 774 4434 sibi
785 4361 946 4434 Germani
961 4361 1225 4443 vindicenl3nos

143 4496 176 4561 tc
195 4490 351 4563 italicum
372 4486 590 4560 arbitramur.
612 4489 762 4581 Propera
783 4485 899 4577 igitur,
926 4484 1020 4579 quod
1040 4504 1136 4576 saepe
1155 4481 1222 4550 iarn
