2738 5062
199 612 258 673 llll}
535 619 576 668 DE
597 618 698 668 nunes
719 618 941 670 rtltltltltlttus

199 763 258 846 sit,
283 758 377 852 quod
399 758 512 852 ipsum
534 777 674 848 quoque
700 757 800 826 venia
820 755 965 847 dignum
989 766 1086 839 erat;
1108 754 1170 827 bic
1200 778 1296 831 vero

199 896 269 956 tam
284 881 368 953 nibil
381 882 493 972 culpae
506 886 569 962 est,
585 890 622 949 ut
636 881 751 950 nullus
767 879 879 949 veniae
892 880 987 950 locus
999 876 1114 948 detur.
1130 876 1295 959 Quando

198 1008 289 1077 enim
312 1003 449 1097 ingenio
472 1012 530 1073 tuo
555 1003 675 1093 orique
696 1021 803 1073 aureo
828 1000 1019 1081 excideret,
1040 999 1139 1091 quod
1159 1004 1293 1094 pro'cul

198 1126 304 1198 dubio
323 1127 352 1197 si
371 1127 426 1195 vel
444 1123 621 1195 dormiens
639 1123 831 1215 loquereris
852 1122 1078 1194 adverteres?
1098 1122 1216 1195 Multa
1233 1126 1294 1197 l'u·

198 1260 294 1321 ratur
314 1250 468 1319 calamus
489 1257 524 1316 et
545 1246 643 1338 plura
661 1266 756 1337 saepe
775 1244 911 1335 maguis
928 1242 1076 1335 ingeniis
1095 1250 1133 1315 et
1150 1266 1292 1337 magua

199 1366 436 1442 tractantibus.
458 1366 548 1437 Nihil
569 1364 709 1437 habenti
732 1366 779 1435 nil
798 1364 965 1458 cripitur:
985 1385 1199 1456 magnorum
1221 1366 1292 1441 do-

198 1492 281 1563 mini
303 1514 413 1585 parva
433 1490 562 1562 damna
581 1509 649 1558 non
673 1486 848 1570 sentiunt3

489 1634 634 1715 Pauperis
650 1640 697 1697 est
712 1646 878 1695 numerare
894 1644 994 1709 pecus,

197 1771 307 1864 inquit
330 1772 433 1842 Naso.
465 1770 520 1839 Sic
545 1777 599 1838 est
628 1764 804 1858 ingenium
839 1763 993 1856 locuples
1026 1762 1128 1855 quasi
1157 1762 1288 1839 divitis

196 1894 272 1964 heri
292 1893 431 1976 domus,
455 1911 547 1984 quae,
570 1910 639 1981 quo
663 1883 852 1958 maioribus
873 1893 973 1956 aucta
994 1883 1115 1967 lucris,
1138 1906 1186 1957 eo
1208 1908 1286 1961 ma-

196 2017 251 2107 gis
272 2014 457 2086 servilibus
481 2012 582 2084 lurtis
609 2008 761 2082 obnoxia
786 2015 851 2079 est.
879 2006 929 2078 Tu
950 2027 1036 2097 ergo
1052 2004 1210 2097 perduoi
1226 2008 1286 2081 di-

195 2157 275 2206 cere
299 2136 456 2218 voluisti,
479 2147 514 2205 et
544 2136 695 2227 prolecto
725 2130 861 2203 dixisti:
887 2130 1041 2199 calamus
1067 2126 1140 2217 iugi
1171 2149 1283 2224 opera

196 2257 360 2347 latigatus
378 2254 551 2345 geminam
570 2253 735 2325 subticuit
754 2259 1013 2324 consonantem.
1031 2250 1139 2320 Parce
1162 2254 1283 2347 suspi-

195 2375 375 2457 cionibus;
402 2376 469 2444 iam
496 2375 606 2445 maior
631 2395 796 2466 osquam
822 2372 880 2465 qui
915 2373 970 2443 vel
1002 2368 1282 2447 obtrectatorum

195 2496 322 2570 iudicio
344 2497 377 2567 in
393 2495 520 2567 talibus
539 2517 601 2590 per
617 2496 845 2586 ignorantiam
861 2495 928 2567 labi
947 2495 1073 2590 possis.
1092 2494 1163 2567 Sed
1181 2496 1276 2581 vide,

194 2642 264 2704 oro,
282 2619 396 2713 cogita
413 2628 448 2689 et
465 2616 605 2689 intende
622 2616 757 2701 acriter,
777 2637 845 2686 non
863 2627 996 2687 tautruu
1014 2616 1092 2687 stilo
1108 2638 1156 2688 ue
1172 2616 1277 2705 obsit,

195 2742 257 2814 sed
277 2741 392 2814 animo
412 2739 517 2812 otiam
539 2749 577 2810 ut
601 2738 710 2833 prosit
733 2759 832 2809 error
856 2738 988 2810 calami.
1014 2736 1118 2820 Vide,
1146 2738 1276 2825 amice,

193 2874 324 2955 quanto
347 2860 448 2934 nobis
473 2862 650 2947 omnibuS,
677 2861 735 2953 qui
762 2862 943 2954 pulverem
974 2860 1136 2953 palestrae
1169 2861 1276 2935 buius

193 2986 408 3077 attingimus
436 2984 545 3056 maior
570 2984 616 3055 sit
639 2982 848 3075 eloquentiae
873 3002 956 3065 cura
980 3002 1085 3072 quam
1110 2981 1212 3067 vitae,
1241 2994 1279 3055 et

192 3107 368 3200 antiquius
388 3108 490 3177 lamae
512 3104 664 3176 studium
691 3128 794 3196 quam
821 3104 970 3174 virtutis.
998 3103 1148 3188 Quanta,
1176 3126 1277 3197 quae·

193 3250 242 3314 so,
270 3228 446 3319 vigilantia
472 3248 653 3312 cavemus
681 3225 809 3323 nequid
836 3224 871 3297 iu
900 3246 1060 3297 sermone
1089 3226 1275 3299 sordidum

193 3351 404 3419 incultumve
431 3352 477 3421 sit
504 3374 582 3421 cum
615 3350 698 3421 vitre
730 3349 864 3419 interim
897 3346 1129 3438 negligentes
1164 3350 1276 3421 mulla

194 3469 239 3541 ibi
265 3470 435 3561 squallida
461 3494 605 3566 prorsus
636 3481 672 3542 et
703 3472 877 3543 horrentia
908 3472 1188 3542 contemnamus!
1222 3470 1275 3545 lla

193 3611 380 3681 paucorum
429 3592 658 3663 bumanorum
706 3592 959 3664 servantissimi
1006 3591 1124 3663 divina
1175 3593 1276 3665 iussa

192 3708 476 3801 transgredimur,
498 3713 638 3801 quando
663 3723 702 3783 ut
727 3712 814 3783 bene
839 3712 1002 3785 vivamus
1028 3715 1086 3784 lcx
1112 3712 1277 3786 immobi-

193 3834 234 3903 lis
260 3832 319 3903 Ilei
350 3842 412 3915 cst,
447 3843 484 3902 ut
515 3854 582 3903 non
613 3834 663 3902 sic
694 3842 754 3904 aut
785 3833 834 3903 sic
865 3834 1048 3927 loquamur
1077 3835 1275 3909 humanum

191 3956 352 4047 placitum
391 3966 496 4048 alque
533 3965 755 4039 conventum,
782 3954 972 4047 quotidiani
1001 3978 1089 4027 usus
1123 3954 1277 4049 imperio

192 4088 320 4148 motum
344 4099 438 4172 saepe
460 4076 757 4168 movendumqu03
779 4100 870 4160 cum,
893 4086 932 4147 ut
952 4078 1000 4149 ait
1019 4078 1177 4161 FlaccuS,

707 4212 809 4292 lingua
826 4216 946 4279 Catonis
963 4222 993 4279 ct
1009 4216 1085 4279 Enni

388 4314 568 4377 Sermonem
585 4314 718 4393 patrium
736 4314 875 4379 ditaverit
894 4322 924 4378 et
941 4331 1020 4377 nova
1037 4328 1143 4379 rerum

388 4411 514 4475 b'omina
532 4414 707 4489 protulerit,
