2738 5062
154 621 213 683 564
491 637 533 687 ΒΕ
552 636 654 687 ussus
675 636 897 690 mutilamus
943 678 945 683 ,

152 772 396 868 potiusquam
416 770 603 852 salubriter
619 772 830 867 intendisti),
847 773 916 847 iam
938 770 1078 847 tandem
1097 769 1144 845 od
1163 795 1238 847 ma·

153 899 239 971 liora
259 903 499 981 converteres,
514 905 554 967 et
571 897 666 990 quod
686 897 840 971 maximo
860 908 894 969 te
913 895 1077 983 donabat,
1097 897 1239 988 religio·

154 1040 230 1093 sam
249 1017 400 1093 animam
422 1016 577 1113 pacificis
595 1017 800 1092 tractatibus
819 1021 1022 1115 applicares.
1046 1021 1125 1091 Non
1147 1018 1239 1093 dura'

153 1141 294 1235 quidem
316 1163 431 1234 neque
450 1141 603 1215 difficilia
620 1140 841 1235 postulabam
860 1150 901 1215 ut
923 1139 1109 1235 Augustini
1135 1142 1239 1214 miles

153 1286 196 1339 au
215 1262 409 1359 discipulus
432 1286 554 1360 paoem
571 1266 699 1349 velles,
717 1263 896 1360 praeoipue
910 1265 995 1339 dum
1011 1264 1153 1339 audires
1169 1264 1240 1339 du-

153 1409 231 1460 eem
254 1409 295 1460 ao
320 1387 527 1480 magistrum
549 1399 648 1461 tuum
667 1409 748 1461 eum
769 1408 864 1483 saepe
884 1386 970 1462 alias
995 1401 1069 1462 tum
1088 1409 1239 1484 expres-

155 1509 288 1583 sinsin
311 1529 355 1581 eo
377 1508 468 1582 libro
493 1509 530 1581 in
551 1529 624 1603 quo
644 1509 801 1583 eoelestis
829 1520 866 1583 at
890 1519 1034 1583 aeternae
1059 1506 1239 1604 Reipubli-

153 1653 207 1707 oae
229 1635 326 1725 leges
352 1642 492 1718 tractat,
515 1631 667 1726 quodam
684 1634 760 1707 loen
778 1631 825 1705 de
842 1653 930 1726 paee
952 1632 1005 1704 sio
1020 1632 1237 1726 loquentem3

156 1786 172 1823 u
203 1765 338 1829 tautum
357 1767 412 1829 est
430 1756 536 1839 enim,
563 1755 687 1849 inquit,
716 1755 812 1850 panis
835 1753 980 1842 bonum,
1007 1764 1047 1828 ut
1070 1754 1174 1833 etiam
1200 1754 1238 1825 in

157 1906 173 1941 u
203 1876 311 1950 rebus
331 1876 479 1949 terrenis
500 1887 607 1969 atque
625 1875 832 1948 mortalibus
850 1876 938 1948 nihil
963 1876 1099 1968 gratius
1128 1875 1240 1948 soleat

158 2028 175 2066 r
203 1978 332 2086 audiri,
354 2000 440 2072 nihil
460 1998 729 2073 desiderabilius
752 1997 963 2094 oonoupisoi,
990 1996 1075 2071 nihil
1103 2013 1239 2092 postre-

159 2150 175 2186 s
204 2143 263 2194 mo
283 2120 394 2216 possit
413 2122 539 2193 melius
560 2118 728 2206 inueniri;
750 2148 766 2186 r
794 2128 831 2192 et
855 2133 934 2214 post
949 2121 1128 2214 paululum
1151 2147 1166 2185 r
1188 2119 1239 2191 si·

158 2271 175 2307 n
203 2252 263 2314 eut
295 2263 410 2325 nemo,
439 2243 563 2335 inquit,
591 2255 647 2315 est
671 2244 733 2336 qui
757 2243 914 2335 gaudere
937 2242 1033 2326 nolit,
1060 2241 1109 2313 ita
1132 2260 1238 2314 nemo

159 2392 174 2428 ι
202 2362 345 2457 estqui
370 2384 489 2459 paoem
517 2363 649 2461 babere
675 2366 773 2439 nolit:
799 2362 1080 2460 quandoquidem
1107 2372 1145 2436 et
1171 2363 1239 2458 ipsi

158 2515 174 2553 r
202 2486 262 2582 qui
282 2485 374 2558 bella
395 2487 518 2559 volunt
534 2486 620 2558 nihil
636 2487 732 2561 aliud
748 2510 854 2580 quam
874 2488 1017 2560 sineere
1032 2487 1164 2559 volunt.
1182 2483 1240 2559 Ad

158 2637 174 2674 »
203 2608 389 2703 gloriosam
409 2630 495 2702 ergo
515 2630 637 2704 paoem
657 2607 821 2682 bellando
840 2611 984 2704 cupiunt
1002 2608 1196 2704 parvenire.
1219 2636 1237 2673 ι

155 2732 202 2804 Et
220 2752 360 2805 rursus:
378 2762 395 2800 u
415 2734 495 2807 Paci
511 2733 618 2825 igitur
638 2742 816 2824 geruntur,
837 2732 958 2827 inquit,
975 2729 1112 2805 albella
1124 2730 1170 2803 ab
1182 2731 1239 2803 his

159 2882 176 2921 r
202 2855 307 2927 etiam
327 2857 390 2949 qui
409 2855 575 2928 virtutem
596 2854 756 2928 bellicam
777 2853 921 2927 student
938 2876 1106 2929 exeruere
1130 2854 1241 2946 impe·

159 3004 176 3043 s
203 2975 314 3050 rando
333 2989 394 3051 aut
414 2977 612 3073 pugnaudo.
633 2977 731 3051 Unde
749 2998 872 3070 paoem
892 2989 1030 3058 onustat
1054 2974 1135 3049 belli
1158 2995 1241 3047 esse

160 3129 176 3169 n
203 3097 391 3196 optabilem
425 3098 542 3172 linem.
576 3100 698 3173 Omnis
725 3101 820 3173 enirn
845 3101 950 3173 bomo
969 3099 1076 3173 etiam
1096 3097 1240 3192 bellige-

159 3223 315 3298 rrundo
344 3244 467 3319 paoem
499 3223 656 3317 requirit.
694 3252 710 3289 u
740 3223 779 3294 ln
811 3244 882 3315 qun
915 3221 1060 3316 quidem
1083 3221 1238 3294 Cioeroni

155 3346 329 3420 consentit
355 3343 413 3418 ubi
440 3344 664 3439 suscipienda
688 3343 778 3418 bella
802 3347 853 3417 ait
873 3341 919 3416 ob
938 3365 1016 3417 eum
1037 3364 1178 3417 oausam
1199 3351 1238 3413 ut

156 3466 234 3540 sine
250 3466 380 3538 iniuria
397 3468 433 3538 in
450 3489 537 3562 pace
558 3468 710 3544 vitatur.
731 3467 808 3540 Nun
825 3489 985 3561 exequor
1006 3487 1091 3559 quae
1107 3462 1237 3538 ibidem

156 3589 377 3683 Augustinus
395 3589 488 3661 idem
508 3590 630 3662 divino
651 3590 794 3662 strinxit
813 3589 970 3680 ingenio,
996 3589 1092 3683 quod
1115 3599 1154 3661 et
1176 3585 1240 3661 tibi

156 3712 339 3786 notissima
356 3710 439 3794 sint,
454 3720 490 3780 et
506 3710 589 3781 mihi
609 3709 864 3806 providendum
885 3733 930 3784 ne
950 3712 980 3785 si
1000 3722 1125 3785 cuneta
1144 3731 1241 3784 enm-

157 3837 261 3930 pieoti
282 3833 400 3920 velim,
420 3833 623 3925 magnitudo
647 3856 765 3909 rerum
791 3833 934 3909 modum
965 3835 1085 3908 vineat
1110 3835 1242 3928 epistu-

157 3960 212 4031 iae.
232 3961 387 4045 Quorum
411 3968 526 4032 tamen
547 3959 605 4032 illa
624 3961 804 4032 conclusio
827 3969 895 4046 est,
916 3969 954 4032 ut
973 3980 1110 4033 omnem
1135 3978 1240 4031 usum

158 4098 277 4150 rarum
299 4084 544 4175 temporalium
564 4081 611 4154 ad
635 4083 785 4154 fructum
812 4093 961 4157 terreuae
986 4081 1083 4177 pacis
1112 4080 1147 4151 in
1173 4091 1241 4153 ter-

158 4219 243 4271 rena
268 4201 425 4288 civitate,
450 4206 486 4275 in
506 4205 643 4277 ooelesti
667 4217 782 4278 autem
808 4206 854 4280 ad
878 4206 972 4300 pacis
997 4216 1142 4277 aeternae
1168 4205 1240 4275 fru-

159 4330 253 4393 ctum
279 4323 502 4398 referendum
527 4346 608 4398 esse
638 4325 792 4401 definiat.
819 4330 907 4414 Quae
932 4349 1011 4401 oum
1037 4326 1085 4400 ita
1109 4334 1239 4407 essent,

161 4441 357 4537 sperabam,
394 4446 513 4530 fateor,
551 4470 656 4521 omne
686 4451 843 4542 quidem,
872 4451 952 4524 linet
979 4453 1096 4535 ferox,
1120 4445 1182 4522 sed
1207 4447 1241 4517 iu
