2738 5062
148 657 207 721 tta
486 670 528 719 nu
548 669 650 720 nanus
670 670 892 721 resumamus

146 811 250 882 ticum
281 806 439 880 scribens
473 828 551 879 cum
586 806 779 903 saepissime
817 808 1002 892 variasset,
1035 807 1162 882 adiecit
1193 822 1230 884 at

145 930 247 1024 quasi
267 928 314 1002 ad
334 931 491 1027 seipsum
511 931 673 1024 loquens:
694 930 791 1001 dane
810 933 929 1022 ipitur,
947 931 1072 1025 inquit,
1092 945 1229 1004 senten-

147 1056 228 1126 tiam
246 1054 377 1124 matos?
408 1063 446 1125 et
476 1052 663 1146 respondet
687 1061 726 1124 ut
749 1052 835 1126 dixi.
857 1051 929 1146 Epo
949 1065 1070 1139 tecum,
1093 1053 1226 1149 inquit,

148 1190 314 1269 umquam
344 1198 470 1246 mecum
495 1180 620 1268 loquor.
650 1175 732 1265 Ouia
756 1187 866 1247 autem
886 1187 948 1261 eat,
974 1186 1069 1247 tanta
1096 1176 1242 1285 quiden

147 1300 187 1372 de
217 1323 269 1385 re,
298 1302 379 1394 quin
412 1301 506 1370 caric
534 1319 643 1371 secum
662 1301 731 1403 ipse
756 1296 905 1394 deputet.
930 1296 1044 1391 Atque
1065 1296 1148 1371 hnic
1172 1320 1229 1370 ra·

149 1423 231 1495 tioni
252 1423 309 1496 ilia
328 1422 431 1503 aliam
452 1424 689 1522 accumulans:
714 1423 814 1493 simui
834 1433 868 1492 ct
892 1423 1006 1492 elicere
1030 1422 1128 1515 capio
1152 1443 1229 1492 sen-

149 1548 285 1618 tentiam
310 1557 416 1631 tuom,
438 1545 500 1630 ait,
526 1548 704 1630 timaret,
736 1555 774 1615 ct
796 1546 926 1638 firmior
947 1546 1025 1627 sim,
1046 1543 1077 1613 ai
1099 1554 1230 1617 mutatu

148 1679 194 1741 eat
212 1680 250 1739 ut
269 1670 518 1742 titiracrccticr.
540 1668 642 1752 Quod
662 1668 819 1740 ultimum
839 1688 895 1738 me
913 1686 983 1738 non
1004 1665 1125 1759 tangit.
1150 1665 1229 1737 Non

148 1812 227 1864 sum
247 1801 316 1863 tam
337 1802 475 1874 cautus;
502 1793 598 1862 nulia
630 1789 712 1862 mihi
745 1788 781 1861 in
813 1788 973 1863 amicitiis
993 1810 1072 1876 ars,
1094 1788 1165 1862 nisi
1191 1801 1229 1863 ut

148 1913 424 2016 valdeldiiigam,
446 1913 550 1986 vaide
570 1911 755 1996 confidam,
782 1910 867 1983 nihil
891 1910 1035 2003 fingam,
1062 1912 1148 1985 nihil
1168 1933 1228 1987 oo-

147 2037 286 2120 cultem,
308 2047 345 2108 et
370 2035 513 2129 perinde
533 2035 648 2107 omnia
672 2034 845 2131 explicem
871 2035 907 2105 in
931 2033 1078 2106 auribus
1097 2036 1228 2109 amieo-

148 2177 238 2240 rnm,
261 2156 354 2226 utin
374 2157 491 2228 animo
512 2165 702 2230 meo-suut.
724 2156 795 2230 Sed
814 2157 927 2231 redeo.
949 2157 1119 2241 Quamvis
1138 2179 1226 2251 argo

146 2297 217 2349 non
236 2278 350 2369 magis
370 2298 474 2350 aures
496 2290 574 2352 tuas
588 2301 694 2374 qnam
713 2301 811 2355 meas
827 2280 1080 2354 circumvenire
1101 2302 1227 2376 propo·

148 2400 253 2470 situm
288 2399 347 2484 sit,
373 2411 409 2471 et
438 2410 553 2473 tamen
573 2402 658 2504 mihi
680 2424 775 2496 saepe
796 2401 886 2475 idem
908 2404 1084 2476 efficacius
1113 2426 1134 2475 a
1167 2425 1226 2477 me

146 2525 223 2617 ipso
245 2523 382 2596 dicitur
412 2524 552 2617 quando
584 2527 634 2597 sic
666 2525 792 2598 dicitur
823 2527 1057 2599 excitantibus
1094 2526 1226 2601 scilieet

145 2656 251 2740 atque
271 2645 508 2739 pungentibus
532 2645 665 2731 verbis,
691 2669 797 2741 quam
822 2647 854 2719 si
877 2648 1004 2719 lentius
1028 2647 1222 2741 diceretur,

146 2780 227 2841 tunc
247 2769 359 2842 amico
379 2791 449 2840 non
468 2767 569 2842 aliter
587 2792 694 2865 quam
719 2769 804 2841 mihi
824 2780 957 2843 mutata
981 2769 1117 2843 ratione
1141 2792 1223 2844 con·

144 2888 273 2963 snitum
303 2889 417 2975 velim,
441 2901 522 2963 tunc
553 2878 656 2986 paulo
686 2892 857 2966 curiosio'r
889 2892 924 2963 in
956 2913 1119 2985 sermone
1143 2913 1221 2966 sum

143 3013 320 3086 excitandi
346 3013 461 3087 studio
482 3034 551 3086 non
571 3014 709 3088 saliendi
729 3023 791 3086 aut
809 3014 902 3086 inani
922 3013 1067 3101 artificio
1087 3014 1221 3089 demul-

142 3138 254 3211 cendi:
281 3138 391 3222 Quale
410 3149 466 3208 est
484 3137 580 3231 quod
598 3138 682 3211 dum
703 3138 886 3233 epistolam
906 3161 1011 3233 quam
1037 3139 1083 3212 ad
1104 3149 1140 3212 te
1154 3161 1219 3237 pe·

140 3254 323 3333 nuitimam
352 3258 491 3354 scripsi,
512 3257 637 3332 tacitns
666 3260 700 3331 in
725 3260 938 3345 memoriam,
960 3260 1056 3354 quod
1079 3269 1176 3335 esset
1196 3282 1217 3333 a

141 3402 197 3453 me
227 3382 432 3454 festinanter
455 3380 625 3474 digressa,
653 3381 870 3467 reducerem,
892 3383 1011 3455 nescio
1029 3384 1115 3478 qnid
1138 3381 1215 3458 addi

142 3522 244 3594 posse
267 3503 384 3574 visum
410 3512 479 3588 est,
506 3525 576 3597 quo
601 3505 779 3578 sonantior
803 3503 850 3576 sit
869 3504 1117 3599 rotundiorque
1136 3526 1215 3579 sen-

142 3612 256 3695 tentia.
279 3624 318 3697 id
352 3626 414 3697 tibi
447 3647 606 3699 seorsum
636 3637 676 3700 ut
706 3625 742 3698 in
773 3627 928 3700 animum
954 3631 1051 3700 venit
1071 3627 1211 3725 scripsi:

138 3745 233 3839 qnod
248 3747 276 3818 si
289 3743 417 3840 probas
435 3746 503 3820 iilic
524 3747 674 3834 inseres,
684 3758 721 3824 et
738 3759 796 3824 tua
814 3773 938 3826 manus
955 3762 1077 3827 nostro
1095 3755 1211 3846 tunge-

140 3877 197 3941 tnr
216 3869 337 3943 officio.
358 3869 455 3943 Vale.
