2738 5062
614 363 622 390 l

149 671 186 734 tl
486 685 528 734 nn
548 683 649 734 annus
670 683 892 735 raumrsmnus

145 829 221 916 fuit,
243 828 343 901 nobis
363 827 526 899 omnibus
546 828 657 922 pudor
676 849 717 901 ac
734 828 832 901 dolor
851 827 1032 920 ingentior.
1055 820 1223 901 Desidero

146 952 243 1022 illum
263 971 330 1042 ego
349 972 453 1045 quem
479 951 709 1045 perdidimus,
736 973 801 1023 nco
825 950 941 1023 minus
966 951 1236 1045 providentiam¹

146 1073 440 1168 desidero,·quam
457 1074 656 1168 perdiderat
675 1073 741 1160 ille,
763 1073 847 1145 dum
869 1095 908 1144 se
927 1073 1086 1167 perdidit.
1105 1075 1224 1159 Quod-

145 1216 214 1288 que
234 1194 315 1265 olim
336 1196 371 1266 in
389 1195 532 1268 Claudio
552 1197 712 1267 Marcello
740 1195 839 1266 flevit
857 1197 1005 1302 populus
1035 1197 1220 1284 Romanae,

146 1316 181 1388 id
200 1317 235 1387 in
256 1317 322 1390 hoc
337 1318 492 1390 flendum
513 1339 653 1403 censeo,
675 1340 744 1389 non
765 1325 926 1402 mortem,
954 1339 1035 1412 quae
1059 1320 1221 1392 omnibus

145 1460 248 1534 aequa
267 1450 333 1526 est,
352 1463 420 1512 uon
442 1442 589 1534 gladios,
616 1460 705 1534 quos
730 1440 829 1512 multi
860 1461 954 1536 saepe
985 1464 1113 1535 magna
1141 1466 1222 1515 cnm

145 1563 257 1655 gloria
274 1568 503 1658 pertulerunt,
526 1563 590 1635 sed
613 1584 766 1634 errorem
792 1571 925 1636 tantum
949 1588 992 1637 ea
1016 1576 1119 1638 aetate
1142 1587 1223 1660 quae

144 1685 340 1779 praecipites
360 1685 604 1758 adolescentiae
621 1694 736 1756 motus
758 1687 926 1759 transisse
945 1687 1123 1775 debuerat,
1137 1689 1222 1761 ado-

144 1809 412 1903 lescentiamque
424 1808 535 1901 ipsam
548 1807 700 1880 diuautc
712 1809 907 1881 transierat.
921 1810 1047 1882 Nescio
1059 1831 1220 1903 quaenam

144 1930 320 2004 infernalis
347 1928 466 2003 Alecto
483 1931 618 2003 moestis
634 1931 768 2003 facibus
788 1931 857 2003 iam
882 1931 1073 2024 frigescens
1099 1942 1221 2026 pectus

144 2053 315 2140 accendit,
338 2076 402 2126 seu
417 2074 580 2147 quaenam
600 2053 695 2126 Dirae
714 2062 877 2126 tartareae
903 2053 1131 2147 stridentibus
1156 2055 1220 2126 alis

143 2174 271 2246 circum
292 2176 422 2247 lumina
438 2175 623 2246 volitantes
653 2175 779 2247 vicinae
798 2176 919 2249 mortis
948 2177 1108 2270 eripuere
1139 2197 1221 2247 con-

144 2308 311 2391 spectum.
331 2298 460 2370 Verum
482 2298 558 2369 haec
582 2298 760 2370 calamitas
780 2320 829 2369 ex
859 2300 994 2371 illarum
1015 2320 1144 2391 genere
1166 2308 1222 2370 est

142 2442 230 2516 quas
247 2420 333 2492 llere
354 2419 492 2505 licitum,
514 2442 584 2491 non
601 2431 746 2492 mutare.
764 2419 819 2493 Ad
837 2430 871 2491 te
891 2429 1025 2504 vertor,
1040 2441 1110 2514 quo
1134 2420 1222 2492 irre-

142 2540 317 2615 mediabili
338 2542 457 2614 dolore
477 2542 639 2635 seposito,
662 2553 791 2613 metum
812 2543 868 2616 cui
889 2543 1022 2614 occurri
1040 2553 1155 2635 potest
1170 2554 1221 2616 at-

143 2666 274 2757 tingam
294 2664 473 2736 brevibus.
499 2664 607 2737 Multa
635 2664 728 2736 euim
760 2666 805 2737 dc
833 2687 951 2737 amore
981 2676 1094 2738 tecum
1115 2688 1220 2758 agere

141 2808 371 2884 supervacuae
382 2786 622 2859 ostentationis
636 2786 752 2871 suerit,
767 2809 870 2881 quem
885 2788 1101 2880 experientia
1113 2798 1150 2860 et
1161 2810 1219 2860 ars

140 2909 314 2983 Nasonem
331 2909 440 2982 nostri
461 2908 624 3003 temporis
645 2916 706 2980 aut
725 2908 896 2979 Catullum
921 2919 982 2982 aut
1005 2911 1220 3006 Propertium

141 3042 203 3104 aut
218 3030 389 3103 Tibullum
410 3031 498 3103 lecit.
520 3021 644 3122 lugere
661 3029 722 3101 tihi
742 3051 835 3102 nunc
854 3031 938 3124 quid
955 3032 990 3102 hi
1013 3033 1143 3126 quidve
1163 3031 1220 3101 alii

141 3153 303 3237 dixerint
321 3164 356 3225 et
373 3152 566 3248 praesertim
587 3153 729 3223 Flaccus
746 3153 782 3222 in
807 3175 967 3225 sermone
987 3155 1045 3225 illo
1064 3154 1110 3225 de
1129 3153 1220 3244 fugi-

141 3277 255 3349 taudis
273 3275 450 3347 amoribus
472 3284 719 3346 matronarum.
745 3276 828 3346 Plus
853 3299 957 3370 quam
983 3287 1065 3348 nota
1090 3276 1220 3346 reterre

140 3399 190 3470 nil
216 3409 271 3471 est
290 3397 384 3469 aliud
404 3418 510 3490 quam
542 3398 645 3501 pleno
665 3399 794 3490 pectori
824 3419 994 3472 nauseam
1026 3397 1218 3491 peperisse.

141 3524 264 3606 Unum,
285 3520 379 3614 quod
391 3520 511 3591 nescio
525 3542 570 3591 an
583 3517 698 3592 adhuc
711 3521 845 3612 legeris,
859 3520 1022 3605 inseram,
1040 3529 1078 3591 ut
1097 3519 1220 3591 intelli-

140 3666 205 3739 gas
225 3643 502 3739 antiquissimam
528 3643 727 3738 passionem
752 3665 856 3736 quam
882 3642 1036 3735 quotidie
1065 3643 1219 3715 mortalis

140 3768 277 3842 insania
292 3789 418 3840 novam
438 3766 528 3839 lacit.
549 3766 691 3838 Plautus
708 3765 744 3835 in
763 3788 806 3850 ea
825 3785 906 3859 quae
923 3764 1116 3838 Cistellaria
1132 3767 1219 3840 dici-

141 3901 199 3965 tur
217 3893 306 3965 duas
325 3892 547 3963 mulierculas
567 3891 802 3983 colloquentes
815 3890 919 3983 pouit,
935 3888 1060 3961 rudem
1074 3892 1218 3964 alteram

140 4026 245 4110 atque
264 4015 393 4087 amoris
413 4016 643 4108 inexpertam,
674 4016 819 4085 alteram
851 4034 938 4085 vero
969 4015 1217 4088 doctissimam.

140 4136 269 4212 Prioris
286 4138 498 4232 percontatio
518 4137 674 4210 adhunc
692 4158 731 4209 se
749 4135 857 4208 habet
877 4138 1041 4211 modum:
1062 4130 1071 4165 ¹

302 4310 346 4374 An
363 4323 467 4372 amare
483 4309 619 4390 occipere
636 4323 777 4373 amarum
794 4314 840 4372 est
856 4309 992 4376 obsecro.

237 4552 245 4586 ¹
263 4553 344 4609 Phut.
356 4553 499 4615 cistellae,
513 4561 561 4607 act.
576 4553 600 4618 l,
615 4567 651 4607 sc.
665 4555 689 4604 t.
