2738 5062
489 593 528 639 nn
550 590 649 638 nanta
672 589 891 639 instituerimus

564 847 737 911 urlst'uua
766 848 810 910 lt'.

336 1020 527 1079 rainaudus
548 1030 715 1078 ru'rninci
738 1030 912 1078 errauursco
935 1028 1038 1077 rmoru

390 1135 579 1185 siucronuu
601 1133 830 1183 aeosrouonou
852 1134 876 1182 s.
899 1135 926 1183 e.
948 1134 978 1182 n.

148 1331 187 1386 De
202 1329 334 1385 suavitate
346 1325 487 1381 amicitiae:
504 1322 538 1377 de
554 1338 603 1376 sua
616 1323 645 1376 in
660 1323 779 1392 negociis
787 1321 902 1377 dbbatis
912 1322 998 1377 i'aiiis
1006 1322 1152 1380 Umbroee
1163 1334 1221 1397 pro

217 1418 371 1473 curatione:
392 1416 426 1470 de
442 1414 573 1468 Pontifico
592 1419 749 1483 aegrotante.
767 1413 801 1467 Se
816 1413 931 1467 inritum
948 1413 1089 1467 Arenione
1104 1415 1219 1473 morari.

215 1523 302 1579 eaque
320 1507 354 1560 de
375 1522 404 1559 re
419 1520 531 1558 carmon
546 1501 580 1555 ad
595 1518 659 1555 eum
673 1503 831 1574 scripsisse:
852 1501 981 1556 dolando
1002 1502 1116 1557 tandem
1130 1492 1221 1575 poeta·

221 1613 283 1650 rum
297 1595 388 1650 studio
403 1595 455 1666 ipsi
469 1593 592 1664 qnaesita.

244 1826 340 1896 Miris
374 1825 526 1895 animum
558 1846 673 1894 meum
707 1822 818 1894 modis
852 1833 949 1893 tuum
983 1833 1124 1894 serenat
1150 1822 1221 1893 elo·

146 1950 275 2043 quium.
298 1950 461 2039 Magnum
481 1956 629 2041 speratae
644 1946 816 2017 felicitatis
836 1945 1015 2026 indicium,
1042 1947 1144 2029 eius,
1169 1944 1220 2015 in-

146 2095 266 2165 quam,
299 2091 402 2161 quam
426 2082 505 2162 post
526 2069 628 2140 huius
659 2066 809 2138 miseriae
832 2066 1018 2138 terminum
1040 2070 1218 2159 praestola-

145 2214 236 2274 mur,
256 2211 334 2260 cum
353 2191 473 2271 muita,
495 2198 566 2258 tum
587 2189 761 2281 praeoipue
781 2188 929 2259 dixerim
951 2188 1118 2279 gaudium
1137 2189 1219 2263 iliud

145 2311 238 2404 quod
255 2334 301 2380 ex
322 2310 510 2381 amicorum
535 2310 663 2379 motuis
684 2310 862 2382 affectibus
894 2320 929 2382 et
961 2312 1116 2403 exoptati
1137 2334 1218 2385 con-

144 2435 258 2506 victus
279 2432 490 2504 iucunditate
509 2431 727 2527 percipimus.
751 2432 786 2501 Si
811 2432 903 2503 enim
925 2432 1054 2505 amicos
1076 2436 1135 2504 vel
1158 2455 1219 2505 au-

143 2560 217 2647 dire
242 2560 298 2629 rel
328 2578 469 2627 eernere
490 2575 601 2648 usque
634 2554 721 2626 adeo
753 2555 912 2639 deiectat,
947 2555 1029 2648 quid
1064 2558 1217 2629 futurum

144 2703 222 2752 rear
235 2680 293 2751 ubi
308 2680 401 2750 iilum
420 2678 630 2761 videbimus,
646 2677 704 2770 qui
722 2690 757 2749 et
774 2699 836 2749 nos
854 2688 890 2749 et
907 2680 1038 2750 amicos
1055 2692 1091 2751 et
1103 2681 1218 2774 ipsum

143 2803 303 2876 amicitiae
322 2825 447 2874 nomen
469 2802 569 2873 iecit?
587 2800 620 2870 Si
640 2822 678 2872 se
699 2800 812 2896 ipsum
831 2800 992 2893 quisque,
1015 2802 1115 2893 sique
1133 2802 1218 2874 alios

144 2937 210 2999 tam
232 2927 359 2999 obnixe
380 2937 485 3008 amat,
509 2927 537 2995 si
564 2922 854 3018 praetereuntibus
882 2934 948 2993 tam
976 2924 1126 2996 iucunde
1153 2925 1219 2999 uti-

143 3061 212 3133 tur3
225 3050 372 3143 quaiiter
385 3050 415 3120 is
427 3048 613 3128 amandus,
632 3047 885 3138 fruendumque
898 3046 954 3116 ilio
967 3046 1046 3129 erit,
1065 3048 1124 3140 qui
1142 3048 1217 3119 cui·

141 3197 209 3267 que
226 3183 384 3244 nostrum
401 3181 436 3240 et
448 3168 542 3262 quod
555 3180 647 3239 amet
662 3179 699 3238 et
714 3169 808 3260 quod
829 3191 868 3239 so
889 3171 1030 3254 fruatur,
1053 3172 1215 3255 animam,

141 3297 258 3367 dedit‘?
278 3292 346 3365 Sed
366 3290 545 3362 ineffabilis
566 3302 670 3383 atque
698 3292 866 3363 immensa
901 3315 956 3363 res
989 3303 1044 3363 ost
1074 3305 1111 3367 et
1144 3296 1217 3367 solo

141 3414 288 3486 difficilis
306 3415 468 3507 cogitatu.
487 3413 540 3485 dd
557 3424 672 3485 nostra
685 3412 870 3486 descendo.
886 3414 994 3486 Amici
1013 3418 1092 3501 moi,
1111 3440 1214 3511 quem

143 3548 238 3610 tuum
257 3535 331 3606 fiori
352 3537 440 3607 velie
461 3536 624 3627 dignatus
649 3557 701 3620 es,
724 3537 768 3608 de
789 3561 859 3630 quo
883 3540 1012 3631 quaeris
1034 3542 1214 3631 negocium

142 3660 268 3754 pendet
285 3659 409 3730 adhuc.
429 3660 461 3729 ls
478 3657 619 3751 quidem
638 3659 729 3730 uude
747 3660 914 3732 auxilium
937 3661 1142 3755 sperabatur
1158 3662 1211 3757 (et,

141 3786 171 3855 si
191 3785 375 3854 honestum
395 3803 497 3852 omne
517 3781 725 3874 promissum
747 3794 801 3853 est
820 3783 987 3866 debitum,
1006 3786 1093 3857 sorte
1109 3787 1211 3857 etiam

140 3904 360 3991 debebatur),
380 3903 489 3976 abbas
508 3904 636 3975 scilicet
653 3905 760 3976 Vallis
778 3905 957 3978 Umbrosae
974 3930 1036 4000 per
1055 3908 1210 3981 umbram

140 4030 248 4099 fuscae
274 4027 432 4120 caliginis
456 4039 492 4099 et
517 4027 744 4121 simplicitatis
770 4029 926 4111 insuisae,
955 4029 1122 4101 inoffensa
1148 4030 1211 4099 viri

143 4150 322 4220 sanctitate
345 4150 509 4233 dixerim,
532 4150 669 4221 videtur
696 4151 792 4233 mihi,
813 4151 895 4243 quid
922 4151 1037 4223 decori
1059 4152 1208 4248 proprio,

140 4270 224 4363 quid
249 4273 351 4342 famae
382 4273 564 4344 conveniat
593 4295 660 4343 non
695 4273 840 4344 vidisse:
867 4274 992 4367 quippe
1018 4297 1083 4345 non
1108 4296 1209 4345 unum

141 4405 195 4463 est
215 4394 331 4464 militis
351 4408 384 4465 et
404 4395 501 4465 ducis
523 4394 687 4478 officium,
711 4407 746 4465 et
771 4416 862 4487 saepo
883 4396 982 4466 cuius
1008 4399 1120 4466 iuerat
1140 4394 1209 4466 ani-
