2738 5062
139 672 177 732 84
472 684 513 731 nn
534 682 634 731 nenos
656 680 875 732 raurumnrnns

139 831 178 890 ut
196 839 282 891 vera
301 827 336 889 et
356 817 431 890 veri
450 819 596 890 frontem
616 816 777 890 habentia
794 817 952 888 referenti
970 818 1047 889 sine
1063 819 1215 893 testibus

139 943 348 1015 crederetur.
371 941 439 1013 Sed
458 943 488 1012 si
506 942 641 1014 cautius
662 964 765 1034 agere
787 962 886 1012 mens
902 951 966 1026 est,
986 943 1216 1037 locupletissi-

141 1086 217 1135 mos
237 1063 463 1137 fideiussores
484 1088 525 1137 ac
549 1063 618 1136 fide
638 1063 863 1156 dignissimos
885 1073 993 1136 testes
1012 1064 1117 1138 daho.
1143 1066 1216 1137 Pri-

142 1209 220 1259 mus
240 1197 295 1259 est
313 1189 451 1260 Marcus
472 1190 581 1258 Varro
597 1186 818 1259 doctissimus
838 1188 1079 1272 Romanorum,
1097 1189 1216 1284 proxi-

142 1311 446 1404 musTranquillns
460 1334 575 1382 rerum
588 1310 847 1384 curiosissimus
859 1309 1051 1402 indagator.
1063 1312 1216 1383 Tertium

142 1456 210 1504 non
230 1434 403 1518 adderem,
426 1434 491 1504 nisi
511 1435 593 1527 qnia
612 1433 652 1518 is,
673 1444 713 1504 ut
732 1454 819 1517 reor,
842 1432 1043 1504 familiarior
1062 1443 1120 1506 est
1144 1432 1214 1505 tibi.

142 1557 272 1628 Horum
291 1557 397 1648 igitur
420 1565 456 1627 et
475 1557 643 1641 isidorus,
665 1553 819 1626 breviter
838 1555 931 1638 licet,
959 1565 995 1626 et
1022 1553 1101 1648 ipso
1127 1565 1216 1628 teste

143 1680 353 1773 Tranquillo,
377 1680 532 1750 meminit
557 1677 845 1775 etymologiarum
871 1678 958 1750 libro
983 1687 1121 1751 octavo.
1148 1679 1217 1753 Sed

143 1819 320 1885 occurres
342 1809 378 1881 et
393 1821 549 1895 possum,
572 1800 681 1883 dices,
705 1809 824 1870 sancto
845 1801 967 1871 saltem
984 1801 1117 1873 doctori
1142 1824 1218 1874 cre-

142 1924 225 1996 dere
239 1951 247 1993 :
269 1933 384 1995 tamen
398 1944 475 1993 meo
488 1921 594 2013 rigori
607 1921 771 1994 carminis
785 1922 835 1993 tui
846 1921 995 1996 dulcedo
1008 1946 1077 1995 non
1089 1946 1219 1998 conve-

60 2041 63 2048 '
143 2048 203 2116 nit.
215 2048 290 2118 Noli
305 2048 379 2131 hoc,
392 2049 506 2131 irater,
519 2046 663 2141 opinari.
678 2045 860 2116 Etveteris
873 2046 1085 2118 Testamenti
1096 2049 1217 2122 Patres

144 2166 281 2238 heroico
294 2177 397 2259 atque
410 2169 486 2239 aliis
498 2168 688 2239 carminum
707 2167 875 2260 gradibus
889 2166 944 2238 usi
958 2175 1050 2238 sunt.
1065 2169 1216 2266 Moyses

144 2286 218 2371 lob,
239 2289 359 2372 David,
379 2289 546 2372 Salomon,
568 2290 741 2372 leremias,
761 2289 962 2382 psalterium
981 2290 1097 2383 ipsum
1113 2294 1219 2365 Davi-

144 2410 269 2494 dicum,
291 2410 384 2502 quod
404 2411 464 2482 diu
484 2421 658 2504 noctuque
671 2412 803 2497 canitis,
819 2413 912 2507 apud
925 2413 1092 2486 Hehraeos
1106 2423 1219 2489 metro

143 2542 297 2617 constat,
337 2544 374 2604 ut
411 2556 478 2604 non
512 2534 683 2605 immerito
722 2557 834 2628 neque
870 2535 1086 2628 ineleganter
1126 2537 1219 2610 hunc

144 2656 417 2729 Christianorum
437 2665 573 2749 poetam
594 2679 792 2750 nuncupare
813 2659 948 2730 ausim:
969 2659 1099 2753 qnippe
1123 2660 1219 2753 quod

143 2790 179 2851 et
195 2801 252 2850 res
272 2780 348 2874 ipsa
374 2779 552 2872 suggerit:
575 2789 610 2851 et
635 2780 664 2851 si
683 2779 766 2850 nihil
787 2780 890 2852 hodie
916 2781 1000 2851 mihi
1026 2781 1103 2853 sine
1129 2792 1218 2855 teste

142 2903 337 2976 crediturus
356 2925 406 2986 es,
425 2901 515 2974 idem
533 2901 638 2976 video
651 2903 807 2975 sensisse
819 2904 1082 3000 Hieronymum;
1096 2928 1218 2998 quam

142 3027 197 3098 vis
222 3048 357 3098 sacrum
383 3026 468 3100 illud
493 3049 615 3119 poema
640 3027 734 3118 quod
759 3027 898 3097 beatum
925 3027 1059 3112 virum,
1087 3028 1220 3100 scilicet

143 3150 327 3233 Christum,
349 3150 442 3220 canit
461 3159 674 3232 nascentem,
703 3149 925 3233 morientem,
946 3149 1218 3225 descendentem

143 3270 189 3342 ad
207 3270 348 3352 inleros,
371 3279 626 3358 resurgentem,
648 3268 908 3353 ascendentem,
928 3290 1165 3358 reversurum,
1183 3273 1217 3342 in

143 3389 245 3462 aliam
284 3392 438 3483 linguam
471 3390 573 3462 simul
605 3390 775 3462 sententia
812 3391 1036 3485 numerisque
1066 3392 1216 3466 servatis

144 3514 292 3586 transire
311 3514 514 3607 neqniverit.
532 3515 651 3606 ltaque
673 3513 854 3585 sententiae
871 3513 1077 3586 inservitum
1094 3527 1160 3588 est.
1173 3515 1218 3587 Et

144 3648 260 3712 tamen
279 3636 394 3709 adhuc
418 3636 535 3708 nescio
554 3636 637 3730 quid
658 3637 808 3709 metricae
828 3638 916 3729 legis
937 3638 1039 3723 inest,
1068 3650 1104 3710 et
1125 3640 1217 3734 psal-

144 3783 277 3832 morum
298 3759 483 3856 particulas
505 3759 554 3831 sio
571 3769 609 3831 ut
631 3771 712 3831 sunt
728 3781 855 3831 versus
872 3762 980 3851 vulgo
995 3760 1156 3834 dicimus.
1172 3763 1217 3833 Et

144 3882 189 3956 de
219 3883 368 3978 antiquis
398 3884 575 3955 hactenus.
608 3885 695 3956 Novi
725 3894 840 3954 autem
873 3884 1083 3955 Testamenti
1110 3885 1215 3957 duces

143 4007 375 4092 Ambrosium,
406 4007 649 4099 augustinum,
671 4007 918 4103 Hieronymum
944 4006 1157 4080 carminibus
1176 4029 1216 4080 ac

144 4129 317 4224 rhythmis
328 4152 411 4202 usos
424 4129 617 4212 ostendere,
632 4150 701 4200 non
711 4150 877 4224 operosus
892 4128 991 4200 labor
1003 4141 1071 4201 est:
1086 4132 1216 4202 utPru·

144 4252 307 4339 dentium,
325 4256 533 4348 Prosperum
553 4263 657 4347 atque
675 4252 851 4325 Sedulium
865 4263 900 4323 et
913 4262 1058 4324 caeteros
1073 4263 1217 4347 praeter·

145 4376 285 4461 mittam,
312 4400 459 4469 quorum
486 4380 597 4448 soluta
618 4376 772 4448 oratione
791 4374 875 4446 nihil
896 4377 1051 4462 omnino,
1073 4377 1216 4449 metrica

145 4522 230 4573 vero
262 4501 391 4595 passim
426 4509 615 4574 cernuntur
646 4500 822 4594 opuscula.
844 4499 919 4569 Noli
940 4499 1072 4592 itaque,
1099 4501 1212 4584 frater,
