2738 5062
140 647 198 710 tlt
477 662 517 708 uu
538 661 638 709 nunus
660 662 877 713 ruuummnus

141 798 262 871 solidae
280 797 517 892 prosperitatis
531 801 693 869 inventus
714 809 783 883 est,
797 800 852 869 cui
871 822 937 871 non
956 801 1054 872 lacile
1072 814 1216 896 possent

141 925 315 1015 insperata
334 920 462 990 circum
484 921 573 993 bella
593 943 818 1012 consurgere,
838 922 894 993 cui
911 945 978 994 non
996 925 1106 994 ruinae
1123 948 1216 1020 prae-

141 1045 253 1140 cipitis
274 1044 373 1115 timor
392 1054 499 1129 esset,
523 1047 581 1116 vel
607 1043 636 1115 si
662 1043 692 1114 is
717 1044 873 1129 abesset,
900 1066 942 1116 eo
967 1046 1110 1140 periculi
1136 1050 1216 1141 plus

140 1168 268 1238 inesset
287 1187 357 1258 quo
376 1168 522 1237 cautelae
542 1165 680 1238 minus‘.l
705 1168 740 1236 Si
765 1167 810 1237 de
834 1187 971 1259 magnae
991 1168 1139 1239 fortunae
1159 1192 1217 1240 ea-

140 1286 238 1359 sibus
258 1286 411 1372 dubitas‚
434 1299 513 1360 ante
538 1290 654 1361 omnia
674 1289 810 1385 respice
831 1290 875 1361 ad
900 1289 1080 1385 imperium
1103 1314 1218 1364 roma-

139 1430 235 1480 num.
272 1409 417 1493 Quando
453 1410 537 1483 illud
573 1412 748 1504 fastigium
785 1411 829 1484 ad
867 1414 955 1485 hane
988 1413 1215 1486 humilitatem

140 1530 389 1605 descensurum
407 1532 532 1627 aliquis
549 1534 761 1626 cogitasset?
773 1534 960 1607 Descendit
976 1546 1105 1620 tamen,
1123 1537 1215 1630 quia,

139 1655 218 1726 lieet
238 1653 461 1740 immensum,
480 1657 669 1729 humanum
692 1667 807 1728 tamen
826 1666 902 1729 erat
920 1657 1117 1752 imperium,
1137 1659 1217 1732 ideo

140 1787 311 1849 aeternum
335 1801 417 1851 esse
442 1801 512 1851 non
538 1789 681 1872 poterat.
708 1780 798 1851 Nulli
824 1803 976 1873 unquam
1002 1781 1096 1873 genti
1122 1792 1217 1854 tanta

141 1899 281 1973 rebellio
301 1901 395 1972 intus
413 1905 453 1973 a'c
471 1902 564 1972 loris.
586 1902 637 1973 lta
655 1922 792 1994 semper
811 1899 904 1973 domi
922 1901 1121 1994 militiaeque
1136 1924 1217 1974 eum

141 2023 299 2096 felicitate
318 2024 429 2095 crevit
449 2024 557 2109 labor,
579 2045 724 2097 crevere
745 2023 912 2119 pericula,
938 2025 1047 2097 donec
1072 2047 1115 2096 eo
1138 2047 1220 2118 per-

140 2155 283 2218 uentum
302 2157 368 2230 est,
385 2156 423 2217 ut
442 2148 597 2218 lercium
615 2147 759 2218 inferius
776 2145 922 2219 cadendi
940 2147 1132 2240 perieulum
1149 2170 1220 2220 non

143 2268 201 2351 sit;
223 2277 259 2339 et
281 2267 346 2340 hoe
372 2268 513 2361 quidem
534 2269 715 2361 imperium
738 2269 783 2342 ab
801 2270 962 2343 omnibus
983 2270 1146 2362 gentibus
1167 2271 1219 2343 in-

142 2393 271 2463 victum
297 2393 332 2461 in
358 2414 396 2462 se
422 2390 498 2487 ipso
524 2393 618 2464 vinci
637 2392 748 2485 potuit
773 2403 876 2486 atque
895 2393 1070 2476 eonsumi;
1093 2404 1217 2465 eaetera

142 2512 257 2584 omnia
281 2511 326 2584 ab
351 2514 426 2584 aliis
453 2514 544 2587 victa
571 2524 662 2585 sunt.
697 2514 764 2587 Sed
790 2537 834 2586 ne
863 2524 896 2584 te
924 2536 1016 2586 nnnc
1042 2514 1152 2604 longis
1177 2533 1216 2583 ae

142 2636 292 2726 vetustis
320 2636 491 2732 implicem
517 2636 683 2722 historiis,
712 2636 756 2710 ad
782 2636 815 2708 id
842 2637 936 2730 quod
969 2636 1035 2729 ipsi
1064 2635 1212 2705 vidimus

142 2766 370 2830 revertamur.
390 2758 518 2831 Habuit
536 2771 654 2831 nostra
674 2768 761 2832 aetas
778 2759 927 2831 eximios
945 2780 1058 2851 reges,
1071 2755 1128 2849 qui
1148 2753 1213 2826 sibi

143 2889 179 2951 et
194 2882 270 2954 aliis
288 2882 417 2958 vertice
433 2885 558 2955 coelum
579 2892 722 2976 tangere
739 2881 951 2966 viderentur,
966 2882 1064 2973 quos,
1080 2886 1216 2972 repente

145 3004 244 3077 bellis
265 3007 356 3078 unde
378 3007 424 3077 nil
445 3008 512 3078 tale
530 3005 714 3078 timebatur
730 3005 878 3088 exortis,
897 3026 965 3076 non
986 3001 1089 3074 modo
1107 2999 1151 3072 ab
1167 2999 1219 3069 in-

145 3128 327 3201 serioribus
352 3139 553 3214 attentatus,
583 3129 676 3222 quod
710 3128 879 3220 suspicari
912 3138 992 3197 ante
1026 3124 1061 3197 id
1081 3133 1218 3216 tempus

143 3274 245 3323 nemo
265 3264 411 3345 poterat,
436 3253 497 3324 sed
517 3252 670 3323 deiectos
692 3253 799 3321 semel
820 3260 925 3343 atquo
946 3248 1083 3331 iterum,
1103 3245 1219 3337 regni-

144 3396 212 3467 que
234 3373 322 3446 fines
345 3376 528 3466 aegerrime
552 3375 790 3457 defendentes,
818 3374 863 3445 ad
889 3382 1102 3467 postremum
1128 3368 1218 3440 bollo

33 3481 36 3487 ’
144 3497 255 3571 victos
269 3508 304 3568 et
316 3499 478 3569 hostilem
492 3510 588 3570 actos
602 3498 635 3568 in
649 3518 822 3584 carcerem
837 3494 1036 3567 audivimus
1049 3490 1219 3565 vidimus·

144 3643 223 3712 que.
245 3620 336 3702 Quid
360 3621 425 3692 hac
446 3624 592 3692 fortunae
613 3621 780 3691 varietate
800 3618 1005 3693 molestius?
1025 3636 1118 3708 quae,
1139 3614 1220 3685 lieet

146 3746 179 3814 in
201 3747 293 3815 omni
315 3754 406 3816 statu
430 3747 540 3816 locum
559 3745 699 3827 habeat,
723 3744 756 3813 in
775 3746 844 3814 alto
866 3751 980 3814 tamen
1002 3738 1105 3810 saevit
1120 3758 1220 3830 aper-

145 3869 212 3939 tius
233 3879 336 3962 atque
358 3870 521 3952 ferociuS,
543 3866 714 3960 eoquod,
737 3877 776 3938 ut
796 3867 886 3937 docti
908 3868 1043 3948 volunt,
1065 3882 1220 3935 commu-

144 3993 198 4062 nis
224 4015 270 4064 ex
295 3991 460 4087 praecipiti
482 3992 676 4063 descensus
703 3999 757 4061 est
779 4012 891 4059 ruere.
926 3986 1017 4071 Quid
1051 4008 1144 4056 nune
1176 3982 1220 4053 dc

144 4116 345 4189 domesticis
367 4117 465 4187 malis
488 4118 632 4208 loquar?
657 4116 755 4185 Clara
781 4113 837 4184 illa
862 4112 931 4183 duo
958 4110 1096 4180 nomina
1123 4126 1220 4196 repe·

117 4255 119 4258 ’
145 4240 247 4310 lenda
268 4250 367 4310 sunt:
396 4241 486 4311 idem
513 4240 588 4330 ipse
610 4238 716 4308 lulius
738 4237 868 4320 Ctesar,
890 4257 973 4327 quo,
1010 4243 1048 4302 ut
1080 4232 1221 4306 Senecae

144 4360 262 4432 uerbis
284 4371 376 4443 utar,
396 4383 497 4432 neruo
519 4385 670 4455 uuquam
692 4360 866 4432 liberalius
884 4356 1028 4431 victoria
1046 4377 1134 4426 usus
1150 4362 1218 4436 est,

146 4506 286 4556 snorum
306 4484 439 4575 gladios
456 4485 545 4556 circu
565 4486 686 4556 solium
707 4506 808 4555 suum
827 4483 964 4553 strictos
982 4480 1220 4570 micantesque
