2738 5062
143 697 201 761 tot
478 709 519 756 nu
540 707 640 756 nunus
659 707 883 758 ιιιιιιιιιιιιιιε

141 862 221 936 quae
245 842 415 912 fumosum
442 839 623 911 Herculem
649 842 760 911 locere
784 840 879 932 quod
908 839 1093 911 invisibilia
1121 842 1216 926 hmo,

141 965 276 1035 illorum
292 963 402 1034 forma
416 960 601 1032 terribilis?
614 960 698 1031 Mihi
713 969 833 1033 contra
849 963 897 1033 nil
914 961 1014 1032 hoste
1026 962 1085 1054 qui
1099 976 1217 1047 nocet,

141 1107 205 1157 nec
231 1082 381 1166 videtur,
401 1093 456 1152 est
475 1081 630 1174 gravius
655 1079 710 1152 Ad
736 1094 948 1177 postremum
968 1085 1088 1176 quintu
1115 1087 1221 1157 ratio·

141 1227 224 1276 num
243 1203 411 1274 scintillas
428 1203 528 1295 quasi
550 1204 719 1276 stellantia
744 1207 874 1275 lumina
896 1205 1061 1299 explicat,
1089 1207 1219 1300 quibus

142 1327 337 1398 ostenditur
361 1326 407 1396 ad
432 1323 570 1395 beatam
594 1325 699 1397 vitem
723 1327 886 1398 virtutem
914 1329 1019 1398 solam
1048 1330 1219 1402 sufficere.

142 1449 230 1532 Quae
246 1445 330 1517 mibi
348 1466 430 1541 pars
447 1447 563 1539 operis
576 1446 661 1540 quid
678 1446 771 1519 aliud
785 1468 891 1540 quam
905 1448 1058 1520 Ciceroni
1071 1451 1150 1522 eoeli
1168 1451 1221 1521 iu-

142 1578 215 1639 stur
230 1567 350 1651 luerit,
370 1566 429 1640 ubi
444 1588 544 1638 mens
562 1568 618 1638 illa
636 1566 773 1641 sidereo
784 1578 822 1639 et
833 1573 974 1641 excelsa
993 1579 1043 1642 tot
1059 1591 1218 1641 errorum

142 1689 307 1763 monstris
339 1693 408 1762 late
437 1690 638 1784 perdomitis
669 1691 916 1782 conquiescat?
940 1692 1061 1783 ltaque
1091 1693 1220 1781 gentile

140 1816 271 1906 vulgus
303 1822 342 1883 ut
377 1813 461 1883 libet
492 1814 689 1897 Herculem,
725 1833 792 1902 ego
826 1813 1027 1885 Ciceronem
1060 1821 1219 1884 nostrum

139 1954 289 2027 eumque
307 1932 422 2028 ipsum
442 1954 512 2003 non
533 1941 571 2005 ut
592 1933 703 2002 Deum
723 1930 849 2013 adoro,
876 1934 941 2005 sed
967 1943 1005 2003 ut
1029 1931 1141 2004 divini
1167 1932 1219 2005 in·

140 2055 233 2146 genii
257 2053 373 2124 virum
399 2055 507 2124 miror
525 2074 567 2125 ac
586 2074 750 2137 veneror,
772 2062 809 2124 et
833 2072 938 2148 supro
963 2053 1072 2126 fidem
1097 2063 1220 2148 stupeo

140 2174 370 2269 quorumdum
390 2175 499 2246 nostri
520 2177 589 2246 aevi
612 2175 793 2247 doctorum
811 2175 988 2246 bominum
1007 2177 1136 2270 capitu,
1159 2176 1217 2269 qui

141 2297 234 2367 hunc
256 2297 373 2366 nescio
393 2295 520 2387 quibus
541 2297 696 2387 magnis,
718 2317 786 2367 non
803 2293 946 2380 inficior,
965 2296 1068 2378 viris,
1088 2295 1154 2368 sed
1169 2295 1218 2369 ni·

140 2417 208 2487 mis
233 2413 425 2508 imparibus
445 2393 603 2487 conferre
617 2419 738 2487 solent.
754 2417 972 2508 Quamquam
987 2415 1105 2488 iudicii
1116 2415 1219 2487 libor·

139 2547 247 2610 tutem
264 2545 303 2608 ut
318 2557 381 2631 per
400 2536 487 2607 alios
504 2537 602 2622 mihi,
627 2539 678 2609 sic
698 2561 759 2632 per
780 2560 835 2609 me
853 2538 929 2610 aliis
948 2539 1084 2610 salvum
1103 2537 1216 2620 velim,

139 2680 208 2750 ego
225 2657 309 2752 quid
331 2657 365 2726 in
384 2657 500 2729 animo
521 2679 640 2749 gerum
658 2657 731 2730 scio
751 2657 932 2751 fixumque
953 2656 1041 2729 adeo
1060 2670 1102 2730 ut
1119 2658 1218 2730 oreti

142 2784 234 2852 nullo
256 2780 291 2850 vi
312 2781 440 2861 valent,
459 2801 528 2850 non
546 2782 575 2850 si
593 2781 677 2852 mibi
695 2781 949 2852 Demosthenes
965 2779 1012 2850 ab
1031 2781 1152 2853 inferis
1169 2800 1220 2852 re·

141 2900 234 2985 deri,
257 2910 293 2971 et
308 2901 343 2972 in
364 2900 430 2972 hoc
449 2923 558 2972 unum
579 2901 742 2974 omnibus
762 2901 970 2992 eloquentiae
990 2920 1067 2972 sure
1087 2901 1219 2973 viribus

141 3022 283 3095 acclivis
304 3032 410 3115 atque
426 3022 579 3095 intentus
600 3021 792 3108 incumbat,
810 3044 881 3094 non
901 3024 932 3094 si
949 3044 1072 3094 omnes
1088 3024 1216 3108 aemuli,

141 3144 202 3237 qui
226 3144 456 3216 clarissimum
485 3142 569 3214 illud
601 3166 729 3216 nornen
755 3143 897 3215 invidiae
922 3164 998 3216 suae
1026 3145 1166 3219 nebulis
1187 3156 1220 3218 ct

141 3265 225 3338 dum
243 3266 335 3337 vixit
351 3267 546 3350 involvere,
567 3275 698 3360 etpost
716 3267 786 3337 fato
807 3276 996 3351 tentarunt,
1015 3289 1131 3361 coquo
1147 3292 1219 3342 nru-

142 3388 199 3477 gis
210 3408 281 3477 quo
292 3399 328 3460 et
342 3389 428 3459 tanti
440 3389 662 3484 responsuris
675 3388 795 3460 aberat
808 3398 931 3473 metuo,
941 3400 978 3460 et
990 3389 1085 3484 impii
1098 3413 1218 3463 ornen-

143 3507 238 3597 tique
257 3508 369 3579 bostis
389 3511 488 3581 favor
520 3519 668 3595 urserat,
698 3533 761 3582 nec
785 3511 910 3583 satiata
939 3513 991 3584 ira
1023 3535 1087 3584 nec
1110 3524 1220 3587 morte

143 3629 232 3700 livor
248 3628 423 3702 extinctus
440 3639 526 3702 erat.
549 3634 633 3703 Mihi
649 3632 717 3726 ipsi
733 3633 862 3728 potius,
882 3634 951 3705 imo
964 3635 1126 3727 equidem
1138 3658 1219 3709 voro

142 3747 283 3823 credam
299 3759 336 3820 et
359 3750 461 3821 lamae
483 3750 644 3841 publioae,
663 3763 700 3824 et
718 3754 856 3843 magnis
875 3775 917 3826 oc
935 3757 1054 3828 multis
1074 3758 1220 3830 auctori·

142 3869 221 3955 bus,
245 3891 335 3964 quos
360 3872 428 3942 nisi
452 3872 721 3946 innumerabiles
740 3889 861 3949 essent
881 3899 1069 3949 numerare
1093 3881 1220 3973 incipe

143 4015 231 4066 rem:
264 3994 329 4067 sed
357 3994 523 4086 ottingam
554 3994 644 4067 duos
670 4018 738 4068 non
767 3999 917 4082 italicos,
945 4021 991 4070 ne
1015 4013 1217 4096 suspectum

145 4114 378 4189 testimonium
404 4114 529 4188 reddat
548 4135 648 4187 amor
672 4118 830 4209 originis,
853 4119 917 4191 sed
938 4120 1129 4214 Hispanos,
1151 4144 1219 4194 mr·

143 4253 232 4320 gnos
252 4235 328 4306 illos
355 4237 499 4328 quidem
524 4258 566 4308 ac
585 4239 739 4309 famosos
762 4239 868 4324 viros,
891 4250 928 4311 ot
946 4262 1017 4334 quo
1036 4245 1115 4335 plus
1143 4238 1219 4314 fidei

143 4352 235 4426 dicto
255 4356 314 4437 sit,
337 4357 427 4427 intcr
452 4379 491 4429 se
520 4358 664 4453 quidem
687 4359 806 4432 hostes
831 4363 1003 4454 longeque
1024 4362 1217 4441 discordes.

143 4477 205 4567 qui
228 4477 377 4567 qualitor
402 4479 475 4548 solu
501 4477 676 4553 Ciceronis
702 4480 738 4551 in
770 4480 872 4555 laudo
903 4485 1129 4570 conveniant,
1157 4481 1216 4556 nisi
