2738 5062
349 655 440 703 nnruu
463 654 761 704 nouususemus.-
777 653 931 703 ntussona
953 654 1038 702 stru.
1173 643 1228 703 ott

150 794 233 863 mibi
254 796 368 865 forsan
389 792 552 877 obiicias,
574 793 633 885 qui
656 793 749 875 licet,
779 804 816 862 ut
840 793 984 875 scimus,
1007 793 1233 885 omnipotenti

148 916 310 988 facundia
330 917 491 988 terruerit
509 924 615 1008 atque
639 914 727 987 urbe
747 913 941 1009 propulerit
960 915 1160 1001 Catilinam,
1181 927 1233 1007 ta·

149 1061 227 1110 men
253 1050 289 1111 et
312 1041 516 1111 consulatus
542 1039 640 1110 iilum
670 1059 757 1109 suus
786 1049 822 1110 et
854 1049 997 1109 senatus
1030 1060 1072 1110 ac
1102 1038 1233 1113 civium

147 1183 342 1235 consensus
369 1160 540 1245 armabat,
567 1183 633 1231 nec
662 1162 822 1253 privatus
848 1161 925 1254 ipse
954 1160 1020 1233 sibi
1049 1161 1233 1255 imperium

146 1284 341 1377 quaerebat,
364 1285 426 1356 sed
447 1283 648 1377 reipublicae
670 1283 876 1356 libertatem.
898 1284 1052 1357 Obiicics
1070 1285 1233 1359 Pisistra·

149 1418 219 1480 tum
241 1407 506 1480 Atheniensium
528 1417 729 1503 tyranuum,
750 1430 858 1501 quem
883 1408 964 1479 licet
987 1408 1233 1500 eloquentissi-

148 1554 242 1603 mum
265 1551 334 1602 non
354 1531 528 1623 ignorem,
555 1531 613 1603 ilie
639 1543 757 1602 tamen
788 1541 826 1603 et
857 1529 975 1621 lingna
1007 1542 1164 1604 armatus
1196 1543 1232 1603 et

148 1653 277 1743 gladio,
304 1655 441 1726 semine
465 1653 533 1725 sibi
559 1653 706 1747 patriam
730 1653 856 1745 coegit.
883 1653 980 1726 Unus
999 1675 1046 1725 ex
1069 1651 1232 1725 omnibus

147 1772 308 1859 Pericles,
330 1776 391 1868 qui
411 1788 533 1868 postea
554 1778 667 1847 locum
687 1774 764 1846 eius
785 1773 941 1866 arripuit,
961 1773 1022 1845 tibi
1040 1795 1231 1866 magnaeus

147 1908 246 1989 parte
266 1898 390 1969 similis
410 1898 567 1970 videtur:
586 1896 759 1990 siqnidem
776 1907 911 1969 tantum
928 1897 1053 1969 inermi
1068 1893 1231 1969 facundia

146 2021 257 2091 valuit
276 2031 446 2113 quantum
467 2021 523 2090 iiie
544 2021 703 2091 valuerat
719 2030 869 2091 armata:
891 2019 1008 2113 itaque
1024 2018 1232 2091 florentissi-

148 2163 238 2213 mam
273 2142 394 2214 urbem
428 2164 603 2215 summum
637 2142 783 2215 Graeciae
809 2142 920 2215 decus
949 2141 1055 2214 fendo
1086 2161 1230 2234 pessum

145 2265 252 2337 dedit.
287 2266 356 2338 Sed
388 2278 424 2338 et
455 2266 514 2337 hic
547 2286 688 2359 quoque
721 2265 911 2337 diversitas
944 2265 1231 2337 multaost.1de

145 2389 237 2458 enim
259 2410 409 2480 magnus
429 2387 590 2482 princepe
610 2390 706 2462 nolio
726 2390 904 2482 religiose
929 2389 1111 2462 servitutis
1135 2409 1231 2460 com-

145 2510 235 2604 pede
254 2509 459 2585 obstrictus:
481 2522 519 2584 tn
540 2533 561 2583 e
582 2512 699 2583 radice
716 2511 840 2583 humili
857 2512 1016 2594 veniens,
1030 2521 1066 2582 et
1082 2530 1231 2602 pauper-

146 2643 250 2705 tatem
267 2645 302 2705 ot
318 2633 549 2705 obedientiam
568 2635 763 2725 professus,
776 2633 838 2723 qui
852 2631 999 2702 subesse
1015 2630 1230 2724 pauperibus

145 2756 291 2836 vovisti,
310 2754 478 2825 divitibus
496 2753 551 2823 vis
569 2772 740 2846 praeesse,
759 2765 795 2824 et
812 2762 850 2825 ut
866 2754 941 2823 voti
958 2753 1065 2825 buius
1083 2752 1229 2846 iniquis-

146 2875 223 2945 simi
244 2896 386 2968 compos
408 2875 473 2956 sis,
497 2882 641 2967 praestat
666 2873 729 2945 tibi
753 2894 821 2945 non
843 2885 914 2947 tam
935 2886 1033 2947 tuum
1053 2877 1151 2971 lepos
1171 2876 1228 2967 (ne

144 2998 225 3069 hinc
252 2998 357 3070 valde
389 2995 637 3091 complaceas),
664 3018 773 3090 quam
802 3007 941 3070 tuorum
975 2998 1107 3070 civium
1138 2997 1229 3071 mira

146 3121 364 3217 simplicitas,
381 3142 472 3213 quos
492 3141 540 3192 cx
555 3139 618 3192 ore
640 3130 700 3192 tuo
720 3119 953 3216 pendentibus
973 3120 1088 3192 hamis
1106 3130 1228 3212 captos

144 3266 187 3317 oo
218 3244 344 3327 trabis,
381 3243 474 3317 unde
503 3242 712 3315 mihicrede
741 3263 811 3314 non
838 3242 1007 3316 retrahes.
1029 3242 1120 3327 Quid
1147 3243 1229 3313 binc

144 3369 282 3441 dicam?
313 3367 449 3440 Utinam
483 3377 552 3438 tam
586 3364 667 3437 fidei
692 3377 763 3439 tue
787 3386 929 3458 possem
953 3389 1060 3460 qnam
1084 3368 1227 3458 ingenio

145 3491 323 3583 gratulari.
351 3491 508 3562 Profecto
534 3489 562 3559 si
591 3488 736 3581 patriam
761 3510 900 3562 amares
932 3470 1079 3563 matrem
1112 3504 1148 3564 et
1176 3495 1226 3566 al-

145 3613 264 3683 tricem
285 3621 393 3692 tuam,
415 3610 462 3681 ilii
483 3609 599 3702 potins
621 3621 655 3682 te
680 3632 787 3703 quam
812 3611 904 3684 iiiam
931 3611 992 3684 tibi
1017 3611 1225 3686 subiiceres:

145 3757 236 3806 nunc
256 3745 294 3804 ut
313 3731 525 3804 contrarium
545 3733 637 3803 velie
655 3732 868 3818 damnabile,
896 3735 947 3807 sic
966 3744 1100 3806 tantum
1120 3756 1226 3827 posse

144 3855 301 3927 mirabile
326 3861 390 3925 est.
424 3852 544 3925 Gaude
574 3854 715 3925 iterum:
745 3877 839 3925 unus
870 3867 907 3926 tu
937 3876 958 3924 c
986 3858 1122 3925 cunctis
1155 3866 1227 3929 ter-

145 3977 193 4046 ris
217 3999 257 4048 ao
283 3976 421 4048 saeculis
446 3975 683 4061 incomitatus
710 3977 844 4059 nudus,
870 3998 1018 4070 pauper,
1045 3979 1224 4070 ignobilis,

144 4100 248 4170 novis
278 4110 312 4169 ct
340 4097 506 4170 inauditis
538 4098 672 4170 artibus
708 4099 928 4195 tyrannidem
961 4103 1156 4194 occupasti,
1190 4115 1226 4176 et

143 4243 223 4316 quae
253 4220 564 4313 Longobardorum
604 4243 727 4314 regum
760 4223 937 4314 quondam
970 4226 1069 4317 regia
1093 4228 1222 4311 tuerat,

144 4368 237 4417 nunc
269 4344 318 4415 tui
351 4343 486 4436 imperii
520 4344 624 4415 sodes
653 4355 719 4415 est.
750 4344 944 4418 Robustum
975 4351 1136 4443 populum
1162 4349 1224 4440 qui

147 4469 245 4539 tatum
272 4468 452 4538 donriruun
485 4468 575 4538 serre
607 4482 724 4557 queat.
751 4469 890 4540 Bellicis
914 4492 1054 4563 quoquc
1083 4492 1226 4542 succos-
