2738 5062
344 717 437 766 trusa
459 714 790 774 (tuturususcurus-
801 714 955 765 EPISTULA
976 717 1017 765 tx.
1165 705 1219 766 341

141 855 297 947 epistolae
316 862 481 946 quantum
505 853 577 924 fieri
600 863 714 950 potest
733 862 852 927 contra
874 853 1103 926 sentientibus
1121 855 1224 925 satis-

116 1031 118 1035 .
143 977 216 1062 fiat,
235 983 468 1071 appareatque
489 998 545 1046 me
567 988 604 1047 ut
625 999 763 1069 magno,
788 977 837 1048 sic
855 977 949 1049 haud
968 976 1110 1070 indigno
1129 977 1224 1050 desi-

140 1099 238 1173 derio
256 1101 399 1170 Romam
417 1098 514 1170 trahi.
530 1099 620 1169 Siieo
633 1097 723 1169 bella
740 1098 853 1169 civilia
871 1109 906 1169 et
923 1099 1114 1193 implacatae
1132 1122 1222 1171 sem-

142 1243 204 1315 per
225 1221 335 1315 piebis
361 1220 535 1302 ardorem;
557 1221 676 1293 omitto
702 1223 809 1293 multa
842 1242 922 1315 quae
954 1221 999 1292 illi
1033 1221 1110 1293 urbi
1142 1244 1222 1293 cum

141 1355 213 1417 toto
246 1343 330 1415 orbe
362 1342 557 1415 communia
588 1344 678 1415 mala
708 1354 801 1425 sunt;
836 1353 1006 1435 praetereo
1025 1345 1223 1438 voluptates

141 1470 244 1558 longe
264 1468 401 1559 lateque
423 1475 619 1556 regnantes.
643 1465 720 1536 Non
745 1467 991 1558 voluptuosum
1017 1486 1138 1557 quaero
1162 1464 1224 1537 do-

141 1588 320 1670 micitium,
343 1587 406 1660 sed
423 1587 626 1667 honestum;
649 1608 844 1658 memorans
866 1587 1058 1681 Scipionem
1077 1588 1111 1658 in
1128 1589 1223 1660 exsi-

142 1710 188 1783 lio
205 1730 269 1782 suo
289 1705 528 1780 Liriterninum
551 1707 729 1779 horrorem
752 1708 891 1779 Baianis
919 1710 1115 1802 praetulisse
1136 1709 1223 1783 deii-

143 1835 217 1918 ciiS‚
235 1843 271 1905 et
289 1833 335 1906 de
355 1832 421 1903 hoc
441 1828 629 1903 laudatum.
649 1829 703 1902 Ad
722 1824 805 1901 issud
825 1854 931 1902 unum
950 1831 1053 1903 venio
1069 1833 1165 1924 quod
1182 1855 1224 1904 ea

142 1957 225 2028 mihi
240 1954 405 2047 cogitatio
423 1975 544 2026 recens
558 1955 686 2037 attulit,
708 1976 777 2046 qua
797 1977 889 2025 nunc
906 1956 995 2026 ultra
1014 1955 1223 2028 destinatum

144 2078 327 2152 scribendo
341 2079 467 2173 rapior,
486 2088 521 2147 ut
534 2076 674 2149 audisti.
690 2077 847 2148 Occurrit
858 2077 949 2149 enim
965 2079 1122 2150 electioni
1135 2099 1225 2151 meae

143 2205 329 2273 multorum
339 2199 530 2273 sententias
544 2197 734 2284 adversari,
749 2200 841 2293 apud
855 2222 943 2293 quos
951 2200 1106 2298 Babylon
1117 2203 1225 2273 Roma

143 2335 210 2405 est;
237 2334 272 2394 ct
299 2322 350 2417 (ut
374 2324 419 2395 ita
449 2320 631 2414 stomaoer)
655 2322 746 2394 foeda
765 2322 890 2403 virtus¹
914 2322 1050 2395 iniamis
1076 2336 1131 2397 est
1151 2328 1225 2417 glo-

146 2443 206 2514 ria.
229 2443 296 2514 Nec
321 2442 521 2536 negaverim
548 2462 628 2514 esse
655 2442 759 2513 huius
786 2465 924 2536 quoque
951 2447 1133 2519 sententiae
1153 2469 1226 2519 ma-

145 2587 233 2657 gnos
256 2563 376 2636 duces.
399 2566 483 2636 Nam
510 2575 546 2635 et
579 2564 796 2658 Augustinus
818 2565 999 2638 Civitatem
1026 2568 1089 2639 Dei
1115 2567 1227 2641 aedifi-

118 2711 242 2773 ,cans
263 2689 414 2782 quodam
437 2690 510 2760 loco
532 2688 615 2759 dum
634 2687 823 2758 nativitatis
844 2686 996 2759 Abrahae
1018 2698 1155 2784 tempus
1176 2699 1227 2761 ut-

145 2810 305 2902 tingeret,
327 2831 432 2903 quem
454 2819 573 2880 uatum
593 2818 730 2880 constat
751 2817 917 2900 regnante
943 2808 1036 2901 apud
1062 2811 1225 2904 Assyrios

146 2931 248 3002 Nino:
274 2932 421 3016 hebetat,
449 2932 572 3025 inquit,
600 2935 636 3002 in
660 2954 762 3024 regno
787 2954 893 3001 conos
917 2931 1138 3022 quodraginta
1164 2944 1228 3004 tres

146 3051 275 3144 quaudo
297 3064 392 3122 natus
412 3064 457 3122 eet
478 3052 658 3139 Abrohom,
678 3055 735 3144 pui
753 3064 824 3122 erut
843 3075 953 3124 conus
973 3056 1103 3124 circiter
1118 3056 1226 3128 milte—
1340 3085 1347 3092 *⁴

145 3178 247 3246 simus
269 3173 507 3247 ducentesimus
526 3188 604 3247 oute
624 3175 790 3249 conditam
812 3176 951 3246 somam
974 3175 1110 3270 (veliem
1132 3179 1227 3270 quod

147 3297 305 3391 sequitur
324 3298 519 3393 tacuisset),
543 3301 646 3369 veluti
676 3301 831 3381 atterunt,
859 3297 983 3392 inquit,
1005 3301 1041 3368 io
1063 3296 1228 3368 occidente

146 3419 376 3513 Babylonium.
411 3421 482 3491 Nec
521 3423 630 3492 semel
660 3421 726 3492 hoc
758 3421 894 3492 dixisse
925 3430 1125 3505 contentus,
1160 3421 1228 3492 alio

146 3542 297 3635 quodam
311 3543 386 3613 ioco
403 3542 486 3613 dum
504 3565 567 3636 per
583 3543 795 3616 Albanorum
815 3544 1072 3617 successionem
1091 3566 1132 3616 ac
1150 3568 1227 3638 pro-

147 3664 282 3755 geniem
313 3685 435 3755 regum
462 3664 507 3737 ad
533 3667 715 3737 Romulum
750 3666 990 3759 pervenisset:
1017 3666 1076 3736 Ne
1100 3669 1224 3749 multia,

147 3783 271 3876 inquit,
294 3806 415 3866 morer,
435 3784 566 3856 condito
584 3797 630 3856 est
647 3787 752 3858 Romu
774 3789 863 3857 vetut
880 3791 985 3859 attero
1005 3791 1041 3858 iu
1064 3787 1228 3858 occidente

147 3896 310 3996 Babylon.
333 3906 421 3978 Ecce
455 3885 542 3978 non¹
559 3916 690 3979 tantum
712 3909 806 4002 quod
831 3909 968 3982 dixerat
994 3932 1097 4005 supra
1126 3932 1230 4004 repe-

147 4025 214 4109 tiit,
244 4026 307 4098 sed
332 4029 503 4122 processit
539 4030 699 4114 ulterius,
739 4041 774 4101 et
812 4033 901 4099 catut
930 4033 1069 4122 prioris,
1104 4032 1228 4125 inquit,

145 4149 216 4240 filio
249 4150 440 4240 Babylonis.
477 4151 608 4220 Verum
643 4151 808 4222 hocloco
835 4150 974 4222 tacitum
1002 4154 1095 4224 nutto
1127 4154 1257 4225 modo·

147 4271 272 4342 vellem
295 4272 491 4363 essequod
514 4272 671 4364 sequitur
700 4295 763 4366 per
784 4294 897 4364 quum,
920 4273 1043 4368 inquit,
1066 4277 1135 4347 Deo
1159 4280 1231 4369 pte-

147 4394 215 4463 cuit
236 4394 345 4463 ortem
365 4391 527 4462 debellare
545 4404 709 4464 terrorum
730 4407 760 4465 et
779 4398 816 4465 in
837 4418 939 4466 uuum
964 4401 1147 4470 societatem
1167 4399 1233 4466 rei-

146 4515 286 4604 publice
307 4517 473 4607 tepurupue
494 4514 690 4608 perductum
718 4517 813 4609 longe
839 4521 965 4610 lateque
988 4542 1117 4612 pacare.
1144 4519 1232 4588 Ecce
