2738 5062
146 697 205 761 526
226 674 231 682 ⁸
480 708 522 757 nu
543 706 644 756 annus
666 706 888 758 nunruumnus

145 853 354 939 gentemque
372 842 439 935 piis
458 842 546 913 colla
574 840 829 933 complexibus,
857 842 914 913 ille
938 844 1032 915 huuc
1049 844 1158 916 coluit
1187 859 1227 919 ut

144 977 335 1061 parentem.
350 963 439 1049 Quid
452 965 584 1034 multa?
595 965 725 1034 Omnes
737 965 842 1036 buius
855 964 935 1035 fidei
952 967 1160 1039 unanimiter
1171 967 1227 1039 in-

145 1086 371 1162 cumbebant:
386 1087 515 1179 singuli
525 1085 683 1158 certatim
696 1083 790 1156 huuc
802 1085 978 1157 amabant:
992 1086 1049 1160 bic
1061 1088 1226 1161 omnibus

130 1209 418 1302 obsequebatur:
440 1210 595 1280 omnium
612 1217 713 1279 norat
732 1228 913 1279 arcannm:
930 1230 1010 1279 cum
1029 1208 1097 1282 illis
1115 1209 1227 1282 infan-

146 1333 239 1414 tiam,
253 1352 332 1401 cum
346 1333 413 1402 illis
427 1330 609 1425 pueritiam
624 1340 730 1422 atque
742 1328 1010 1400 adolescentiam
1024 1350 1126 1401 suam
1140 1331 1225 1423 egit,

144 1475 225 1526 cum
237 1453 371 1525 eisdem
384 1453 538 1524 iuventae
555 1452 691 1536 florem,
706 1473 786 1522 cum
803 1449 931 1544 quibus
949 1472 1133 1524 senescere
1150 1465 1226 1525 tan·

142 1576 226 1650 dem
248 1575 407 1669 morique
427 1576 648 1659 decreverat3
669 1574 893 1667 fecissetque,
912 1573 980 1644 nisi
996 1573 1227 1648 clarissimam

143 1710 179 1771 et
203 1697 465 1770 devotissimam
486 1695 548 1767 tibi
566 1697 708 1791 stirpem
727 1695 888 1768 festinata
909 1717 1005 1768 mors
1025 1705 1134 1769 totam
1154 1696 1226 1771 beu

143 1818 245 1892 brevi
261 1830 414 1912 tempore
434 1819 620 1913 rapuisset.
642 1819 722 1890 lllos
743 1818 952 1911 omnesqui,
966 1817 1050 1892 dum
1066 1817 1102 1889 in
1120 1820 1225 1892 terris

144 1950 302 2034 agerent,
318 1940 368 2012 tui
388 1949 488 2012 erant
508 1952 543 2012 et
562 1962 654 2012 nunc
672 1961 744 2010 nou
764 1940 895 2024 miuus,
911 1950 949 2011 ut
965 1960 1133 2031 auguror,
1147 1938 1226 2011 nbi·

143 2086 294 2157 cumque
313 2061 470 2134 habitent
490 2063 540 2133 tui
561 2072 654 2147 snut,
671 2062 801 2155 tibique
819 2063 949 2134 felicem
968 2084 1009 2135 ac
1026 2064 1224 2153 longaevam

143 2184 252 2255 vitam
276 2193 312 2254 et
335 2183 446 2255 votivi
466 2182 599 2277 imperii
626 2203 829 2254 successum
850 2192 987 2274 rogant,
1010 2192 1090 2254 aute
1115 2181 1224 2274 pedes

145 2314 223 2376 tuos
238 2305 445 2375 convenisse
465 2304 592 2395 cogita,
614 2313 717 2397 teque
737 2326 863 2397 magna
884 2303 1011 2376 fidncia
1030 2306 1166 2399 precari
1187 2316 1225 2379 nt

143 2422 319 2496 bominem
340 2424 447 2507 hunc,
462 2426 521 2517 qui
543 2447 629 2497 suus
650 2426 752 2497 fuerit
772 2438 868 2497 tuum
889 2426 988 2497 velis.
1010 2424 1111 2498 Adde
1130 2428 1225 2520 quod

143 2559 179 2620 et
194 2547 350 2619 Romano
368 2544 525 2618 Pontifici
543 2546 720 2632 Clementi,
743 2547 801 2641 qui
820 2557 854 2619 te
874 2559 953 2620 ante
973 2550 1061 2621 alios
1079 2560 1223 2645 paterne

142 2682 292 2764 etquem
311 2679 349 2742 tn
366 2669 515 2741 filialiter
529 2668 699 2754 dilexisti,
718 2668 776 2739 bic
796 2670 1008 2742 familiariter
1025 2693 1132 2744 carus
1151 2673 1221 2757 fuit,

142 2802 178 2864 et
196 2793 406 2864 Francorum
438 2791 513 2884 regi
539 2771 643 2884 quem
670 2791 825 2862 vicissim
852 2790 912 2863 tibi
941 2793 1089 2885 sangnis
1110 2815 1223 2866 amor-

140 2937 210 3007 que
227 2914 435 2999 conciliavit‚
458 2924 493 2985 et
511 2914 694 2986 Portuensi
715 2913 887 3006 Episcopo
906 2913 965 3006 qni
989 2915 1131 3006 generis
1151 2914 1223 2987 ani·

141 3038 259 3128 mique
278 3034 472 3125 fulgoribus
493 3036 659 3107 Romanae
679 3035 853 3106 cardinem
871 3035 1021 3108 illustrat
1042 3036 1219 3122 Ecclesiae,

141 3179 317 3251 quemque
332 3155 526 3228 sacerdotio
535 3167 677 3252 patrem,
693 3156 865 3230 suavitate
878 3177 1084 3248 germanum
1099 3158 1219 3245 habes,

142 3301 243 3373 aeque
274 3279 486 3351 familiariter
513 3300 617 3351 carus
642 3290 707 3350 cst.
734 3280 820 3363 Quis
845 3301 932 3351 vero
952 3302 1045 3352 nunc
1064 3281 1155 3353 inter
1173 3291 1220 3353 tot

145 3411 215 3469 tam
241 3401 372 3492 fulgida
404 3403 542 3473 nomina
563 3399 692 3470 nomini
713 3403 809 3472 locus
830 3409 886 3471 est
905 3406 1008 3474 meo‘l
1028 3403 1071 3473 Ει
1091 3413 1217 3486 nmen,

141 3520 223 3591 vide
239 3531 405 3612 quantum
432 3522 571 3593 fiduciae
591 3521 681 3593 fidas
702 3523 803 3616 parit,
827 3522 962 3596 audebo
982 3547 1039 3596 me
1058 3534 1219 3598 noctuam

142 3640 284 3732 aquilis,
312 3643 437 3733 talpam
467 3642 628 3736 lyncibus
649 3642 810 3727 miscere,
836 3654 872 3715 et
896 3645 1029 3717 affusus
1050 3667 1165 3730 orare,
1185 3654 1221 3718 ιιι

142 3762 251 3848 bunc,
273 3782 377 3855 quem
394 3770 430 3831 et
443 3761 558 3833 virtus
578 3764 717 3856 propria
734 3774 770 3836 et
791 3776 962 3838 tantorum
979 3768 1109 3841 caritas
1130 3792 1220 3842 com·

142 3884 298 3963 mendat.
316 3884 435 3955 notuin
456 3881 580 3978 primo,
602 3883 729 3958 deinde
750 3887 781 3959 si
801 3887 998 3973 merebitur,
1021 3912 1143 3963 carum
1161 3892 1219 3964 ha·

144 4007 239 4081 beas.
256 4008 389 4079 Nomen
409 4007 487 4079 viro
509 4007 652 4093 Laelius,
675 4009 735 4102 qui
755 4009 848 4102 apud
869 4019 1019 4096 veteres,
1048 4024 1088 4085 ut
1105 4013 1220 4085 Cicero

146 4128 206 4212 ait,
237 4137 273 4198 et
298 4129 437 4231 sapiens
462 4140 497 4201 et
522 4129 683 4201 amicitiae
713 4131 822 4222 gloria
854 4134 1031 4206 excellens
1060 4133 1135 4206 fuit.
1162 4132 1221 4203 flio

144 4246 235 4336 apud
260 4270 323 4320 uos
347 4260 534 4345 utrumque
559 4252 771 4343 praecouium
795 4262 851 4325 est
875 4253 1036 4349 adeptus.
1069 4257 1131 4326 llle
1148 4255 1222 4326 Sci·

144 4365 281 4459 pionem
301 4369 421 4443 babuit
436 4372 603 4445 amicum:
625 4396 692 4466 ego
713 4396 782 4447 non
801 4397 879 4447 sum
903 4376 1028 4470 Scipio,
1052 4378 1116 4451 sed
1135 4377 1221 4449 ami·

145 4506 209 4557 cns
234 4505 323 4571 sum,
344 4497 380 4561 et
407 4513 470 4586 pro
490 4496 601 4567 amico
627 4499 776 4589 supplex
795 4498 888 4592 apud
914 4498 1098 4571 Dominum
1116 4500 1220 4572 inter·
