2738 5062
138 608 198 670 240
473 626 514 674 nn
536 626 637 676 nunus
658 624 881 675 rmutandus

138 761 205 831 iste
226 770 339 831 tamen
359 783 537 854 nunquam
559 763 616 833 vel
638 762 776 834 unicum
795 783 950 847 carmen,
972 758 1068 855 quod
1086 760 1132 833 ad
1151 782 1215 833 au-

140 905 196 955 res
215 904 311 956 meas
330 883 473 967 venerit,
488 885 684 968 contexuit3
701 907 815 981 neque
834 885 927 956 enim
944 883 988 955 ad
1005 882 1041 957 id
1059 883 1215 955 animum

140 1007 316 1103 applicuit,
339 1007 413 1078 sine
433 1029 502 1100 quo
522 1006 621 1090 nibil,
640 1007 894 1102 quantumlibet
914 1007 1027 1091 facile,
1055 1005 1146 1076 bene
1166 1002 1215 1077 lit

140 1132 212 1201 Hoc
244 1127 305 1198 tibi
337 1139 455 1199 notum
482 1130 593 1200 lacere
626 1129 755 1224 placuit
787 1141 827 1203 ut
851 1130 896 1201 de
921 1128 1108 1201 assertoris
1134 1128 1217 1200 olim

140 1249 266 1344 publici
285 1251 421 1321 fortuna
440 1250 572 1335 doleas,
592 1249 636 1322 de
654 1252 830 1345 insperata
849 1252 1005 1344 gaudeas
1026 1252 1154 1334 salute,
1171 1249 1218 1323 de

142 1371 263 1443 salutis
281 1383 395 1444 autem
412 1394 519 1445 causa
535 1395 671 1446 mecum
686 1376 814 1469 puriter
830 1372 1020 1467 indigneris
1033 1382 1070 1444 et
1083 1372 1215 1457 rideas,

140 1495 356 1590 cogitesque:
375 1497 406 1567 si
424 1497 529 1592 (quod
546 1497 678 1570 utinam
694 1498 839 1594 accidat)
860 1498 928 1570 sub
943 1499 1067 1595 clypeo
1083 1497 1218 1591 poetico

140 1619 302 1691 Nicolaus
322 1641 343 1692 e
360 1620 464 1693 tantis
484 1620 643 1714 periculis
663 1620 826 1706 evaserit,
845 1621 937 1694 unde
953 1641 1023 1693 non
1042 1641 1218 1693 evasurus

142 1752 238 1815 esset
254 1743 373 1814 Maro?
390 1743 458 1815 Sed
475 1744 530 1815 ille
548 1741 615 1815 sub
632 1742 687 1814 bis
704 1742 876 1816 iudicibus
893 1742 995 1814 aliam
1012 1741 1059 1816 ob
1075 1764 1218 1816 causam

143 1867 285 1961 periret,
304 1865 385 1960 quia
404 1864 534 1937 scilicet
552 1888 620 1938 non
633 1876 734 1958 poeta
747 1865 809 1938 sed
821 1864 1098 1938 necromanticus
1112 1864 1220 1937 babe-

145 2001 248 2061 retur.
275 1989 393 2060 Dicam
413 1986 508 2081 quod
527 1989 639 2083 magis
658 1987 783 2060 rideas.
816 1989 895 2084 lpse
918 2008 1000 2080 ego,
1027 2008 1100 2080 quo
1119 2006 1218 2059 neme

58 2127 60 2130 ’
144 2132 291 2204 usquam
325 2110 526 2181 divinationi
559 2110 726 2185 inimicior
746 2111 809 2183 luit
825 2119 886 2181 aut
903 2109 1043 2202 magiae,
1062 2126 1219 2181 nonnun-

143 2255 248 2327 quam
273 2231 363 2303 inter
388 2233 454 2303 hos
479 2233 627 2326 optimos
648 2256 765 2305 rerum
791 2231 923 2304 iudices
944 2240 1084 2326 propter
1108 2231 1218 2302 blare

143 2355 197 2426 nis
222 2353 405 2427 amicitiam
426 2354 699 2425 necromanticus
720 2354 834 2426 dictus
859 2376 948 2426 sum.
974 2355 1028 2425 En
1053 2373 1126 2446 quo
1145 2362 1217 2425 stu-

144 2475 202 2573 dia
217 2485 335 2547 nostra
348 2473 485 2567 dilapsa
498 2475 596 2544 sunt!
617 2474 646 2543 0
663 2496 775 2566 nugas
796 2473 944 2546 odibiles
964 2472 1216 2567 ridendosquel

145 2601 203 2684 Et,
219 2609 258 2670 ut
274 2596 451 2691 multiplici
469 2605 573 2688 gestu
589 2607 712 2668 cuncta
728 2619 930 2690 cognoscas,
948 2597 1081 2690 quidve
1097 2594 1143 2668 de
1159 2594 1219 2666 mi-

145 2721 291 2795 noribus
308 2719 520 2815 opinandum
542 2719 587 2791 sit
607 2719 776 2792 maiorum
795 2720 969 2814 concipias
986 2718 1032 2791 ab
1051 2720 1218 2813 exemplu,
1269 2774 1273 2785 .

147 2845 273 2919 addam
289 2845 383 2918 aliud
396 2844 531 2917 illustre
551 2842 743 2916 ridiculum.
764 2844 930 2936 Magnum
950 2844 1100 2915 amicum
1113 2845 1221 2915 cultu·

147 2991 215 3063 que
245 2969 418 3064 praecipue
451 2966 634 3040 colendum
659 2966 837 3063 Babylone
866 2965 1000 3039 babeo:
1030 2975 1110 3038 utor
1133 2964 1220 3038 enim

148 3093 261 3186 prisco
280 3104 316 3164 et
336 3092 486 3183 ingenuo
506 3088 668 3183 loquendi
688 3110 798 3174 more,
825 3110 895 3182 quo
915 3089 1034 3161 Cicero
1059 3089 1222 3182 Magnum

148 3213 350 3306 Pompeium
371 3211 571 3282 familiarem
593 3232 697 3282 suum
717 3221 826 3295 vocat,
846 3219 882 3282 et
897 3210 1028 3282 Plinius
1050 3209 1223 3282 secundus

149 3334 363 3428 Vespasiano
384 3355 449 3405 suo
470 3335 617 3405 salutem
637 3333 729 3405 dicit.
751 3333 849 3418 Nam,
873 3333 904 3403 si
925 3333 1090 3406 moderno
1108 3332 1224 3406 servili

151 3466 254 3550 atque
275 3456 467 3528 adulatorio
488 3456 658 3528 sermonis
684 3478 812 3549 genere
832 3453 998 3527 utendum
1019 3468 1086 3540 est,
1117 3455 1225 3529 babeo

152 3577 363 3669 singularem
388 3576 652 3669 verendumque
676 3577 866 3649 dominum.
894 3578 1087 3671 Utcumque
1114 3588 1225 3651 tamen

151 3699 218 3771 boc
233 3698 393 3782 dixerim,
409 3699 493 3771 illud
511 3698 673 3770 veredici
687 3710 808 3792 potest,
823 3702 1225 3797 unumesseexpaucis,

153 3820 341 3915 principem
363 3822 453 3893 inter
470 3821 655 3917 principes,
674 3824 1004 3896 excellentissimum
1024 3824 1115 3896 inter
1136 3848 1229 3899 sum·

154 3965 247 4029 mos
281 3946 495 4039 romuleique
520 3946 651 4017 clarum
676 3946 783 4018 decus
803 3947 969 4032 cardinis,
996 3947 1115 4020 virum
1141 3968 1229 4021 rarae

155 4067 359 4160 prudentiae,
381 4069 482 4141 cuius
502 4067 645 4141 consilio
665 4069 825 4163 perfacile
845 4079 1013 4142 terrarum
1036 4070 1133 4141 orbis
1157 4066 1231 4161 rugi

157 4212 260 4286 posse
278 4193 448 4276 videatur,
461 4194 652 4264 litterarum
667 4203 837 4286 praeterea
854 4194 1040 4265 multarum
1054 4203 1091 4265 et
1102 4188 1231 4265 excelsi

157 4312 297 4407 ingenii.
325 4314 393 4385 Sed
421 4336 540 4387 verum
574 4315 746 4409 estquod
775 4315 959 4388 Sallustius
985 4317 1130 4413 Crispus
1162 4315 1230 4388 ait:

162 4438 216 4505 ubi
236 4436 419 4507 intenderis
439 4439 610 4525 ingenium
631 4440 729 4509 volet.
751 4439 811 4509 llle
830 4461 915 4531 ergo
934 4440 987 4512 vir
1007 4450 1124 4511 tantus
1143 4437 1229 4507 inter
