2736 5026
283 284 370 329 tlssEh
396 284 891 333 nncrue's‘luu'srus.—1‹;u1sTonn
918 290 953 333 ιγ.
1098 277 1153 334 dli,

83 440 239 512 gemmas
270 430 473 514 ostrumque
507 419 692 503 sidonium,
728 443 796 493 non
831 431 869 493 ut
901 421 1155 516 possidentium

81 553 336 628 ornamentum,
360 543 423 615 sed
444 552 637 621 utnatnrae
657 543 766 615 decus
784 553 845 614 aut
860 543 1045 618 artificium
1065 545 1157 638 aspi-

81 665 184 753 ciant,
197 663 389 758 eodemque
402 665 517 737 animo
529 664 595 736 illis
609 675 750 738 utantur
763 677 799 737 et
809 667 1048 760 careantzqui,
1062 666 1158 760 quod

80 791 161 861 olim
183 789 277 883 apud
295 790 445 862 maiores
466 799 603 862 nostros
624 790 772 885 optimos
793 789 869 862 illos
890 789 1033 884 quidem
1054 813 1157 864 vere·

81 932 150 1003 que
164 911 257 982 viros
270 912 396 994 luerat,
412 909 621 982 vilissimum
640 910 845 1004 mancipium
858 933 1008 1005 coquum
1021 923 1156 1006 putent;
1251 976 1256 984 .

81 1034 140 1125 qui
160 1035 277 1125 gulam
298 1055 338 1105 ac
358 1041 515 1106 ventrem
535 1056 600 1107 ceu
620 1046 841 1106 contumaces
866 1043 903 1103 et
926 1032 1069 1135 inertes¹
1083 1056 1157 1106 ser-

81 1174 147 1225 vos
168 1155 272 1245 longo
289 1154 417 1225 ieiunio
433 1154 574 1228 domare
588 1156 751 1240 audeant,
770 1155 896 1227 durum
915 1165 951 1227 et
966 1154 1159 1227 inelabora-

84 1288 156 1348 tum
175 1287 280 1370 atque
305 1299 354 1348 ex
376 1277 593 1371 omni,lruge
626 1279 854 1372 compositum
874 1299 996 1373 panem
1019 1276 1085 1347 sibi
1109 1278 1160 1348 la-

83 1399 251 1473 miliarem
265 1401 414 1486 fecerint,
429 1423 544 1495 neque
556 1403 720 1473 haustum
735 1400 810 1494 puri
825 1399 973 1492 gurgitis
985 1399 1157 1481 horreant,
1225 1409 1229 1417 '

82 1544 195 1617 neque
214 1523 344 1595 victum
372 1534 561 1616 agrestem,
589 1534 692 1596 terrae
725 1522 844 1593 matris
870 1542 1013 1592 munere
1038 1529 1160 1614 sponte

83 1653 266 1718 nascentes
279 1645 408 1718 herbas
421 1655 528 1740 atquc
540 1646 705 1718 arborum
722 1644 845 1716 baccas
862 1654 898 1715 et
913 1643 1027 1741 dulcia
1040 1662 1158 1735 poma,

84 1765 276 1850 fastidiant,
298 1765 502 1859 possintque
536 1766 611 1836 sine
643 1763 869 1835 animantium
896 1764 1033 1835 interitu
1060 1783 1159 1834 suam

84 1887 269 1980 aliquando
288 1888 397 1958 vitam
422 1909 542 1979 agere:
567 1886 626 1980 qui
652 1887 697 1959 ad
720 1887 889 1959 auxilium
912 1886 995 1959 lessi
1022 1908 1063 1957 ac
1088 1887 1161 1956 lan-

86 2007 224 2098 guentis
251 2008 418 2082 stomachi
452 2031 520 2082 non
545 2009 680 2103 copiam
706 2010 897 2102 mollesque
921 2008 1073 2091 delicias
1097 2005 1160 2078 sed

84 2130 324 2204 abstinentiam
337 2144 373 2204 et
385 2135 512 2205 famem
530 2144 566 2205 et
578 2133 783 2207 exercitium
807 2134 1006 2226 implorent:
1026 2140 1161 2227 postre-

84 2277 141 2327 mo
159 2255 219 2348 qui
240 2256 375 2349 corpori
397 2279 465 2328 non
486 2256 635 2342 servire,
655 2257 717 2329 sed
737 2258 835 2347 leges
851 2256 951 2336 darc,
971 2264 1077 2347 atque
1096 2254 1161 2323 im-

85 2399 207 2469 perare
237 2379 429 2450 didicerint.
451 2380 581 2448 Horum
607 2400 675 2468 ego
702 2400 757 2447 me
780 2377 936 2449 numeris
962 2375 1162 2447 adscribere

85 2518 155 2566 non
174 2498 303 2566 ausim:
324 2499 415 2566 nitor
435 2507 563 2580 tamen,
581 2508 616 2566 et
633 2497 882 2588 aliquantulum
903 2496 1090 2589 proiecisse
1108 2495 1164 2564 vi·
1200 2532 1203 2539 ·

87 2615 182 2686 deor.
205 2617 248 2686 Ut
269 2617 389 2687 sileam
410 2617 555 2709 reliqua,
578 2616 698 2707 gloriae
718 2639 775 2687 me
794 2628 918 2687 natura
938 2617 1079 2708 quidem
1100 2637 1163 2685 cu·

88 2735 307 2828 pidissimum
326 2757 395 2808 non
417 2757 521 2829 neg03
540 2735 604 2807 sed
624 2735 672 2806 ita
692 2716 845 2808 animum
868 2735 983 2807 studio
1003 2735 1161 2820 formavi,

88 2869 127 2930 ut
139 2845 241 2931 laetus
256 2858 361 2945 illam,
377 2860 406 2931 si
420 2859 526 2943 adsit,
542 2858 694 2955 arripiat,
709 2870 757 2945 et,
773 2860 803 2931 si
815 2857 914 2944 desit,
930 2881 998 2931 non
1016 2869 1163 2930 moestus

88 2980 236 3067 abiiciat3
258 2994 400 3079 paratus
422 3005 562 3067 nomen,
584 2982 612 3053 si
629 3004 699 3075 qua
716 2984 787 3053 lors
805 2980 937 3067 laverit,
958 2983 1060 3073 longe
1079 2983 1164 3053 late-

87 3127 155 3198 que
177 3105 381 3191 diffundere,
405 3116 545 3200 paratus
566 3117 602 3177 et
627 3105 716 3176 intra
741 3104 839 3198 parvi
867 3106 958 3177 ruris
982 3106 1163 3197 angustias
1212 3090 1216 3096 ’

88 3249 156 3299 non
177 3230 348 3319 cognosci.
375 3231 506 3302 Natura
534 3228 797 3312 demosthenes,
824 3228 1013 3300 imitatione
1039 3229 1163 3305 Demo.-

89 3349 196 3420 critus
218 3349 291 3421 fieri
311 3353 429 3435 velim3
452 3354 507 3424 ille
527 3353 633 3437 enim,
662 3364 699 3423 ut
724 3352 887 3444 legimus,
909 3353 1012 3423 lamae
1037 3349 1163 3422 avidus

91 3468 165 3553 luit,
188 3469 253 3540 iste
274 3481 496 3566 contemptor.
525 3472 658 3544 Interea
690 3496 735 3544 ne
768 3473 836 3545 situ
861 3475 949 3544 sorte
974 3482 1164 3544 marcescat

91 3592 282 3684 ingenium,
304 3614 454 3667 exerceo
479 3594 513 3664 in
534 3596 679 3666 lectione
704 3599 836 3682 mulce,
866 3594 994 3687 digitos
1019 3595 1054 3664 in
1080 3594 1163 3665 scri-

91 3728 206 3812 ptura,
230 3726 381 3789 mentem
401 3717 437 3787 in
455 3716 661 3809 cogitatione
680 3717 832 3800 detineo,
855 3717 1004 3808 denique
1024 3737 1088 3808 pro
1111 3716 1165 3785 via

92 3839 190 3912 ribus
210 3840 294 3911 nihil
311 3839 430 3911 omitto
450 3841 635 3932 quominus
655 3837 700 3909 ad
720 3838 930 3911 destinatum
949 3839 1095 3924 veniam,
1117 3839 1165 3909 ita

93 3973 220 4049 tamen,
241 3973 289 4049 ut,
310 3962 339 4034 si
361 3984 463 4034 secus
483 3963 629 4047 accidat,
648 3982 716 4032 non
737 3960 939 4056 pervenisse
959 3962 1081 4033 melius
1102 3983 1166 4052 pu-

94 4097 173 4158 tem.
197 4086 279 4158 Haec
298 4085 370 4159 vita
392 4108 469 4156 mea
489 4097 558 4168 est,
579 4107 682 4178 quam
710 4083 769 4155 tibi
793 4083 914 4156 litteris
947 4082 1164 4155 indicandam

218 4219 248 4256 ιι.
982 4205 1011 4254 15
