2738 5062
142 622 201 684 rttt
476 635 517 681 na
540 632 640 681 riscus
662 632 885 683 rnnrmanmrs

143 770 264 839 simam
292 766 507 859 genitricem,
529 786 609 860 quae
629 787 710 837 eum
745 767 846 837 terris
869 774 907 836 et
930 766 1056 861 pelago
1079 777 1208 849 secuta,

141 904 263 969 omnes'
284 895 342 965 filii
364 896 440 966 vias
458 895 608 965 lacrimis
629 892 838 986 sequacibus
860 913 901 964 ac
924 891 1079 964 sollicitis
1099 914 1211 985 asper-

142 1022 197 1104 sit,
219 1030 255 1090 et
273 1040 377 1112 quern
397 1020 503 1089 semol
525 1039 629 1089 carne
648 1025 831 1112 pepererat
855 1015 976 1087 millies
1003 1027 1118 1087 mente
1138 1036 1212 1111 par-

143 1142 250 1223 turiit;
277 1141 442 1233 flevitque
464 1152 533 1212 tarn
554 1140 713 1222 dulciter,
747 1152 786 1210 ut
818 1138 1040 1211 nuncetiam
1065 1148 1145 1231 post
1169 1149 1213 1211 tot

141 1267 268 1337 saecula
289 1263 445 1335 lacrimas
469 1262 663 1354 legentibus
687 1262 850 1334 excutiat.
871 1262 1123 1333 Verumtamen
1140 1283 1212 1333 eam
1245 1270 1251 1281 “

141 1388 251 1483 ipsam
272 1397 431 1469 matrem,
458 1407 538 1477 quae
564 1385 657 1456 illum
686 1406 747 1475 per
771 1406 907 1456 omnem
929 1382 1038 1454 ritem
1058 1383 1211 1469 fleverat,

141 1509 275 1581 nonnisi
301 1531 408 1579 unum
428 1508 519 1580 diem
538 1507 646 1592 llevit,
671 1519 707 1579 et
726 1510 871 1592 luctum,
889 1530 994 1601 quem
1013 1508 1138 1581 sedare
1161 1532 1213 1582 co

139 1631 280 1723 gitanda
300 1640 404 1724 atque
423 1631 529 1701 animi
555 1630 609 1701 sui
632 1629 807 1700 mollitiem
832 1632 1041 1724 increpando
1062 1640 1213 1703 tentave-

142 1766 206 1838 rat,
226 1777 290 1826 nec
307 1757 453 1839 ratione,
470 1764 507 1824 ut
528 1753 603 1849 ipse
620 1752 787 1835 meminit,
807 1775 871 1824 nec
888 1752 1012 1825 balneo
1033 1755 1141 1826 lenire
1158 1776 1213 1849 po·

141 1889 265 1961 tuerat,
289 1899 432 1949 somnus
452 1876 614 1948 extinxit.
637 1876 674 1948 ld
696 1897 904 1958 memorans,
924 1898 990 1947 nec
1006 1875 1212 1971 ipselstatim

141 2000 185 2071 ad
206 2012 239 2071 te
259 2002 351 2083 veni,
372 2022 483 2093 neque
504 1999 683 2072 confestim
706 1999 843 2094 scripsi,
869 2021 912 2070 ne
932 2000 1162 2094 voluptatem,
1181 2012 1214 2073 ut

142 2123 187 2193 ita
203 2122 364 2204 dixerim,
388 2122 528 2212 lugendi
552 2122 668 2215 (habet
688 2122 780 2193 enim
801 2132 837 2194 et
853 2144 952 2194 suam
971 2123 1036 2194 sed
1054 2123 1213 2195 miseram

141 2247 353 2339 voluptatem
375 2244 532 2335 moeror),
557 2245 616 2315 tibi
641 2256 721 2317 ante
746 2258 881 2340 ternpus
902 2246 1093 2341 eriperem:
1114 2265 1212 2317 unam

142 2365 203 2437 tibi
222 2367 381 2437 consulto
400 2375 536 2435 noctem
557 2365 672 2452 tribui,
691 2389 771 2460 quae
795 2392 875 2441 cum
905 2368 1035 2441 auxilio
1060 2370 1213 2442 dextera

141 2489 272 2560 excelsi
293 2489 450 2558 lacrimas
473 2497 551 2560 tuas
580 2489 811 2581 abstergeret;
838 2514 939 2584 quas,
967 2502 1006 2564 ut
1030 2492 1121 2578 dixi,
1150 2516 1211 2565 nou

142 2611 246 2683 modo
269 2631 337 2680 non
369 2631 496 2701 arguo,
523 2609 711 2682 sedetiam
738 2610 964 2684 vehementer
988 2615 1107 2700 laudo,
1133 2616 1211 2690 dum

142 2747 257 2807 tamen
275 2733 335 2818 eis,
355 2743 393 2803 ut
409 2733 518 2827 cupio,
534 2733 673 2804 modum
692 2735 850 2826 posueris
863 2746 898 2808 et
911 2736 1026 2809 linem.
1046 2740 1115 2812 Sed
1132 2760 1211 2834 quo

142 2857 233 2928 niam
256 2855 429 2928 scribendi
449 2858 566 2942 multa,
586 2877 667 2949 quae
688 2879 744 2929 res
763 2858 884 2950 exigit,
907 2870 1044 2953 tempus
1065 2884 1137 2934 non
1156 2860 1211 2933 lta-

143 2975 221 3062 beo,
245 2990 404 3051 metuens
426 3001 493 3051 non
527 2980 613 3050 sorte
647 2980 798 3051 secunda
819 2979 878 3051 tibi
900 3004 968 3053 nox
1000 2982 1035 3052 in
1067 2985 1210 3057 lacrimis

141 3101 304 3185 ducatur,
327 3114 365 3173 ut
383 3102 555 3173 festinatae
574 3101 730 3197 epistolae
752 3102 855 3175 finem
881 3104 1018 3191 faciam,
1041 3129 1106 3181 oro
1129 3108 1209 3181 inri-

140 3225 335 3295 etissimum
353 3224 505 3293 animum
523 3234 632 3307 tuum,
653 3233 690 3295 ut
706 3224 779 3317 ipse
799 3225 863 3298 sibi
881 3251 943 3321 pro
963 3228 1100 3303 viribus
1116 3252 1209 3326 open

142 3349 242 3428 ierat,
264 3354 299 3415 et
318 3346 505 3437 appetitum
526 3345 642 3431 llendi,
668 3349 728 3441 qui
752 3373 856 3442 quam
882 3350 927 3421 sit
951 3351 1146 3426 vehemens
1168 3375 1207 3425 ex

143 3489 199 3538 me
219 3469 305 3551 seio,
329 3467 417 3537 virili
439 3470 659 3542 meditatione
681 3472 827 3543 reliciat:
850 3473 952 3544 simul
978 3482 1013 3547 et
1038 3475 1136 3549 illum
1155 3498 1210 3551 oro

142 3590 200 3684 qui
215 3612 277 3685 pro
290 3589 438 3684 peccatis
453 3591 580 3662 nostris
597 3594 756 3676 moriens,
772 3594 816 3666 de
833 3620 936 3669 cruce
952 3600 1209 3673 moestissimam

142 3712 318 3784 solabatur
337 3720 495 3794 matrem,
520 3723 556 3783 ut
577 3714 767 3786 secundum
789 3717 1038 3792 inexhaustum
1057 3725 1212 3795 consola-

141 3835 243 3905 tionis
263 3848 298 3906 ot
323 3835 569 3907 misericordia
592 3859 667 3909 suar
694 3841 835 3928 iontem,
864 3853 934 3917 tuae
968 3855 1001 3918 te
1034 3850 1156 3921 matris
1179 3848 1213 3919 in

142 3961 259 4031 tunore
279 3963 485 4033 consoletur.

282 4108 437 4177 ¹tronione,
452 4106 488 4163 11.
505 4108 570 4164 ldus
585 4110 677 4166 Maias
