2738 5062
364 653 453 700 innan
476 650 777 700 x‹·u·usuucinus.-
791 652 941 702 crissoni
964 656 1004 703 si.
1163 642 1222 703 tiltt

561 950 738 1017 Epistola
760 950 803 1012 Xl.

233 1139 426 1191 rainelscus
447 1139 616 1189 resanati
639 1138 855 1189 BENINTENDIO
876 1139 906 1187 lt.
928 1140 956 1187 P.
979 1137 1137 1188 vanarolt.

496 1244 717 1294 cantantium
739 1245 765 1293 S.
788 1245 816 1292 P.
838 1247 869 1294 Ι).

175 1419 333 1477 immeritas
346 1419 391 1473 sui
408 1418 506 1473 laudes
524 1418 645 1489 respuit,
666 1418 787 1473 oblatam
805 1418 840 1473 ab
859 1434 892 1474 eo
911 1419 1059 1475 amicitiam
1079 1425 1192 1492 accepto

298 1508 395 1576 habel,
412 1512 440 1562 et
452 1507 522 1563 duos
537 1507 605 1563 artis
618 1506 731 1563 musice
747 1508 867 1563 cultores
883 1510 1067 1565 commendat.

241 1781 336 1851 Bene
363 1775 448 1848 mihi
477 1775 602 1848 accidit
626 1777 734 1870 quod,
756 1777 791 1848 in
808 1777 898 1849 urbe
916 1776 998 1849 licet
1016 1777 1225 1869 frequentis-

141 1903 242 1987 sima,
271 1912 331 1973 tua
360 1922 416 1971 me
446 1899 636 1970 solitarium
662 1899 809 1992 epistola
835 1900 976 1994 reperit.
994 1899 1223 1972 Erubuissem

140 2046 257 2097 coram
275 2023 393 2094 multis
410 2021 652 2117 deprehensus
665 2021 701 2092 in
715 2022 867 2117 publico3
885 2045 978 2095 nunc
991 2026 1086 2095 solus
1099 2020 1224 2094 erubui

139 2156 175 2220 ol
195 2147 282 2220 dixi:
301 2144 385 2239 quid
411 2166 478 2217 non
499 2157 599 2241 potes
620 2144 806 2238 imperiose
827 2148 949 2217 amori
967 2146 1053 2239 quid
1074 2167 1142 2217 non
1163 2166 1226 2238 po-

142 2279 196 2343 tes
221 2269 363 2364 quando
391 2268 495 2340 etiam
529 2267 608 2340 talis
634 2267 701 2341 viri
730 2269 850 2340 oculos
881 2268 1117 2363 iudiciumque
1145 2289 1226 2364 per-

141 2393 310 2486 stringis?
330 2393 367 2464 ln
389 2391 512 2462 litteris
537 2391 679 2484 quidem
701 2391 785 2476 tuis,
808 2393 938 2487 optime
964 2390 1033 2475 vir,
1059 2392 1150 2464 duas
1177 2391 1225 2463 si-

141 2518 214 2589 mul
242 2525 400 2586 veterum
431 2513 624 2585 sententias
650 2514 852 2605 recognovi,
879 2525 914 2584 et
934 2513 1064 2584 amoris
1096 2513 1226 2586 scilicet

140 2650 177 2712 et
191 2635 401 2731 eloquentiae
421 2657 584 2727 magnam
615 2636 701 2720 vim,
721 2656 785 2705 neo
808 2634 853 2705 de
883 2633 991 2704 nihilo
1011 2633 1142 2704 dictum
1167 2635 1224 2705 vei

141 2761 328 2835 amantium
343 2780 437 2830 caeca
450 2778 531 2829 esse
548 2755 688 2840 iudicia,
703 2758 760 2826 vel
774 2765 947 2828 oratorem
968 2775 1074 2848 posse
1095 2753 1223 2827 omnia.

140 2882 294 2955 Primum
317 2891 361 2967 te,
381 2880 500 2963 amice,
523 2878 559 2948 in
576 2877 804 2951 estimatione
826 2899 943 2948 rerum
964 2899 1120 2949 mearum
1141 2875 1226 2948 fallit

144 3003 238 3077 haud
256 3002 379 3075 dubio:
399 3000 590 3074 secundum
609 3021 696 3071 vero
711 3021 769 3071 me
786 3001 890 3095 paulo
902 2999 1019 3070 minus
1031 3000 1223 3081 fefellisset,
1302 3032 1305 3038 ,

143 3140 182 3201 ut
202 3129 279 3200 talis
300 3126 383 3198 inibi
405 3125 517 3198 videri
538 3124 743 3218 inciperem.
765 3125 902 3217 qualem
924 3136 962 3196 tu
979 3145 1035 3195 me
1053 3122 1152 3195 iacis:
1175 3123 1225 3195 sic

141 3248 248 3321 eorda
268 3247 458 3339 legentium
477 3245 511 3315 in
533 3232 776 3329 manutenes,
793 3244 1011 3339 sicpapyrus
1033 3265 1097 3338 pro
1117 3242 1224 3334 regia,

142 3373 193 3445 sic
221 3374 377 3444 calamus
410 3369 471 3441 tibi
501 3390 564 3463 pro
596 3378 734 3465 sceptro
766 3378 835 3452 est,
862 3367 929 3440 nisi
956 3367 1050 3461 quod
1071 3390 1128 3441 me
1146 3366 1226 3460 cogi

143 3494 314 3578 sentiens,
346 3491 380 3562 in
415 3513 529 3564 arcein
562 3491 705 3564 rationis
730 3512 934 3576 evaseram,
960 3513 1086 3585 meque
1110 3492 1225 3586 ipsum

144 3616 335 3689 identidem
368 3613 620 3709 percunctabar
652 3636 698 3685 an
730 3637 816 3687 vera
836 3627 957 3688 essent
979 3636 1061 3708 quae
1086 3615 1129 3686 de
1154 3634 1223 3697 me,
1293 3644 1297 3651 ·

144 3741 224 3811 stilo
249 3739 413 3831 quamvis
433 3735 620 3809 artificioso
653 3749 688 3810 et
708 3739 881 3822 mellilluo,
912 3739 1119 3812 dicerentur.
1147 3739 1226 3809 Scio

143 3860 230 3954 quid
250 3859 334 3931 mihi
352 3858 446 3931 intus
468 3858 502 3928 in
524 3857 661 3930 silentio
682 3860 728 3929 sit
753 3881 971 3954 responsum.
998 3857 1143 3928 Proinde
1164 3878 1225 3928 oro

144 3984 291 4077 posthac
309 3982 433 4076 pudori
454 4004 532 4054 meo
552 4001 688 4076 parcas,
713 4001 804 4050 neve
825 4000 881 4049 ine
909 4000 979 4049 non
1005 3977 1093 4048 meis
1115 3977 1226 4050 laudi·

143 4104 212 4176 hus
231 4126 367 4176 oneres.
396 4105 473 4177 Non
498 4125 621 4198 precor
645 4122 798 4174 errorem
820 4121 932 4172 exuas
959 4120 1030 4192 quo
1054 4099 1224 4183 delectem

144 4236 278 4298 tautum
305 4247 421 4298 neme
443 4224 613 4297 facundiae
634 4243 723 4295 unco
741 4220 859 4294 trahas
880 4220 915 4291 in
934 4242 1089 4294 errorem
1116 4225 1224 4296 multo

145 4350 326 4444 imparem.
349 4352 443 4421 Tuus
463 4348 554 4418 enirn
576 4367 674 4418 error
693 4346 868 4437 ingenuus
888 4354 925 4417 et
947 4347 1108 4418 amicitiae
1123 4345 1224 4417 testis

145 4472 301 4543 eximiae:
320 4493 421 4544 mous
443 4469 471 4543 si
493 4469 549 4553 sit,
574 4468 640 4541 nisi
661 4489 781 4540 anicns
804 4467 1040 4559 ridiculusque
1061 4489 1128 4538 non
1147 4468 1221 4551 orit,
