2738 5062
146 587 185 647 tu
483 600 524 647 nu
546 598 646 647 nunus
667 598 892 650 riuturuutnus

145 747 180 807 et
198 734 367 829 quidquid
389 733 484 805 aliud
503 732 549 804 ad
565 731 775 805 exterrenda
791 734 896 806 corda
922 735 1121 809 mortalium
1147 760 1231 833 poo-

145 869 258 929 tarum
288 855 437 947 ingeniis
469 854 656 946 cogitatum
682 864 748 925 est.
778 855 899 947 Neque
924 858 1003 950 plus
1023 864 1231 935 mnstuntiae

146 979 305 1051 tribuerit
326 976 497 1049 adversus
518 998 619 1047 omne
642 974 826 1047 terrificum
846 978 982 1050 Herculi
1004 1000 1069 1053 suo
1098 982 1230 1079 Iupiter

145 1099 316 1172 adulterio
333 1110 443 1193 pater,
461 1120 567 1191 quarn
583 1098 643 1168 tibi
660 1107 764 1168 natus
785 1098 939 1191 Virgine,
954 1113 1054 1194 pater
1072 1105 1228 1177 omnium

145 1234 314 1305 aeternus,
335 1221 394 1314 qui
416 1230 529 1291 rectas
555 1219 589 1288 in
616 1239 655 1288 se
679 1218 892 1313 sperantium
911 1222 1055 1315 respicit
1073 1225 1229 1315 stadiu-

147 1355 206 1417 vat
223 1346 428 1416 voluntates.
446 1343 624 1426 Quaecum
638 1341 685 1413 ita
702 1343 784 1426 sint,
805 1343 880 1415 sine
894 1356 989 1416 metu
1003 1344 1073 1415 iam
1089 1355 1226 1419 tuorum
1265 1358 1272 1369 '

146 1488 251 1541 voces
279 1466 414 1551 audire,
441 1476 477 1537 et
504 1465 534 1534 si
553 1463 639 1555 quid
658 1463 761 1535 vacui
783 1464 948 1558 temporis
968 1464 1058 1536 inter
1077 1487 1228 1561 occupa-

144 1590 255 1662 tiones
280 1588 430 1683 optimas
456 1585 637 1670 affulserit,
664 1595 699 1656 et
723 1587 938 1678 respondere
962 1584 1071 1659 breve
1095 1588 1227 1683 aliquid

145 1721 253 1805 potes.
274 1713 397 1782 Patere
418 1718 534 1779 autem
564 1729 620 1779 me
650 1707 877 1779 saecularibus
907 1717 1020 1779 tecum
1050 1709 1099 1781 uti
1129 1709 1228 1783 testi-

145 1834 284 1919 moniis,
315 1833 443 1926 quibus
469 1853 537 1903 non
571 1832 683 1903 solum
709 1828 918 1902 Ambrosius
946 1842 982 1903 et
1005 1829 1227 1924 Augustinus

144 1969 264 2031 noster
283 1980 324 2029 ac
344 1956 576 2050 Hieronymus
602 1952 794 2037 abundant,
824 1952 888 2023 sed
906 1964 942 2023 et
960 1951 1151 2048 Apostolus
1176 1957 1227 2029 uti

144 2079 319 2151 interdum
337 2099 405 2148 non
424 2076 579 2147 erubuit:
602 2097 716 2169 neque
741 2076 875 2147 cellulae
896 2083 965 2146 tuae
985 2076 1081 2149 aditu
1107 2079 1226 2171 prohi-

144 2202 230 2273 beas
250 2221 331 2292 quae
359 2207 395 2267 et
413 2219 474 2269 ore
494 2217 572 2267 meo
591 2197 698 2286 digna
719 2207 800 2269 sunt
824 2209 860 2268 et
889 2196 959 2269 tuis
984 2198 1129 2272 auribus
1154 2222 1226 2275 non

145 2325 297 2415 indigna.
324 2320 541 2415 Pythagoras
565 2318 720 2412 peracuti
741 2317 795 2388 vir
815 2320 943 2411 ingenii
963 2320 1041 2406 luit,
1064 2322 1130 2395 sed
1148 2323 1227 2399 eius

144 2466 308 2528 acumen,
330 2444 432 2532 longe
448 2440 566 2512 relicta
583 2439 741 2526 veritate,
776 2461 871 2534 saepe
905 2464 1018 2535 usque
1042 2443 1090 2515 ad
1113 2445 1224 2519 aniles

145 2567 290 2661 ineptias
308 2563 513 2659 penetravit.
532 2561 618 2632 Hinc
635 2561 692 2632 illa
710 2561 854 2634 ridicula
871 2573 907 2636 et
922 2586 986 2658 per
1001 2568 1111 2639 multa
1128 2568 1225 2641 varia

143 2711 289 2785 corpora
308 2686 476 2759 volutatio
497 2684 706 2769 animarum,
733 2694 769 2756 et
789 2708 976 2760 renascens
997 2688 1041 2760 de
1059 2690 1226 2764 bellatore

144 2811 371 2908 philosophus
393 2807 481 2880 iliaci
503 2806 581 2878 belli
608 2805 707 2879 testis
734 2807 958 2901 Euphorbus,
992 2810 1145 2904 denique
1175 2816 1225 2886 la-

144 2958 243 3009 mosa
258 2943 420 3023 perornata
437 2953 542 3026 quam
564 2931 671 3003 miror
689 2929 786 3021 sequi
809 2932 863 3001 vel
883 2933 1059 3004 Platonem
1078 2936 1134 3006 vel
1148 2934 1225 3007 Ari-

144 3063 300 3134 stotelem
324 3059 491 3154 potuisse,
509 3055 572 3127 sed
589 3053 701 3144 magis
722 3051 827 3123 miror
844 3051 1039 3144 Origenem,
1057 3057 1119 3149 qui
1130 3078 1225 3129 eam-

142 3187 223 3257 dem
249 3181 430 3273 complecti
454 3178 555 3247 visus
582 3174 767 3261 insaniam,
794 3175 940 3268 abipso
971 3177 1134 3251 miratore
1160 3200 1224 3253 suo

142 3319 178 3378 et
198 3304 376 3376 laudatore
392 3299 603 3392 Hieronymo
627 3307 701 3370 eta
727 3299 868 3393 reliquis
895 3298 969 3369 veri
994 3299 1224 3374 sectatoribus

144 3425 271 3499 meruit
290 3424 324 3492 in
341 3420 446 3492 finem
466 3418 633 3490 damnari.
660 3419 788 3492 Verum
811 3444 854 3493 ne
875 3420 1083 3516 Pythagoras
1103 3443 1224 3495 occur-

144 3568 207 3618 sus
233 3567 290 3617 me
310 3542 452 3616 (leviare
471 3540 639 3631 coegerit,
661 3543 717 3613 vir
736 3542 792 3614 ille
810 3542 1062 3636 cuiuscumque
1082 3543 1222 3637 ingenii,

144 3691 278 3742 morum
304 3667 360 3739 illa
384 3674 485 3737 aetate
517 3663 806 3756 gravissimorum
838 3664 914 3749 luit,
948 3665 1225 3759 clarissimaeque

143 3790 339 3874 modestiae,
363 3788 455 3861 unde
475 3797 511 3858 et
531 3787 662 3857 virenti
690 3807 850 3858 summus
882 3787 993 3860 honor
1025 3788 1222 3879 impensus,

143 3922 179 3985 et
199 3913 284 4005 ipse,
303 3919 555 4004 postmortem,
575 3911 723 3982 Deorum
741 3908 884 3981 consilio
897 3910 1096 4003 adscriptus
1109 3920 1175 3996 est,
1190 3921 1225 3983 et

144 4034 269 4105 domus
295 4033 371 4104 eius
404 4033 497 4125 apud
528 4043 687 4127 posteros
713 4051 776 4122 pro
806 4032 935 4124 templo
955 4028 1083 4101 habita.
1111 4032 1223 4105 Huius

143 4177 229 4247 ergo
248 4156 359 4250 prima
381 4154 549 4227 institutio
570 4173 731 4247 quaenam
750 4151 838 4222 luit‘l
856 4154 989 4248 Nempe
1009 4161 1048 4223 ut
1060 4152 1223 4247 discipuli

145 4279 200 4350 sui
231 4277 469 4370 quinquennio
494 4279 643 4348 silerent.
670 4276 849 4346 Praeclare.
876 4277 1024 4347 Stultum
1050 4285 1106 4347 est
1130 4276 1223 4346 enim

146 4401 243 4495 prius
268 4401 359 4471 velle
384 4400 478 4491 loqui
503 4422 607 4492 quam
633 4397 761 4469 discas.
788 4398 960 4470 Caeterum
987 4398 1032 4470 ad
1057 4418 1225 4470 amoven-
