2738 5062
269 639 362 688 ornan
383 636 850 692 commuuimus-ammona
872 640 934 687 xri.
1084 628 1144 691 553

64 775 204 866 l'rigerio
223 773 455 867 consopitum,
477 792 585 867 prope
608 794 698 844 unus
720 794 859 865 semper
878 774 962 845 vitae
982 793 1072 846 meae
1093 785 1144 847 te·

63 919 127 969 nor
146 895 223 979 luit,
237 906 272 968 et
286 917 366 967 oum
387 915 483 988 saepe
497 894 631 967 interim
647 897 721 966 loca
733 895 951 979 mutaverim,
971 895 1028 968 ille
1043 917 1142 967 man-

63 1022 110 1093 sit
129 1016 322 1090 immobilis.
345 1018 443 1088 Hunc
463 1039 566 1089 nemo
588 1028 621 1088 le
641 1016 766 1087 melius
786 1038 894 1089 nosse
906 1015 1021 1090 debet.
1035 1017 1143 1091 Paulo

63 1144 178 1213 minus
199 1138 338 1213 biennio
355 1140 485 1232 hospes
506 1150 588 1211 tuus
604 1139 664 1210 lui.
686 1138 789 1223 Quod
809 1150 892 1211 tunc
911 1138 1030 1212 vidisti
1050 1162 1144 1215 nunc

61 1275 223 1354 agentem
248 1262 377 1354 cogita,
410 1261 476 1332 nisi
507 1262 588 1354 quia
621 1284 693 1355 quo
716 1262 830 1353 magis
855 1261 1072 1357 progredior,
1099 1282 1143 1335 eo

62 1386 176 1478 magis
196 1386 365 1468 accelero,
384 1394 421 1456 et
436 1405 501 1455 ceu
513 1384 630 1455 lessus
644 1384 758 1456 viator
769 1383 814 1456 ad
826 1405 1013 1478 vesperam
1027 1384 1144 1459 adhuc

61 1508 178 1599 lon'gae
196 1507 266 1577 viae
286 1505 495 1597 cogitatione
520 1505 659 1597 suspiro
679 1517 715 1579 et
733 1507 848 1579 calcar·
873 1506 1019 1589 incutio,
1042 1507 1143 1578 lassi·

62 1629 217 1702 tudinem
238 1628 378 1701 exoutio
398 1638 435 1700 et
453 1648 617 1719 gressum
637 1630 814 1718 ingemino
833 1639 870 1701 et
888 1630 1071 1725 multiplex
1089 1628 1144 1698 vi·

62 1762 108 1823 tae
128 1749 270 1823 radium
292 1749 488 1822 obliviscor.
508 1752 628 1844 ltaque
647 1751 772 1825 diebus
793 1774 835 1824 ac
854 1751 1015 1826 noctibus
1034 1755 1143 1827 vicis-

61 1873 128 1945 sim
149 1874 228 1965 lego
247 1882 283 1944 et
303 1869 432 1956 scribo,
455 1875 603 1947 alterum
622 1896 711 1967 opus
736 1877 871 1948 alterno
896 1879 1059 1949 relevans
1085 1901 1142 1955 so·

57 1975 151 2089 latio,
178 2005 218 2068 ut
250 2014 341 2067 unus
372 1994 472 2069 labor
502 1995 647 2069 alterius
672 1997 811 2089 requies
835 2019 877 2070 ac
897 1999 1057 2072 levamen
1084 2003 1140 2075 sit.

60 2115 160 2189 Nulla
192 2115 278 2187 mihi
308 2114 490 2190 delectatio
521 2116 790 2202 aliunde-nulla
815 2119 959 2192 vivendi
990 2121 1141 2197 dulcedo

59 2241 141 2321 alla3
162 2239 226 2312 sed
246 2238 325 2311 haeo
343 2239 418 2331 ipsa
439 2261 496 2312 me
514 2248 717 2333 praegravat
737 2252 843 2334 atque
864 2256 1008 2318 exercet
1027 2267 1142 2340 usque

59 2363 162 2447 adeo,
186 2373 224 2434 ul
244 2361 310 2435 hac
329 2361 484 2456 dempta,
505 2362 570 2433 vix
595 2361 801 2457 intelligam,
823 2366 918 2440 unde
939 2367 1024 2439 mihi
1044 2368 1142 2443 labor

58 2497 120 2559 aut
139 2484 290 2578 requies.
311 2484 381 2557 Res
404 2484 487 2555 mihi
511 2483 676 2578 equidem
703 2487 792 2561 inter
822 2509 947 2562 manus
968 2501 1139 2575 crescunt,

59 2618 96 2681 el
114 2605 264 2680 subinde
283 2607 361 2679 aliae
381 2617 486 2699 atque
505 2608 584 2679 aliae
603 2607 796 2682 adveniunt
812 2607 1058 2694 absumente,
1079 2633 1142 2684 ve·

60 2751 208 2823 rumque
241 2729 270 2801 si
296 2730 394 2802 lateri
427 2740 575 2822 oportet,
609 2741 716 2802 terret
748 2740 920 2803 metante
945 2743 1141 2826 coeptorum

59 2855 169 2925 moles
190 2852 225 2925 in
245 2866 316 2928 tam
337 2876 446 2949 parva
467 2853 549 2926 vitas
568 2874 660 2925 area.
687 2854 739 2925 lle
769 2862 900 2926 eventu
925 2855 1019 2926 Deus
1043 2852 1141 2927 vide·

60 2976 112 3062 rit,
139 2976 195 3049 cui
227 2977 410 3049 notissima
441 2987 497 3049 est
527 2978 690 3048 voluntas
716 2996 804 3059 mea,
831 2997 937 3067 quam
964 2976 995 3047 si
1020 2976 1139 3050 utilem

58 3100 186 3173 animae
207 3100 354 3185 noverit,
377 3098 557 3172 adiuvabit
576 3120 688 3192 spero.
712 3099 905 3191 Utcumque
924 3111 1041 3172 antem
1062 3100 1139 3194 ipsa

59 3221 127 3293 sibi
158 3224 322 3295 voluntas
348 3233 404 3295 est
426 3222 623 3316 praemium,
646 3219 807 3314 quamvis
831 3221 927 3295 nuda
950 3233 986 3294 et
1010 3223 1138 3316 optatis

59 3342 205 3436 spoliata
226 3340 459 3414 successibus.
481 3344 558 3435 Ego
580 3341 716 3413 interim
742 3340 876 3426 anhelo,
895 3341 1014 3435 vigilo.
1037 3341 1136 3427 sudo,

58 3475 184 3548 aestuo,
207 3465 298 3537 nitor
317 3467 352 3536 iu
374 3465 574 3549 adversum,
597 3477 633 3537 el
654 3463 713 3537 ubi
733 3465 875 3539 densior
896 3466 1137 3539 difficultatum

59 3607 177 3689 sepes,
206 3609 249 3661 eo
280 3589 428 3660 alacrior
447 3608 609 3681 gressum
634 3590 717 3674 lero,
739 3588 815 3682 ipsa
842 3610 959 3663 rerum
985 3587 1138 3661 novitate

58 3729 122 3782 seu
142 3710 329 3804 asperitate
349 3712 522 3784 excitatus
550 3722 654 3806 atque
679 3711 862 3807 impulsus.
884 3711 1007 3782 Certus
1027 3708 1136 3793 labor,

56 3833 191 3906 lructus
217 3835 381 3907 incertus.
415 3834 544 3905 illalum
571 3833 655 3902 mihi
687 3853 871 3904 commune
898 3853 977 3901 oum
998 3828 1136 3901 ceteris

57 3954 210 4027 studium
233 3954 300 4027 hoo
325 3954 506 4047 ingressis.
528 3952 589 4023 His
611 3953 743 4025 intento
762 3951 922 4023 defluunt
941 3960 1135 4041 temporum

56 4077 227 4170 reliquiae,
250 4090 285 4150 et
304 4100 461 4170 egocum
485 4076 551 4148 illis
566 4075 609 4148 ad
629 4088 900 4157 extremumeo,
923 4082 959 4145 et
978 4070 1136 4142 mortalis

55 4200 241 4273 immortali
273 4222 413 4295 premor
430 4199 608 4272 exercitio.
629 4200 784 4268 Dextera
809 4192 950 4288 quidem
977 4194 1134 4277 calamiS,

54 4324 176 4394 oculus
190 4323 327 4414 vigiliis,
349 4335 469 4417 pectus
483 4323 577 4394 curis
592 4319 759 4394 atteritur.
773 4320 880 4390 Totus
900 4316 967 4388 iam
986 4314 1136 4389 obdurui

55 4454 159 4536 utrque
172 4444 348 4538 percallni,
365 4458 402 4517 nt
414 4445 589 4516 Ciceronis
604 4442 709 4515 nostri
726 4439 940 4523 sorbentur,
956 4440 1033 4511 etsi
1049 4441 1135 4511 lorlc
