2738 5062
144 672 204 735 358
479 679 520 727 bu
541 678 642 727 REBUS
662 677 884 728 rtttttttltuttts

147 817 220 889 sole
244 812 404 895 lucidior,
439 833 616 903 nunquam
643 820 759 882 tamen
791 810 871 883 ideo
895 808 1129 882 lldebrandini
1158 814 1232 900 tui,

146 958 251 1032 quem
284 944 323 1007 ut
354 932 549 1005 Mediolano
580 931 663 1003 olim
687 930 927 1016 Ambrosium,
954 932 1005 1004 sic
1026 930 1087 1003 tibi
1112 954 1234 1026 nuper

145 1060 348 1154 episcopum
373 1057 484 1126 Roma
505 1053 705 1134 transmisit,
723 1054 855 1125 clarum
876 1073 1000 1125 nomen
1020 1053 1235 1126 obscurabi-

147 1191 203 1251 tur
217 1204 225 1261 ς
246 1199 423 1269 nunquam
440 1176 532 1247 fama
550 1174 725 1256 morietur,
744 1196 850 1265 quam
867 1173 901 1243 in
918 1175 1008 1246 coelo
1025 1174 1152 1247 vivens
1169 1176 1233 1249 ille

147 1300 267 1369 viram
294 1297 394 1389 liquit
412 1297 448 1366 in
469 1296 591 1378 terris3
618 1306 654 1367 et
673 1294 754 1367 licet
774 1294 850 1386 ipse
870 1293 972 1367 bonis
992 1318 1085 1367 nunc
1104 1296 1233 1371 ineffa-

149 1418 276 1489 bilibus
292 1416 476 1489 abundans
500 1414 677 1509 popularis
696 1436 793 1486 aurae
816 1417 973 1489 favorem
993 1415 1232 1512 plausumque

147 1560 217 1611 non
242 1539 367 1631 cupiat,
394 1559 498 1631 quem
524 1536 641 1609 adbuc
664 1537 701 1607 in
726 1556 832 1608 carne
856 1535 994 1631 positus
1014 1537 1085 1608 alto
1108 1536 1230 1610 animo

147 1659 331 1755 despexit,
357 1682 478 1734 carere
502 1672 618 1732 tamen
642 1679 699 1744 eo,
726 1658 792 1730 etsi
815 1657 918 1731 valde
942 1658 1034 1743 velit,
1060 1670 1228 1751 nequeat.

146 1783 232 1855 Haec
248 1783 370 1876 gloriae
389 1794 513 1855 natura
530 1793 607 1864 est;
629 1781 802 1873 fugientes
819 1778 1055 1871 consequitur,
1073 1780 1229 1855 celebrat

146 1907 204 1975 rel
225 1903 362 1988 invitos,
381 1914 418 1975 et
438 1924 531 1998 saepe
549 1904 692 1975 nimium
714 1902 768 1973 sui
786 1900 931 1994 cupidos
949 1902 1097 1993 fugitiva
1116 1902 1229 1976 desti·

147 2027 222 2098 tuit.
255 2026 437 2110 Quomodo
474 2037 590 2096 autem
621 2025 719 2098 rivus
748 2032 922 2096 aresceret
954 2023 1097 2117 perenni
1131 2026 1229 2097 fonte

146 2146 377 2229 descendens,
404 2158 465 2218 aut
489 2146 665 2238 quomodo
694 2146 778 2218 solis
810 2146 908 2218 radio
940 2146 1098 2237 percussi
1122 2145 1228 2220 densi

146 2266 302 2360 corporis
319 2266 443 2338 umbra
459 2265 649 2339 deficeret?
666 2266 835 2359 Equidem
859 2265 950 2339 unde
966 2269 1057 2339 lama
1073 2267 1227 2341 bominis

145 2387 315 2478 originem
336 2388 445 2471 ducit,
468 2397 505 2457 et
535 2389 636 2459 cuius
664 2388 788 2461 umbra
813 2398 883 2473 est,
914 2390 1026 2461 virtus
1053 2390 1130 2485 ipsa
1155 2410 1227 2463 non

147 2505 302 2577 moritur.
328 2506 431 2577 Facio
456 2527 523 2598 ego
548 2508 672 2579 fratres
694 2509 728 2579 in
754 2509 810 2581 bis
836 2510 971 2593 litteris,
992 2509 1088 2603 quod
1113 2510 1227 2584 divini

146 2628 315 2699 sermonis
337 2628 526 2701 auctoritas
547 2628 663 2712 iubet3
682 2652 750 2701 non
771 2631 875 2703 laudo
895 2630 1071 2703 bominem
1096 2632 1130 2703 in
1152 2633 1226 2707 rita

146 2772 219 2836 sua,
239 2752 304 2824 sed
325 2761 363 2822 ut
379 2752 427 2823 ait
445 2751 663 2836 Ambrosius,
684 2752 789 2824 laudo
810 2763 888 2848 post
908 2754 1111 2846 periculum,
1133 2777 1227 2851 prae-

144 2875 222 2946 dico
236 2895 408 2958 securum,
423 2874 527 2948 laudo
544 2874 675 2947 felicem
689 2875 809 2947 mundi
823 2884 973 2959 nautam,
989 2874 1052 2947 sed
1068 2877 1103 2947 in
1120 2889 1226 2971 portu

144 2996 222 3068 ooeli
239 3016 386 3069 ancoras
404 2994 614 3068 habentem:
641 2980 886 3070 laudo'ducem
905 2997 940 3067 in
957 2998 1116 3069 terrestri
1132 3020 1226 3092 prae·

122 3115 190 3217 ‚lio
209 3118 408 3209 gloriosum,
430 3118 493 3190 sed
512 3120 547 3189 in
566 3120 697 3190 coelesti
717 3120 844 3210 palatio
863 3127 899 3189 et
918 3118 953 3188 in
970 3140 1053 3190 areu
1069 3119 1226 3193 aetbereo

144 3240 436 3332 triumphantem
455 3261 525 3310 non
544 3239 639 3333 quod
659 3262 715 3312 me
735 3241 880 3313 multum
903 3251 1026 3332 urgeat
1045 3238 1104 3311 illa
1124 3242 1223 3328 ratio,

144 3380 189 3429 ne
209 3360 386 3432 laudatum
405 3369 512 3433 tentet
529 3362 640 3447 elatio,
659 3362 716 3434 cui
733 3384 909 3455 nunquam
928 3363 974 3434 ad
991 3362 1083 3435 illius
1100 3352 1242 3458 pectus⁴

143 3479 360 3552 notissimam
379 3483 581 3555 humilitatis
598 3506 711 3556 arcem
729 3483 844 3555 aditus
860 3484 939 3553 luit:
957 3504 1022 3556 seu
1040 3505 1085 3555 ne
1100 3498 1227 3560 noceat

143 3600 296 3675 adulatio
317 3601 478 3686 laudanti,
501 3605 560 3696 qui
581 3628 703 3697 parum
724 3615 827 3688 certe,
850 3606 909 3697 qui
930 3606 1044 3698 tepide
1064 3607 1110 3678 de
1129 3606 1225 3680 illius

144 3725 246 3798 laude
263 3722 358 3817 loqui
379 3723 500 3808 timeo,
527 3728 610 3818 quia
629 3726 696 3797 viri
717 3725 837 3819 optimi
863 3728 1078 3799 sanctitatem
1099 3748 1226 3822 peorta-

145 3844 229 3917 toris
253 3844 402 3917 hominis
428 3846 537 3919 verba
558 3869 626 3919 non
651 3856 805 3940 aequant.
830 3848 960 3919 Verum
985 3858 1103 3920 autem
1128 3850 1226 3945 loqui

144 3986 271 4059 spero:
297 3966 363 4040 hcc
385 3968 466 4052 scic,
487 3968 583 4061 quod
604 3991 670 4041 non
692 3970 849 4043 mentior.
871 3969 962 4053 Quid
978 3971 1071 4042 enim
1088 3970 1225 4047 adulari

144 4089 292 4180 cogitem
316 4094 452 4185 sepulto
473 4090 567 4185 quod
587 4093 721 4165 viventi
741 4093 939 4178 noluissem,
966 4103 1028 4165 aut
1047 4096 1226 4186 quomodo

141 4209 288 4283 audeam
308 4235 423 4286 coram
446 4215 563 4288 omnia
583 4215 723 4288 vidente
745 4214 892 4299 mentiri,
914 4217 1008 4308 quod
1028 4236 1146 4288 coram
1165 4239 1226 4291 eo-

139 4330 221 4403 dem
242 4331 325 4403 dum
345 4334 460 4406 adbuc
486 4335 575 4408 intra
595 4357 799 4430 corporeum
825 4339 1040 4429 ergastulum
1065 4336 1226 4411 inclusus

98 4464 103 4473 '
140 4455 228 4525 sorte
245 4454 446 4527 humanitus
462 4457 531 4527 lalli
548 4469 676 4551 posset,
698 4480 807 4531 ausus
825 4480 894 4530 non
911 4458 1081 4531 luissem‘l
1099 4461 1226 4535 Testor
