2738 5062
359 654 451 705 amun
472 650 722 703 suuusnsuutus.
735 647 939 699 -aatsrona
959 649 1000 697 tv.
1159 633 1215 695 527

138 795 239 871 cedo.
261 791 362 873 Vale,
385 790 518 871 Caesar,
538 798 576 859 et
597 786 685 868 vive,
706 797 741 857 et
756 776 880 868 vince,¹
895 796 931 856 et
959 785 1089 875 impera
1109 781 1219 853 nostri

142 938 289 993 memor.

286 1056 444 1125 Mediolani,
460 1054 494 1111 V.
511 1054 576 1111 llus
589 1055 710 1111 Martias.

572 1483 750 1547 EPISTULA
771 1483 804 1546 V.

144 1678 343 1733 autuctscus
364 1676 532 1729 Parauaea
558 1675 657 1725 nomo
683 1674 891 1727 antuhlllco
918 1676 1076 1726 psallatis!
1096 1676 1122 1725 S.
1144 1676 1171 1726 P.
1194 1676 1224 1726 D.

369 1877 470 1932 Secum
483 1891 548 1930 eum
562 1873 637 1929 domi
652 1890 709 1930 suae
724 1890 854 1931 mansum
868 1875 973 1931 invitat.

247 2130 393 2226 Scripsit
423 2128 626 2202 adolescens
652 2138 771 2202 noster
796 2128 859 2201 tihi
884 2130 1002 2204 nescio
1033 2130 1134 2225 quid3
1161 2132 1229 2202 imo

147 2275 236 2330 vero
265 2251 385 2328 nescio
411 2251 543 2345 quihus
574 2250 693 2324 verbis
718 2262 780 2324 aut
803 2252 969 2345 qualiter:
995 2253 1080 2347 quill
1112 2263 1230 2327 autom

148 2377 234 2451 scio.
261 2373 410 2469 Scripsit
428 2383 545 2446 autem
570 2394 640 2444 non
665 2383 704 2446 nt
729 2373 891 2469 precibus
912 2384 946 2447 te
966 2385 1139 2468 gravaret
1168 2373 1231 2447 sed

151 2510 189 2574 ut
221 2498 376 2572 animum
409 2497 607 2588 exploraret
632 2506 743 2580 tuum,
766 2517 876 2589 quam
902 2517 1032 2590 pronus
1065 2506 1162 2568 esset
1185 2497 1231 2568 ad

149 2621 348 2695 convictum
368 2626 537 2690 nostrum.
560 2617 731 2690 Caeterum
752 2638 833 2710 quae
852 2639 900 2687 ax
920 2618 979 2689 illo
995 2618 1138 2701 audisti,
1161 2639 1231 2709 quo

150 2741 248 2817 dubii
267 2739 353 2815 nihil
373 2749 461 2812 aetas
490 2735 658 2810 infirmior
676 2748 711 2809 et
732 2738 777 2809 ad
799 2745 915 2831 optata
946 2737 1230 2831 consequendum

152 2882 311 2961 praeceps
330 2859 454 2955 pariat,
473 2881 520 2931 ex
537 2880 594 2931 ms
610 2859 728 2930 forsan
747 2859 846 2950 cupis
866 2857 999 2930 audire.
1020 2855 1147 2950 Accipe
1169 2857 1232 2948 igi-

153 2996 221 3071 tur,
243 2991 280 3055 et
307 3004 355 3055 ex
375 2980 496 3074 paucis
523 2982 633 3051 multa
658 2979 943 3073 comprehendes.
966 2983 1039 3051 Hoc
1057 2981 1154 3050 velut
1175 3001 1232 3051 so·

155 3105 292 3179 cialium
310 3114 489 3198 pactorum
506 3100 776 3195 chirographum
790 3100 929 3174 habeto.
945 3101 1053 3193 Cupio
1070 3099 1231 3192 equidem

156 3236 202 3300 la:
224 3247 293 3298 non
310 3224 455 3317 ignarus
477 3245 682 3314 magnorum
699 3222 760 3295 tihi
777 3246 818 3295 ac
838 3223 1100 3317 praepotantium
1121 3221 1234 3295 homi-

155 3371 238 3425 num
272 3349 370 3419 aulas
397 3354 528 3440 patere,
548 3344 680 3420 sedita
707 3345 791 3415 mihi
824 3346 998 3439 persuasi,
1027 3344 1151 3416 melius
1172 3341 1235 3414 tihi

156 3471 309 3545 futurum
329 3477 450 3541 nostra
468 3490 547 3541 cum
567 3475 781 3562 paupertate,
801 3489 1004 3560 quamnam
1026 3467 1160 3539 illorum
1182 3466 1259 3539 di·’

156 3592 268 3677 vitiis,
294 3591 325 3663 si
357 3589 446 3661 hene
471 3589 625 3660 animum
656 3597 752 3659 tuum
778 3590 873 3663 novi.
895 3590 1035 3661 Dulcior
1059 3599 1115 3660 est
1142 3590 1234 3660 enim

156 3714 305 3788 honesta
320 3722 509 3806 paupertas
524 3732 604 3782 cum
626 3710 753 3796 amico,
775 3734 878 3805 quam
898 3712 966 3785 suh
989 3713 1128 3785 domino
1147 3710 1238 3784 divi-

159 3834 216 3905 tiae
233 3834 408 3927 ingentes,
424 3832 618 3924 praesertim
638 3831 817 3918 libertatis
836 3835 962 3928 quietis
981 3842 1016 3904 et
1032 3830 1237 3922 frugalitatis

159 3952 277 4037 avido,
299 3955 438 4047 qualem
466 3963 498 4023 te
525 3953 554 4024 si
583 3963 706 4024 natura
732 3974 800 4024 non
825 3955 981 4037 lecisset,
1006 3962 1043 4023 ut
1067 3972 1235 4041 auguror,

159 4074 314 4147 studium
331 4075 420 4146 fecit.
437 4075 533 4145 Neve
551 4074 764 4167 paupertatis
785 4097 910 4147 nomen
928 4078 1015 4147 forte
1035 4073 1096 4145 tibi
1116 4093 1237 4164 suspe-

159 4207 251 4269 ctum
271 4196 330 4280 sit,
349 4198 436 4269 scito
454 4207 491 4267 ut
507 4200 637 4267 nullum
661 4197 828 4280 sordidae,
847 4200 978 4268 nullum
996 4208 1134 4269 moestae
1151 4196 1239 4267 indi·

159 4318 288 4408 gentiae
308 4320 422 4391 locum
442 4338 537 4401 esse,
559 4318 609 4387 sio
625 4318 787 4391 sollicitas
807 4328 987 4410 etgraves
1011 4318 1092 4391 hinc
1111 4318 1237 4390 abesse

159 4437 312 4511 divitias.
328 4437 545 4529 Comparatio
563 4438 636 4508 sola
649 4448 706 4509 est
719 4462 801 4532 quae
818 4443 924 4532 vulgo
941 4441 1081 4513 divitias
1098 4450 1134 4511 et
1153 4459 1237 4531 pau·
