2738 5062
486 673 524 718 til:
546 673 643 720 ltllllt's
668 672 888 720 illuminandis

566 956 740 1020 EPISTULA
760 956 805 1018 111.

332 1142 523 1191 Falactscos
545 1142 713 1191 verniliter
735 1143 910 1192 FRANCISCO
931 1143 1037 1193 PRlOlll

390 1247 580 1296 SANCTORUM
601 1246 831 1296 apostoloram
852 1248 877 1295 S.
900 1246 927 1294 P.
949 1248 979 1296 D.

229 1426 264 1481 Se
278 1427 351 1480 euris
365 1425 496 1480 obrutum
512 1434 603 1480 tamen
618 1426 652 1479 ad
668 1425 844 1481 scribendum
859 1426 961 1480 amoris
975 1425 1001 1478 vi
1016 1424 1139 1496 impelli:

418 1532 489 1586 aegre
505 1516 587 1570 nimis
600 1515 629 1568 in
644 1515 720 1569 curia
734 1515 825 1570 adhuc
838 1516 949 1570 morari.

245 1790 428 1881 Nunquam
453 1799 519 1859 tam
541 1786 714 1860 obstinato
731 1789 865 1860 silentio
882 1786 1022 1859 deditus
1042 1790 1106 1870 sui,
1128 1786 1219 1880 quod

145 1912 244 1985 facile
265 1921 324 1982 tua
345 1911 507 1982 mellillua
527 1933 597 1982 vox
619 1933 686 1981 non
708 1912 789 1980 milri
812 1923 933 2006 posset
954 1921 1143 1984 excutere:
1169 1909 1219 1983 id-

146 2057 214 2128 que
233 2057 311 2105 cum
335 2055 430 2127 saepe
450 2034 550 2113 alias,
575 2045 647 2104 tum
667 2034 770 2106 hodie
803 2056 880 2107 sum
901 2043 1081 2127 expertus.
1103 2032 1220 2105 Taedio

145 2156 285 2249 quidem
306 2154 448 2224 allectus
480 2164 515 2226 et
546 2155 580 2224 in
615 2155 734 2250 primis
765 2179 881 2227 rerum
902 2155 1083 2227 curialium
1104 2159 1219 2227 fessus

145 2300 251 2349 eram.
267 2276 496 2347 Accesserant
512 2276 697 2348 familiares
710 2278 867 2370 epistolae
884 2279 929 2351 ad
945 2278 1091 2363 amicos,
1106 2279 1220 2351 conci·

149 2422 225 2483 veS,
252 2399 297 2471 ad
321 2410 485 2470 externos
512 2420 650 2491 quoque
675 2400 743 2471 sub
767 2402 857 2473 idem
885 2413 1020 2495 tempus
1047 2402 1218 2495 plurimae.

147 2519 313 2606 Quamvis
344 2520 435 2591 enim
464 2518 609 2601 invitae,
632 2520 831 2592 melioribus
867 2522 1077 2595 subductum
1110 2523 1218 2608 curis,

144 2667 214 2717 uon
234 2645 401 2735 exiguum
422 2642 516 2713 iniis
537 2653 674 2735 tempus
691 2644 866 2735 expendo,
889 2657 1033 2736 cogente
1051 2667 1219 2718 verecun-

145 2767 211 2851 dia,
230 2790 275 2839 ne
288 2776 349 2838 aut
368 2789 447 2838 cum
467 2764 585 2837 amicis
607 2767 772 2874 rationem
790 2767 850 2840 otii
869 2790 935 2839 non
954 2766 1095 2852 habere,
1115 2790 1217 2861 quam

146 2892 340 2965 habendam
361 2893 444 2963 Cato
464 2890 612 2975 censuit,
637 2899 674 2961 ut
694 2891 797 2976 nosti,
817 2901 877 2962 aut
892 2891 1032 2962 omuino
1054 2912 1219 2985 spernere

146 3017 266 3088 videar
286 3038 306 3085 a
326 3015 454 3108 quibus
488 3013 563 3108 ipse
590 3035 659 3084 non
693 3036 846 3109 spernor.
871 3013 1021 3084 Tandem
1046 3015 1153 3107 igitur
1177 3016 1217 3085 iis

144 3141 177 3210 in
201 3138 305 3211 rebus
326 3159 453 3227 magna
472 3137 540 3206 dici
563 3148 659 3228 parte
679 3147 899 3229 consumpta,
925 3158 1149 3208 surrexeram
1170 3141 1218 3209 lc·

144 3262 213 3331 rias
234 3268 375 3330 acturus
401 3255 447 3327 ad
467 3278 667 3348 vesperam,
695 3257 779 3328 dum
805 3281 885 3330 ecce
911 3270 1052 3351 repente
1078 3270 1137 3330 tua
1164 3282 1217 3331 me

143 3381 253 3452 dulcis
280 3380 423 3473 epistola
450 3400 554 3447 manu
575 3378 801 3471 prehensum,
829 3381 924 3473 quod
948 3381 1015 3452 dici
1038 3384 1144 3466 solet,
1165 3405 1218 3453 rc-

146 3503 250 3574 traxit
281 3500 326 3572 ad
361 3502 546 3583 calamum,
581 3511 616 3572 et
649 3502 798 3574 scribere
822 3504 936 3588 iussit,
961 3515 998 3573 ut
1018 3503 1065 3574 ait
1088 3504 1214 3577 Cicero.

143 3625 310 3696 Videbam
332 3623 423 3693 illam
445 3645 613 3719 responso
632 3645 839 3718 magnopere
856 3649 923 3698 non
941 3648 1060 3718 egere,
1084 3627 1147 3698 sed
1166 3628 1215 3697 iu-

143 3747 248 3818 vabat
268 3747 414 3839 colloqui
435 3746 611 3818 ethoram
636 3746 740 3819 lando
770 3748 960 3820 traducere.
991 3750 1049 3819 llla
1073 3751 1214 3842 quidem

143 3879 212 3941 teta
232 3882 287 3941 est
307 3891 403 3941 amor
420 3879 455 3941 ct
472 3869 622 3941 charitas
640 3880 675 3939 et
697 3868 783 3941 fides
801 3882 837 3941 et
855 3871 1031 3943 urbanitas
1052 3883 1088 3943 et
1108 3873 1212 3967 lepos.

140 3995 249 4065 Multa
282 4005 363 4065 sunt
395 3994 524 4089 quibus
554 3994 678 4065 melius
712 3995 857 4066 tacendo
883 3995 1106 4089 respondeas.
1128 3994 1214 4079 Quid

141 4119 306 4200 enimet
330 4119 483 4191 omittam
509 4129 646 4203 caetera,
675 4119 720 4189 illi
746 4119 867 4189 faciam
894 4119 1072 4211 particulae
1099 4119 1157 4189 ubi
1183 4128 1212 4187 te

139 4241 272 4311 felicem
294 4263 399 4312 vocas
420 4243 479 4334 qui
501 4265 577 4313 mco
599 4254 750 4335 tempore
769 4243 840 4311 vita
858 4240 1006 4311 smeris‘?
1027 4240 1118 4325 Quid
1136 4263 1212 4313 sua·

140 4362 235 4445 vius,
258 4361 342 4455 quid
363 4362 507 4433 amicius
532 4364 596 4434 dici
616 4368 751 4456 potest?
771 4364 807 4435 ld
829 4386 910 4435 sane
930 4361 974 4432 de
995 4364 1134 4437 Socrate
1151 4384 1211 4437 suo

142 4486 255 4557 (licere
277 4484 397 4557 solitus
420 4486 525 4555 fertur
547 4488 654 4557 l‘lato.
679 4487 790 4579 Atqui,
812 4498 846 4557 ut
867 4489 972 4557 mullo
990 4488 1148 4560 Socrates
1165 4489 1210 4557 le-
