2738 5062
188 606 247 667 330
527 620 568 667 ne
590 620 691 669 nunus
712 619 934 668 rammnnrnus

190 764 304 829 autern
327 777 409 827 vera
430 757 500 827 scis
520 755 673 825 animum
695 777 822 826 meum.
842 755 980 848 Siquid
1000 755 1173 849 estquod
1190 757 1286 829 mihi

190 880 321 971 placeat
341 877 375 946 in
397 876 514 959 terris,
542 877 578 946 iu
604 875 701 947 ltalia
726 886 797 947 est:
824 898 888 947 nec
913 874 1110 947 miraberis:
1132 898 1217 948 uam
1245 890 1287 951 et

190 996 236 1067 ibi
258 997 367 1091 patria
386 1006 441 1069 est
462 1007 597 1079 nostra,
619 1006 717 1068 elea
737 996 888 1069 conditio
908 998 1063 1068 locorum
1089 1007 1128 1069 ut
1152 998 1285 1070 alieni-

189 1143 298 1213 genas
319 1120 423 1191 etiarn
444 1119 682 1210 barbarosque
707 1120 865 1191 delectet.
892 1121 949 1190 Ex
980 1119 1124 1190 diverso
1156 1130 1283 1193 autem

189 1265 233 1315 ea
253 1254 307 1315 est
325 1263 388 1312 seu
406 1263 483 1313 mea
505 1263 582 1313 sors
604 1263 666 1313 seu
688 1243 807 1313 leritas
828 1243 1022 1314 accolarum
1046 1251 1083 1312 nt
1103 1241 1187 1314 inde
1206 1243 1282 1315 iam

190 1364 323 1437 dudum
345 1374 467 1458 sponte
487 1365 663 1448 exsulem,
689 1376 724 1436 et
749 1364 844 1457 quod
869 1368 957 1436 torte
977 1363 1181 1448 miraberis,
1208 1366 1281 1438 nisi

190 1485 270 1579 quia
284 1508 348 1556 nec
365 1484 514 1579 idipsum
530 1507 661 1556 novum
675 1485 789 1571 audis,
807 1507 871 1558 nec
882 1486 995 1569 eliam,
1013 1495 1051 1557 ut
1063 1506 1159 1579 saepe
1175 1487 1277 1573 aliae,

191 1603 235 1674 ad
256 1603 400 1674 Fontem
417 1604 551 1695 Surgiae
568 1604 752 1699 respirem,
772 1625 854 1674 rure
871 1604 960 1697 inopi
977 1614 1013 1675 et
1029 1612 1190 1695 angusto,
1211 1606 1280 1679 sed

194 1725 349 1798 solitario
374 1736 411 1798 et
435 1727 630 1819 tranquillo,
665 1735 701 1798 et
733 1726 763 1797 si
790 1747 870 1798 cum
904 1727 1024 1797 multis
1047 1727 1280 1820 opimioribus

190 1854 362 1935 conferas
382 1852 416 1921 in
435 1850 555 1943 primis
573 1849 713 1945 optabili
735 1848 850 1921 studia
870 1850 1019 1921 honesta
1034 1859 1071 1921 et
1087 1849 1199 1923 otiosa
1218 1873 1280 1925 se-

189 1972 374 2044 ctantibus.
396 1972 559 2056 Proinde,
582 1972 675 2065 quod
696 1972 742 2044 ad
768 1974 880 2045 locum
906 1971 1043 2056 attinet,
1071 1971 1196 2043 vivere
1219 1972 1279 2047 bic

191 2115 329 2186 possem
363 2093 596 2185 quietissime,
623 2094 690 2164 nisi
714 2095 869 2166 externis
894 2107 1058 2189 qualerer
1081 2094 1210 2167 ventis.
1237 2098 1278 2169 ln

190 2215 266 2308 ipso
287 2215 392 2306 igitur
414 2226 514 2306 portu
536 2217 662 2286 timens
684 2218 791 2288 multa
815 2217 1077 2312 circumspicio,
1104 2217 1168 2290 sed
1193 2234 1278 2291 ante

193 2339 309 2409 omnia
331 2336 442 2408 vicina
464 2337 641 2432 Babylone
666 2340 859 2424 deterreor,
880 2363 984 2433 quam
1011 2361 1191 2413 romanam
1216 2365 1278 2416 cu·

192 2461 276 2532 riam
298 2459 429 2531 dicunt.
457 2443 593 2545 llirum,
620 2483 699 2532 curn
725 2462 809 2531 nihil
837 2463 951 2534 minus
977 2485 1082 2555 quam
1108 2485 1276 2549 romana,

191 2581 275 2652 nibil
296 2581 342 2651 illi
366 2603 514 2675 usquam
537 2581 686 2654 invisius
707 2584 814 2656 Roma
836 2584 891 2656 sit.
909 2584 1021 2656 Huius
1040 2596 1134 2658 certe
1154 2587 1280 2659 vieini-

192 2716 245 2777 tas
270 2728 311 2777 ac
335 2716 539 2800 prospectus
565 2706 720 2800 odorque
748 2706 909 2779 terribilis
933 2718 968 2780 et
994 2707 1145 2781 felicitati
1170 2709 1278 2781 nimis

192 2829 339 2902 infestus
359 2840 427 2913 est;
448 2829 503 2900 ille
525 2852 581 2901 me
598 2832 655 2901 vel
675 2833 770 2903 solus
790 2832 870 2903 binc
887 2834 1044 2927 pelleret,
1063 2842 1102 2903 ut
1118 2833 1277 2906 omittam

191 2953 444 3047 praeteritarum
481 2952 644 3047 reliquias
671 2940 1045 3050 tempestatumque
1072 2965 1109 3026 ut
1133 2957 1180 3029 de
1206 2966 1277 3028 tam

191 3075 385 3169 propinquo
412 3097 523 3168 usque
550 3076 582 3144 in
610 3076 702 3146 bunc
726 3086 864 3170 portum
895 3088 1165 3169 conquassatam
1191 3079 1278 3150 vitae

191 3199 383 3270 naviculam
406 3210 673 3291 persequuntur.
701 3198 819 3270 ’lolius
847 3198 986 3270 tandem
1011 3199 1279 3273 consultationis

192 3320 249 3390 bic
268 3330 322 3390 est
343 3319 433 3391 linis.
454 3322 565 3405 Quem
588 3332 669 3392 ante
687 3341 797 3392 annos
818 3320 936 3413 viginti
955 3321 983 3391 si
1003 3342 1071 3392 uon
1088 3320 1219 3393 oblitus
1236 3342 1277 3395 es

192 3463 342 3513 noveras
364 3466 538 3536 nusquam
560 3443 722 3516 libentius
744 3465 848 3536 qnam
871 3443 991 3514 Romae
1016 3465 1111 3527 esse,
1133 3453 1169 3514 et
1189 3443 1279 3515 liris·

192 3587 264 3638 sem
288 3587 427 3659 semper
448 3567 478 3636 si
499 3567 636 3638 lortuna
655 3567 874 3663 permisisset
887 3589 963 3640 mea
978 3566 1057 3661 (dici
1072 3565 1165 3636 enim
1179 3567 1278 3639 nullo

191 3698 312 3785 posset
331 3685 469 3779 eloquio
500 3689 620 3779 quanti
653 3689 779 3761 faciam
806 3690 998 3782 fragmenta
1032 3690 1088 3759 illa
1121 3688 1278 3780 gloriosa

193 3811 323 3904 reginae
346 3806 480 3880 urbium
517 3811 704 3903 ruinasque
737 3811 941 3904 magnificas
974 3820 1009 3884 et
1042 3809 1192 3903 vestigia
1220 3811 1277 3881 illa

193 3943 263 4004 tam
284 3936 392 4005 multa
411 3943 446 4005 et
467 3944 535 4004 lam
557 3935 650 4006 clara
677 3934 842 4005 virtutum
871 3957 934 4006 seu
959 3935 1052 4018 coeli,
1081 3955 1145 4005 seu
1173 3942 1278 4004 terrae

191 4056 258 4129 iter
270 4059 440 4151 ingressis
459 4062 575 4131 lumen
594 4061 813 4153 praeferentia
827 4058 1005 4152 finemque
1017 4056 1275 4143 monstrantia),

191 4190 227 4252 et
247 4204 338 4253 nunc
373 4181 472 4254 solito
505 4182 607 4253 etiam
642 4181 803 4274 cupidius
829 4181 863 4251 in
885 4181 1007 4253 eadem
1030 4179 1131 4264 urbe,
1154 4178 1275 4251 dicere

192 4306 317 4375 vellem
346 4327 448 4398 posse
473 4306 653 4390 semiruta,
676 4304 760 4377 vitae
785 4304 890 4377 buius
914 4306 1276 4400 quantulumcumque

191 4437 354 4521 superest·
373 4450 488 4519 agere.
510 4428 677 4500 Omnibus
699 4449 805 4522 prope
827 4430 927 4501 lactis
948 4429 1076 4500 nullam
1104 4427 1217 4519 magis
1239 4426 1275 4496 in
