2738 5062
314 700 318 707 .
390 654 480 702 nunna
501 652 914 702 moneamus-nummus
937 656 987 703 xr.
1166 644 1226 704 203

143 786 253 859 berali
268 808 336 881 pro
353 798 387 858 te
404 790 533 879 gratias
552 811 668 882 agam,
685 789 752 873 fiet
768 790 908 883 quando
924 790 1063 862 omnino
1079 790 1127 864 ita
1139 793 1228 862 velle

144 924 176 981 tc
196 907 317 982 video.
336 911 433 981 Vale.

289 1060 334 1114 nd
350 1060 452 1116 iontem
469 1062 571 1133 Sorgim
586 1061 632 1117 lv.
649 1062 715 1117 lrlus
729 1064 856 1133 Augusti.

535 1519 712 1583 ul’lsl'oln
737 1519 805 1581 llll.

232 1714 428 1779 rnsncrscns
450 1729 617 1778 curulum
640 1731 775 1778 zascurc
796 1731 998 1781 rncnnsrruc
1019 1736 1044 1782 s.
1068 1736 1093 1782 r.
1115 1736 1145 1782 n.

205 1899 289 1966 Quod
304 1898 404 1953 Nisum
416 1903 444 1952 el
459 1897 610 1968 Euryalum
624 1899 696 1953 inter
710 1900 861 1954 illustrium
875 1901 1026 1956 amicorum
1042 1902 1168 1973 exempla

562 2002 618 2041 uon
633 1988 810 2041 recensuerit.

245 2257 297 2327 Ne
314 2256 399 2349 quid
419 2258 657 2348 imperfectum
677 2257 712 2327 in
730 2278 785 2329 mc
806 2258 864 2328 tibi
885 2258 1083 2352 displiceat,
1106 2259 1225 2330 amice.

150 2379 289 2472 Loquor
308 2387 423 2448 autem
454 2378 499 2449 de
528 2377 782 2472 imperfectione
803 2379 957 2464 notabili;
987 2381 1137 2474 alioquin
1159 2403 1227 2452 non

152 2500 263 2572 inme
284 2511 417 2572 tantum
444 2498 508 2572 sed
528 2500 562 2570 in
583 2501 626 2573 iis
644 2503 748 2575 etiam
767 2503 828 2596 qni
854 2507 961 2595 vulgo
981 2503 1226 2598 perfectissimi

152 2625 320 2705 teruntur¹
339 2622 536 2715 imperfecta
560 2635 640 2697 sunt
668 2626 800 2707 omnia;
822 2627 1113 2719 verissimumque
1134 2626 1227 2695 arbi-

154 2757 221 2819 lmr
245 2745 332 2816 illud
357 2747 570 2837 grammatici
599 2750 781 2840 plusquam
808 2748 1063 2838 grammaticalc
1096 2748 1227 2820 dictum

153 2869 185 2940 in
196 2868 362 2941 humanis
375 2868 635 2941 intentionibus:
647 2868 737 2939 Nihil
749 2869 842 2940 omni
852 2891 899 2939 ex
913 2879 1009 2963 parte
1024 2871 1227 2962 perlectum:

152 3014 213 3064 nec
232 2993 351 3063 minus
372 2991 456 3064 illud
477 2991 637 3088 lyricum:
659 2990 750 3060 Nihil
774 2989 820 3061 ab
840 2991 932 3061 omni
955 3001 1052 3083 parte
1074 2990 1225 3061 beatum.

151 3114 289 3199 Fateor,
312 3136 380 3199 me,
398 3116 481 3187 dum
504 3114 600 3208 paria
616 3112 801 3186 illustrium
819 3112 1008 3185 amicorum
1030 3114 1226 3195 numeravi,

148 3238 290 3311 duobus
311 3237 377 3309 illis
398 3236 588 3310 illustribus
608 3237 693 3311 viris
714 3236 887 3318 scribens,
914 3259 1063 3331 quorum
1093 3236 1229 3327 utgln-

149 3364 237 3434 riam
265 3361 315 3433 sic
338 3360 521 3433 amicitiam
548 3362 793 3454 sempiternam
819 3362 932 3456 cupio,
955 3383 1017 3453 par
1047 3382 1153 3432 unum
1179 3360 1230 3429 la·

149 3507 291 3557 mosum
311 3484 463 3556 siluisse:
481 3485 603 3556 Nisum
619 3495 653 3556 et
670 3486 859 3580 Euryalum
878 3484 1061 3576 virgiliano
1076 3483 1230 3555 carmine

150 3610 298 3683 nubiles.
321 3609 429 3703 ldque
447 3631 514 3681 non
532 3608 684 3694 fortuito,
704 3611 768 3682 sed
784 3613 955 3693 consulto,
974 3610 1102 3681 lactum
1122 3608 1227 3678 noris.

151 3731 306 3802 Primum
340 3752 409 3802 non
441 3731 524 3801 mihi
557 3742 680 3804 cuncta
709 3734 905 3826 disquirere
935 3754 976 3804 ac
1008 3732 1229 3804 dinumerare

151 3855 369 3948 propositum
389 3864 478 3936 erat3
500 3856 723 3948 nequeenim
754 3857 789 3929 id
821 3855 979 3948 agebam,
1003 3854 1066 3926 sed
1088 3865 1125 3927 ut
1145 3855 1230 3925 rari-

152 3988 222 4049 tate
241 3977 372 4048 eximia
396 3978 442 4050 ad
466 3978 669 4050 imitandum
690 4000 882 4070 generosos
908 3977 1041 4047 animos
1062 3976 1230 4048 accende-

154 4123 239 4171 rem.
264 4100 405 4194 Aliquot
423 4101 529 4193 igitur
549 4102 738 4173 amicorum
766 4100 861 4194 paria
885 4098 1119 4193 perstringere
1143 4101 1229 4171 satis

155 4221 272 4308 habui,
289 4233 325 4292 ct
342 4223 533 4316 praesertim
557 4226 776 4317 pluraquam
795 4222 929 4306 Ciccro,
948 4221 1008 4315 qui
1029 4221 1063 4292 in
1080 4244 1123 4293 co
1143 4222 1230 4292 libra

156 4346 215 4437 qui
233 4355 379 4419 vocatur
407 4346 526 4416 Loelicu
548 4356 608 4417 aut
627 4344 666 4415 de
691 4345 775 4415 Vera
795 4343 961 4430 Amicitia,
988 4345 1099 4416 tacitis
1121 4345 1230 4414 nomi-

157 4467 259 4539 nibus
281 4467 343 4537 vix
365 4470 428 4541 tria
450 4479 508 4539 ant
528 4481 677 4562 qrratuor
695 4491 740 4539 cx
758 4466 919 4538 omnibus
946 4470 1083 4540 suculis
1105 4467 1230 4538 aurico-
