2738 5062
402 626 495 673 umnn
515 625 925 675 reeordatus-mussent
950 631 987 677 rr.
1184 621 1237 680 183

582 902 757 966 nerstein
780 904 822 966 l'l.

200 1096 403 1146 FRANCISCUS
425 1096 593 1145 Puteanus
616 1096 758 1144 PHILIPPO
779 1098 929 1146 Episcopo
950 1100 1179 1148 C.ll'.ll.thll]NSl

636 1196 662 1242 S.
685 1196 712 1244 P.
735 1198 764 1243 ll.

229 1388 369 1452 Queritur
381 1388 433 1442 sibi
449 1387 483 1441 de
497 1389 555 1442 elus
568 1389 596 1442 in
611 1389 708 1443 nrltem
723 1389 934 1444 Cavallicensem
950 1390 1065 1445 adventu
1084 1392 1152 1445 nibil

546 1480 629 1533 luisse
643 1480 845 1533 renunciatum.

250 1738 290 1806 lu
308 1736 470 1808 Helicona
485 1748 639 1807 nestrum
661 1737 923 1829 transalpinum,
941 1739 999 1830 qui
1022 1752 1075 1810 est
1090 1742 1134 1812 ad
1155 1746 1230 1813 len-

153 1874 219 1931 tem
241 1859 392 1950 Sergiae,
409 1860 476 1929 iam
488 1859 748 1931 senescentibus
766 1860 876 1931 musis
891 1882 998 1945 sacer,
1015 1862 1143 1944 venire,
1164 1863 1229 1932 ibi-

149 2004 219 2077 que
240 2004 298 2053 me
319 1981 395 2053 siue
414 1982 567 2075 quinque
587 1981 663 2052 dies
684 2003 789 2072 agere
809 1981 971 2074 potuisti?
991 1983 1060 2054 Nec
1080 1984 1173 2056 venit
1195 1985 1228 2057 in

149 2114 318 2187 mentem,
337 2116 434 2197 pater
447 2103 698 2186 amantissime,
713 2104 796 2175 dum
809 2126 876 2196 ege
893 2104 1028 2190 absum,
1045 2109 1100 2177 vel
1117 2130 1226 2183 amoe-

146 2353 248 2433 eitur,
271 2350 399 2423 deesse
419 2350 549 2443 aliquid
565 2350 658 2443 quod
684 2352 835 2446 suppleri
859 2353 1015 2425 facillime
1040 2356 1222 2449 potuisset,

146 2498 225 2549 cum
241 2495 360 2545 essem
378 2472 467 2545 adeo
487 2473 699 2568 propinquus
718 2485 757 2545 ut
773 2496 871 2570 paene
891 2477 982 2548 vivis
1004 2498 1142 2569 possem
1162 2501 1224 2550 ve-

147 2599 248 2672 cibus
274 2594 444 2667 excitari?
468 2594 558 2680 Quid
583 2595 687 2687 igitur
714 2597 761 2667 rei
787 2601 865 2667 est?
898 2597 952 2667 dn
978 2599 1065 2667 inter
1092 2609 1140 2670 tet
1160 2622 1221 2669 eu-

147 2742 265 2792 rarum
286 2727 410 2801 aestus,
431 2717 538 2789 breve
558 2717 641 2788 mibi
663 2718 753 2788 ruris
778 2719 829 2789 tui
854 2720 1069 2810 refrigerium
1097 2721 1223 2790 invidi-

147 2844 216 2914 sti‘l
234 2841 306 2913 Sed
337 2843 403 2912 tale
435 2840 564 2934 aliquid
594 2840 762 2933 suspicari
789 2839 947 2932 prohibet
968 2843 1221 2932 spectatissima

146 2967 258 3037 virtus
281 2977 350 3036 tua.
372 2962 425 3033 Au
446 2964 624 3054 indignum
642 2961 833 3032 censuisti?
853 2962 921 3031 Sed
941 2960 975 3031 id
995 2984 1093 3033 amer
1112 2966 1220 3037 notis-

144 3089 255 3161 simus
283 3096 379 3159 vetat
401 3086 509 3169 credi,
536 3087 786 3176 vulgatumque
811 3083 855 3156 de
881 3106 936 3154 me
958 3096 1065 3167 tuum,
1091 3086 1219 3157 utinam

144 3222 213 3283 tam
235 3234 358 3283 verum
380 3233 484 3303 quam
507 3209 587 3279 mite
613 3207 776 3279 iudicium
802 3218 836 3279 et
860 3207 1056 3299 indulgens.
1082 3207 1137 3279 An
1162 3232 1217 3280 me

143 3346 308 3408 vocatum
331 3334 448 3405 venire
474 3335 563 3403 nelle
589 3329 788 3403 credidisti?
808 3330 876 3401 Sed
901 3332 1053 3424 quande,
1081 3355 1214 3426 quaese,

143 3460 231 3534 banc
250 3457 426 3551 superbire
445 3455 674 3549 suspicionem
689 3454 821 3525 merui?
837 3454 890 3526 dn
906 3477 989 3526 vere
1002 3454 1110 3526 laberi
1124 3480 1213 3539 mee,

141 3606 185 3656 an
210 3578 496 3674 occupationibus
531 3577 736 3672 pepercisti?
761 3578 860 3663 Qued
887 3579 914 3648 si
946 3579 991 3649 ita
1023 3591 1089 3661 est,
1113 3581 1214 3650 nimis

141 3728 195 3778 me
231 3725 375 3797 segnem
410 3713 469 3774 aut
503 3701 647 3773 terrenis
677 3722 778 3794 aeque
811 3700 965 3773 tenacius
987 3700 1211 3773 inhaerentem

142 3829 418 3904 aestimas-Pace
444 3826 488 3897 sit
513 3825 641 3898 dictum
668 3838 747 3898 tua:
774 3847 993 3919 quocumque
1017 3847 1073 3895 me
1100 3835 1209 3908 verte,

142 3954 260 4027 neseio
279 3949 365 4043 qnid
386 3949 534 4020 occurrit
555 3950 646 4042 qued
668 3972 722 4019 me
744 3949 861 4019 mirari
881 3958 982 4038 cegat
1008 3947 1073 4019 boc
1099 3949 1211 4020 consi-

141 4078 220 4148 lium
245 4087 355 4147 tuum.
378 4076 425 4144 De
453 4084 484 4143 te
509 4095 594 4165 ergo
615 4073 705 4167 apud
732 4084 764 4142 te
790 4073 902 4164 ipsum
930 4094 1115 4164 quererer,
1143 4075 1209 4144 nisi

140 4199 298 4271 iniuriam
320 4197 401 4266 mibi
424 4196 549 4266 illatam
571 4196 604 4262 in
626 4194 746 4265 libellis
769 4193 895 4264 nestris
913 4194 973 4286 qui
994 4193 1038 4263 ibi
1061 4206 1150 4277 suut,
1175 4208 1211 4267 ut

140 4321 260 4394 litterae
282 4331 351 4392 tuoe
373 4327 548 4401 testantur,
569 4317 785 4410 praedulciter
803 4317 1042 4402 emendasseS,
1065 4319 1209 4411 quibus-

141 4464 216 4513 cum
238 4440 331 4513 lnisti
353 4438 477 4511 diebus
498 4451 532 4510 et
553 4436 709 4510 noctibus
737 4446 805 4508 tam
831 4438 1051 4510 familiariter.
1076 4439 1111 4508 ld
1135 4451 1207 4509 slu-
