2738 5062
979 330 993 349 ἱ

143 626 202 695 Ξοο
474 643 515 689 ou
537 643 637 693 araus
658 642 878 693 rauuuruuus

141 776 288 849 ctionem
317 776 513 848 faventibus
545 778 668 850 animis
701 778 918 857 accedentes,
945 778 1213 852 examinandam

141 898 314 994 petitionis
332 921 418 971 meae
439 922 608 973 summam
631 903 761 974 ineam
784 912 916 999 partem
942 902 1048 974 animi
1072 902 1214 976 induca-

144 1024 201 1106 tis,
223 1044 318 1115 quae,
338 1034 375 1093 ut
395 1024 482 1107 dixi,
502 1027 655 1097 omnium
676 1029 876 1120 passionum
897 1027 1131 1098 humanarum
1150 1047 1211 1097 ne-

143 1145 241 1216 bulas
263 1167 494 1239 supergressa
514 1158 578 1218 est.
601 1149 644 1219 Ut
665 1151 783 1221 valeas
804 1160 895 1245 opto.

282 1290 324 1343 Ad
340 1290 443 1344 fontem
458 1292 560 1362 Sergia
574 1291 621 1345 IX.
639 1291 777 1347 Kalendas
792 1293 873 1347 Iunii.

642 1494 715 1504 ——

552 1705 727 1773 EPiSTOLA
749 1706 804 1768 ΧΥ.

224 1919 416 1968 rnaucrscus
439 1918 604 1966 rernrnca
628 1880 984 1967 znucruro'rsonuurruo
1001 1918 1027 1968 s.
1050 1919 1078 1968 r.
1100 1921 1132 1970 o.

140 2107 246 2164 Laudat
260 2107 333 2178 quod
349 2106 453 2160 Nicolai
468 2107 596 2161 Aeciaioli
610 2107 723 2172 consilio
736 2106 819 2162 fuerit
833 2106 1019 2178 obsequutus,
1035 2109 1118 2181 eique
1132 2125 1212 2183 quem

210 2213 260 2267 pro
274 2196 379 2249 meritis
390 2196 520 2263 celebrat,
532 2214 561 2251 sc
574 2197 717 2268 epistolam
727 2196 843 2250 dictasse
859 2197 980 2250 nunciat.
992 2196 1077 2252 Notat
1086 2198 1213 2271 exiguum

210 2286 237 2337 in
257 2284 376 2337 carmine
396 2283 430 2337 ab
449 2301 480 2337 eo
500 2284 651 2338 admissum
666 2301 801 2339 errorem.
817 2286 906 2356 Rogat
919 2290 951 2340 ut
969 2285 1140 2358 scriptorum
1155 2302 1212 2343 sno·

113 2375 115 2378 ‘
210 2392 273 2428 rum
283 2374 470 2428 defensionem
480 2375 610 2444 suscipiat
624 2374 757 2428 adversus
772 2375 887 2442 invidos,
898 2376 1026 2447 aquibus
1040 2377 1108 2432 satis
1121 2392 1214 2432 casem

211 2463 316 2533 nequit.

238 2738 362 2821 Quanti
384 2738 504 2809 faciam
523 2736 616 2831 qnod
634 2759 653 2808 a
671 2747 704 2807 te
726 2737 810 2806 tanti
829 2735 917 2820 fiam,
935 2736 1030 2808 haud
1047 2737 1147 2808 facile
1164 2734 1215 2806 di-

141 2860 262 2931 xerim.
284 2860 413 2944 Auctor
433 2860 495 2931 tibi
517 2861 649 2932 fueram
671 2859 814 2960 patriam
849 2858 894 2930 ad
924 2871 1076 2954 tempus,
1100 2881 1216 2952 gram·

141 2982 276 3055 maticae
296 2985 433 3056 scholas
454 2985 487 3054 in
510 2994 714 3077 perpetuum
737 2980 963 3073 relinquendi.
987 2979 1139 3051 Paruisti
1162 2978 1215 3051 di·

140 3113 195 3175 cto
211 3127 317 3199 prope
337 3108 448 3187 ocius,
470 3106 649 3197 nodosque
671 3103 889 3198 praevalidos,
906 3101 968 3174 soli
985 3102 1113 3173 natalis
1133 3101 1216 3174 affe-

140 3238 233 3298 ctum
258 3236 293 3297 et
319 3227 578 3298 consuetudinis
605 3228 676 3297 vim
698 3225 880 3318 magnifice
905 3224 1116 3316 confregisti.
1144 3225 1214 3295 lam

142 3349 202 3418 tibi
222 3348 372 3419 debitam
395 3348 586 3420 libertatem
604 3371 674 3442 quo
693 3350 804 3420 serius
821 3370 864 3419 eo
880 3346 1018 3419 dulcius
1036 3357 1147 3445 tenes.
1164 3347 1216 3418 Si·

141 3471 299 3543 cutenim
312 3472 396 3542 uuili
411 3473 562 3545 servitus
573 3473 722 3543 amarior
734 3493 837 3565 quam
853 3472 1045 3542 libertatem
1059 3481 1214 3565 experto,

142 3598 192 3668 sic
208 3594 292 3666 nulli
307 3595 440 3666 dulcior
457 3607 511 3667 est
532 3597 686 3680 libertas,
710 3618 814 3688 quam
834 3596 1037 3667 servitutem
1060 3594 1216 3691 praetcri-

142 3732 210 3791 tam
249 3718 422 3789 recolenti.
462 3719 633 3790 Secundet
666 3721 757 3789 Deus
791 3719 1007 3811 omnipotens
1034 3719 1214 3791 eonsilium

59 3832 62 3837 ’
141 3866 257 3913 meum
271 3840 549 3936 obsequiumque
566 3852 672 3928 tuum¹
687 3852 723 3912 et
739 3841 848 3924 faciet,
870 3864 982 3935 spero.
999 3843 1216 3915 salutiferam

142 3965 185 4036 ad
211 3965 369 4038 umbram
395 3965 598 4037 consedisti:
621 3965 752 4038 auctior
772 3966 987 4058 alacriorque
1010 3986 1216 4061 consurges.

141 4088 244 4181 Apud
265 4114 321 4162 me
340 4102 433 4164 certe
456 4092 524 4163 iam
551 4113 642 4162 nunc
675 4103 709 4161 ct
738 4091 868 4162 honore
888 4089 1024 4179 dignior
1052 4098 1089 4159 et
1120 4091 1217 4161 titulo

142 4211 278 4294 clarior,
300 4236 412 4305 nequo
434 4215 515 4284 mihi
539 4226 668 4284 tantum
689 4213 933 4304 grammaticus
959 4211 1022 4282 sed
1045 4222 1148 4304 poeta
1166 4230 1215 4281 es

145 4335 290 4405 Litteras
308 4335 398 4405 iltius
420 4336 483 4404 viri
501 4338 620 4432 optimi
643 4337 784 4407 maximi
805 4357 882 4406 cum
902 4334 970 4406 tuis
991 4333 1119 4427 accepi,
1142 4332 1217 4426 qui-

145 4458 210 4532 bus
224 4457 306 4551 quid
324 4458 443 4529 faciam
463 4459 589 4533 dubius
609 4483 696 4531 sum.
716 4461 750 4529 Si
767 4459 858 4530 enim
879 4458 1106 4550 respondeam
1124 4454 1216 4549 quod
