2738 5062
333 692 422 740 innan
445 658 944 749 orrrnrusnnarnus.-nrrsronl
967 694 1030 743 vnn
1162 684 1222 745 335

549 973 726 1038 EPlsloll
750 975 816 1038 Vlll.

311 1158 504 1207 rannelsco's
527 1159 694 1209 ΡΕΊἭΑΗΟΑ
718 1160 819 1209 LAELIO
841 1161 900 1211 SUO
923 1163 948 1211 S.
971 1164 998 1211 Ρ.
1021 1164 1051 1213 D.

190 1343 251 1407 Quo
267 1357 296 1395 se
311 1340 382 1394 serat
396 1340 533 1394 incertum
552 1339 657 1394 horare
677 1340 787 1395 animo:
809 1341 905 1395 Romae
924 1346 1017 1397 tamen
1036 1341 1173 1400 desiderio

164 1454 248 1509 quam
264 1437 383 1491 maxime
397 1437 502 1490 teneri:
518 1451 606 1506 eaque
620 1435 655 1491 de
670 1452 700 1490 ro
714 1436 795 1491 amici
809 1436 957 1492 consilium
972 1438 1051 1494 enixe
1066 1440 1196 1510 postulat.

239 1688 323 1756 ltem
345 1686 455 1778 prima
481 1686 593 1755 fronte
621 1683 809 1756 mirabilem
832 1683 982 1757 scribam
1003 1686 1078 1769 tibi,
1102 1689 1165 1761 sed
1193 1690 1220 1759 si

139 1810 185 1882 ad
210 1808 422 1900 praeteritum
450 1819 587 1901 tempus
613 1806 729 1882 animo
756 1807 907 1878 retlexus
938 1830 1053 1880 mores
1080 1832 1176 1883 meos
1202 1836 1223 1883 a

140 1931 250 2025 prima
268 1940 372 2002 aemte
389 1928 450 1999 tibi
464 1929 621 2021 cognitos
639 1931 925 2022 propositumque
943 1931 1118 2024 respicias,
1139 1933 1222 2005 nihil

141 2054 376 2129 admirationis
398 2053 605 2126 habituram.
628 2054 770 2123 Summa
797 2061 865 2134 esn
886 2074 969 2147 pars
997 2054 1117 2126 mnndi
1138 2056 1221 2126 mihi

141 2179 234 2248 nulla
255 2179 381 2270 placet:
402 2195 623 2267 quocumque
642 2174 775 2244 lessam
798 2175 888 2244 latus
906 2182 1019 2258 verto,
1039 2175 1220 2268 veprioosa

140 2302 256 2370 omnia
276 2311 311 2370 et
330 2299 417 2370 dura
439 2298 584 2390 reperio.
608 2296 719 2368 Credo
740 2298 807 2368 iam
834 2308 973 2392 tempus
993 2309 1090 2371 esset
1110 2299 1154 2373 ad
1175 2303 1224 2372 al-

144 2433 252 2492 teram
266 2421 371 2491 vitam
389 2419 655 2510 commigrandi:
675 2420 731 2492 hio
747 2421 854 2503 enim,
875 2422 999 2507 fateor,
1020 2425 1111 2495 male
1126 2445 1221 2509 snm,

143 2543 219 2614 sive
239 2542 315 2612 haec
335 2562 428 2624 mea,
452 2541 528 2611 sive
549 2543 717 2625 locorum,
742 2540 817 2613 sive
837 2541 1030 2628 hominnm,
1056 2544 1132 2617 sive
1148 2567 1223 2616 orn-

141 2667 236 2737 nium
258 2667 360 2757 culpa
380 2673 444 2734 est.
471 2663 520 2734 De
545 2664 610 2735 hoc
635 2674 751 2735 antem
778 2665 881 2735 latins
909 2666 1084 2759 Stephano
1105 2679 1224 2741 nostro

141 2788 336 2859 clarissimo
357 2787 434 2858 viro
455 2785 592 2880 scripsi,
612 2786 759 2881 ideoque
779 2789 887 2858 multo
906 2786 972 2858 iarn
992 2796 1146 2879 tempore
1167 2810 1225 2880 pe-

144 2910 307 3001 regrinus
325 2930 403 2980 sum
418 2909 457 2978 'in
477 2918 582 2993 tarra,
602 2910 647 2980 de
664 2933 734 3003 quo
751 2911 825 3004 ipse
846 2932 902 2981 me
923 2933 1034 3004 nuper
1053 2912 1225 2982 excusavi

143 3032 369 3103 venetiarum
388 3029 468 3103 duci
489 3029 640 3102 Andreae
667 3032 743 3103 viro
768 3031 906 3128 inclyto.
940 3033 1129 3124 Utramque
1152 3032 1225 3124 epi-

146 3157 269 3227 stolam
289 3175 369 3226 cum
395 3152 459 3227 hac
485 3155 588 3226 simul
614 3156 659 3226 ad
685 3165 718 3226 te
745 3153 838 3237 misi,
861 3154 1022 3247 qnoniam
1050 3153 1095 3225 ad
1121 3156 1155 3227 id
1180 3156 1225 3229 de

143 3300 214 3374 qno
234 3278 428 3349 consuleris
450 3287 597 3373 utraque
617 3300 685 3350 non
708 3279 931 3370 impertinens
953 3277 1030 3348 visa
1051 3287 1138 3359 erat;
1156 3300 1224 3349 non

142 3401 239 3495 quod
257 3422 323 3493 ego
344 3402 409 3472 sim
431 3399 561 3483 dubius
583 3405 690 3474 multa
710 3401 767 3474 hic
786 3401 961 3474 adversus
982 3423 1037 3472 me
1056 3400 1123 3474 dici
1146 3422 1227 3494 pos-

145 3545 199 3608 se,
223 3523 286 3595 sed
306 3522 468 3595 omnibus
491 3525 581 3596 iuste
603 3524 804 3619 responderi
824 3524 929 3595 etiarn
952 3546 1056 3618 posse
1076 3521 1224 3596 confido.

146 3646 258 3718 Unum
279 3647 364 3716 milri
386 3648 540 3719 solamen
562 3648 666 3719 animi
692 3648 781 3719 inter
809 3657 859 3719 tot
882 3646 1088 3741 asperitates
1110 3668 1226 3718 rernm

147 3792 216 3841 non
242 3792 351 3863 parvo
377 3771 492 3869 studio
517 3793 582 3844 nec
605 3772 694 3845 laoili
720 3772 847 3843 mentis
872 3771 1121 3844 exercitatione
1144 3791 1228 3840 con·

145 3891 241 3976 ssavi,
269 3901 307 3963 nt
331 3892 540 3987 ubicumque
568 3906 736 3966 terrarum
763 3894 846 3975 sim,
873 3894 1034 3985 quamvis
1059 3893 1224 3986 pessime,

147 4013 377 4108 persuadeam
404 4015 487 4084 milri
514 4014 603 4085 beno
622 4037 718 4097 esse,
742 4038 869 4108 meque
895 4015 1008 4107 ipsnm
1030 4014 1144 4084 lallam
1170 4035 1227 4083 co-

148 4156 299 4228 gamque
325 4159 391 4207 non
418 4137 548 4207 sentire
571 4156 652 4226 quae
678 4136 801 4218 senti0;
822 4134 916 4227 quod
938 4153 1031 4226 saepe
1055 4134 1136 4204 utile
1164 4156 1226 4205 seu

149 4260 386 4331 necessarium
424 4269 691 4350 extremumque
729 4253 919 4327 remedium
958 4258 1125 4329 malorum
1162 4269 1227 4328 est.

148 4383 241 4468 Quid
262 4380 469 4454 ineluctabili
489 4383 558 4452 lato
578 4381 676 4453 iuvat
694 4379 862 4452 obluctari
883 4391 918 4450 et
939 4378 1154 4473 impatientia
1179 4381 1228 4451 la-

150 4504 321 4597 stidioqne
343 4504 445 4577 animi
467 4504 542 4598 ipsa
563 4507 713 4576 locorum
742 4502 967 4595 multiplicare
993 4503 1154 4575 fastidia?
1180 4502 1227 4569 lle
