2738 5062
521 470 527 482 ο

351 492 360 513 Β

339 739 430 788 arnan
453 726 951 795 ournrnsnacnrtrs.-nrrsrous
974 743 1037 790 ιιιιι.
1160 732 1214 793 351

140 894 277 946 menam
313 872 574 945 admirationem
608 873 775 946 miraculo
808 894 884 946 suae
918 874 1048 949 divinae
1083 879 1219 951 virtutis

139 997 344 1070 excesserit.
366 993 518 1067 Amabas
545 1005 580 1067 tn
607 996 717 1080 illum,
745 993 921 1069 imovero
944 998 1105 1072 virtutem
1131 1001 1219 1072 eius.

140 1122 265 1192 Secum
282 1118 374 1189 enim
394 1116 464 1202 tibi,
485 1128 631 1213 utputo,
654 1119 739 1190 nihil
756 1119 805 1191 rei
824 1120 944 1205 fuerat,
963 1122 1029 1195 nisi
1049 1123 1143 1216 quod
1159 1145 1220 1194 ne-

139 1241 295 1316 cessario
314 1261 535 1334 consequens
555 1249 624 1325 est,
646 1250 687 1313 ut
711 1242 842 1338 peccati
863 1264 959 1329 osor,
982 1243 1075 1317 idem
1095 1256 1131 1317 et
1151 1247 1222 1319 vir-

142 1364 230 1436 tutis
246 1374 380 1436 amator
406 1363 460 1434 sit.
482 1364 542 1442 Tu,
565 1375 671 1457 pater,
694 1366 759 1438 has
780 1365 929 1438 invicem
949 1370 1130 1441 conserens
1149 1371 1222 1464 epi-

143 1490 251 1560 stolas
270 1484 498 1569 existimabis,
515 1487 544 1557 si
559 1509 628 1579 qua
648 1486 753 1559 huius
770 1489 892 1560 calami
911 1490 966 1561 vis
985 1502 1041 1563 est
1057 1493 1103 1566 ad
1122 1502 1222 1566 actus

142 1609 412 1692 diversissimos,
436 1607 705 1702 vituperandum
728 1609 919 1682 scilicetne
940 1613 1161 1699 laudandum,
1184 1624 1223 1687 ut

144 1742 258 1806 tamen
279 1732 411 1802 interca
433 1731 633 1802 memineris
654 1729 823 1824 quidquid
844 1742 992 1828 utraque
1011 1736 1222 1809 defectivum

144 1853 260 1938 habet,
282 1852 411 1945 ingenii
437 1851 567 1924 crimen
593 1873 691 1938 esse,
715 1856 743 1925 si
769 1856 854 1949 quid
875 1867 990 1928 autem
1016 1860 1103 1930 forte
1129 1857 1224 1952 quod

143 1979 290 2074 placcat,
313 1974 451 2047 laudem
473 1994 555 2045 esso
575 1976 731 2047 materiae
751 1998 820 2048 non
842 1978 921 2049 stili.
948 1978 1034 2062 Quis
1054 1981 1146 2051 enim
1167 1982 1224 2052 vel

145 2102 237 2173 hunc
266 2099 409 2171 laudare
443 2098 501 2169 vel
526 2099 621 2169 illum
648 2099 847 2193 vituperare
872 2100 1019 2186 nesciat,
1053 2112 1114 2173 aut
1145 2103 1225 2196 quis

144 2245 293 2317 usquam
326 2232 382 2292 est
414 2231 484 2291 mm
518 2218 626 2291 hebes
660 2221 696 2291 in
723 2221 883 2315 reliquis,
912 2225 971 2317 qui
1003 2247 1072 2296 nou
1095 2226 1155 2323 'hic
1180 2224 1225 2297 ad

145 2342 347 2416 utrumlibet
368 2342 413 2413 sit
432 2340 612 2414 disertus?
631 2343 725 2415 Vale.
797 2370 801 2385 ·
1248 2331 1250 2335 ’

212 2505 220 2521 ·
288 2488 461 2545 salomem
476 2488 589 2560 Sergia.
606 2489 697 2545 XVIII
716 2489 857 2547 Kalendas
872 2490 1004 2564 launarii,
1020 2492 1151 2550 diluculo.

552 2963 732 3046 arrsrom
752 2980 820 3044 ιιι.

181 3168 374 3221 rutnmscus
395 3170 564 3221 PETRARCA
586 3168 690 3219 GLERO
711 3167 872 3219 sceleste
893 3166 1050 3217 PADUANAE
1071 3168 1097 3217 S.
1119 3168 1146 3216 P.
1168 3170 1199 3217 ll.

266 3351 454 3409 lldcbrandini
470 3350 597 3425 Episcopi
613 3350 738 3408 Paduam
752 3357 871 3407 mortem
886 3348 983 3419 deflet,
998 3349 1113 3405 rimatos

458 3441 637 3514 amplissimis
651 3440 780 3498 laudibus
795 3444 919 3497 exornat.

249 3691 456 3778 Amisimus,
478 3678 603 3765 fratres
629 3690 872 3776 amantissimi,
899 3700 1031 3784 patrem
1056 3698 1229 3770 nostrum,
1289 3707 1292 3717 ¹

149 3813 275 3886 ducem
296 3823 468 3899 nostrum,
492 3816 646 3887 solamen
666 3823 840 3899 nostrum,
863 3813 972 3886 decus
993 3819 1162 3884 nostrum.
1188 3808 1233 3879 Et

151 3956 237 4010 vero
262 3939 378 4008 lumen
411 3959 451 4008 ac
469 3939 660 4009 incernam
693 3937 843 4032 pedibus
873 3957 913 4007 ac
939 3933 1072 4004 semitis
1101 3930 1230 4003 uostris

151 4058 304 4131 extinxit
329 4058 431 4130 nobis
458 4058 527 4130 heu
552 4080 645 4129 nuuc
665 4058 844 4142 dominns,
873 4054 1054 4127 scintillam
1077 4061 1230 4123 nostram

150 4193 186 4256 et
207 4185 384 4255 lucernam
402 4182 521 4266 lsrael,
542 4190 579 4251 ut
597 4201 675 4251 eam
694 4178 826 4250 scilicet
845 4178 881 4246 in
897 4174 994 4247 caelis
1014 4173 1232 4247 accenderet:

152 4305 435 4378 lldebrandinum
454 4305 677 4400 Episcopum,
705 4324 808 4395 quem
830 4299 949 4372 nescio
966 4322 1010 4372 an
1032 4308 1231 4372 terrestrem

153 4428 316 4518 angelum
350 4447 395 4497 an
428 4426 606 4498 coelestem
639 4423 815 4495 hominem
847 4420 971 4495 dicam.
998 4421 1233 4494 Praemisimus

154 4546 260 4631 illum,
277 4551 409 4632 fratres,
428 4569 497 4641 quo
510 4546 611 4619 uobis
624 4565 773 4640 quoque,
783 4545 924 4618 Christo
936 4543 1035 4628 duce,
1052 4564 1113 4634 per
1125 4538 1234 4631 ipsius
