2738 5062
475 652 514 699 llll
537 652 635 698 trullus
658 650 879 697 numillimus

562 944 737 1009 llrls'ltlla
760 948 789 1008 11.

193 1138 385 1187 l'ltall'Clsct's
406 1138 573 1187 PETRARCA
596 1140 732 1187 arcolae
753 1138 922 1187 lucillum
943 1139 1038 1186 uuuul
1059 1139 1157 1189 slcttll

431 1245 539 1293 MAGNO
561 1244 763 1292 senescalco
784 1244 809 1291 S.
833 1244 860 1291 l‘.
883 1244 913 1290 D.

187 1422 339 1475 illunmurn
363 1419 421 1472 eius
444 1434 529 1488 regno
553 1417 670 1488 potitum
694 1418 862 1486 gratulatur:
887 1421 915 1470 et
937 1416 1017 1471 illum
1040 1419 1162 1474 moribus

195 1511 368 1582 artibusque,
386 1527 447 1580 quae
462 1525 555 1578 regem
571 1508 688 1560 maxime
704 1506 814 1573 decent,
830 1504 1037 1561 informandum
1053 1508 1157 1563 suadet.

237 1769 308 1837 lam
330 1768 476 1849 tandem,
500 1767 553 1836 vir
573 1767 771 1850 clarissime,
790 1767 970 1859 perfidiam
984 1766 1082 1851 {ides
1102 1769 1214 1839 avari-

142 1894 221 1964 tiam
244 1892 398 1983 largitas,
423 1890 619 1984 superbiam
646 1890 728 1961 vicit
754 1889 943 1961 humilitas:
970 1890 1039 1959 iam
1064 1889 1214 1962 charitas

141 2016 234 2100 odio,
254 2015 451 2108 desperatio
478 2014 551 2104 spei
586 2013 705 2096 cessit,
728 2011 997 2105 perseverantiae
1016 2009 1213 2084 difficultas.

143 2140 212 2207 lam
236 2138 303 2207 sub
319 2138 442 2206 malloo
463 2136 619 2206 veritatis
641 2135 801 2228 pertinax
821 2134 1038 2206 mendacium
1064 2146 1101 2205 et
1121 2156 1215 2205 men-

141 2260 211 2330 dax
232 2259 416 2330 obstinatio
437 2258 526 2328 votis
548 2257 616 2327 tais
637 2258 847 2329 obstantium
865 2260 972 2327 sraela
989 2268 1054 2327 est.
1073 2256 1216 2329 Immor-

143 2386 211 2453 tale
227 2380 357 2451 bellum
373 2389 429 2450 est
450 2380 537 2449 inter
559 2379 724 2450 inuidiam
743 2391 777 2451 el
798 2378 962 2469 gloriam,
985 2379 1077 2450 inter
1096 2379 1217 2473 nequi-

142 2506 223 2575 tiam
245 2514 279 2574 et
299 2502 473 2574 virtutem.
495 2502 631 2572 Gratias
653 2501 699 2570 illi
721 2503 780 2594 qui
803 2511 858 2572 est
878 2501 1029 2572 dontinus
1057 2502 1217 2573 virtutum

143 2639 172 2697 et
202 2650 267 2696 rec
298 2628 425 2717 pionica,
447 2625 555 2719 quod,
577 2647 618 2695 eo
651 2625 753 2708 duce,
782 2624 816 2693 in
841 2624 1005 2719 praesenti
1026 2626 1216 2697 certamine

142 2751 234 2821 victa
254 2759 351 2842 parte
371 2750 570 2829 deterrima,
589 2749 801 2840 euius·saepe
819 2748 1028 2819 eontrarium
1046 2748 1215 2831 videmus,

143 2875 271 2966 optima
294 2896 371 2965 pars
395 2873 590 2967 triumphat.
610 2873 697 2943 Ecce
717 2895 806 2942 nulio
828 2871 926 2942 unica
948 2881 1007 2942 tua
1028 2895 1122 2955 cura,
1145 2874 1216 2965 glo

144 2996 327 3066 riosissimi
349 2997 452 3067 Siculi
474 2996 566 3087 regis
588 3007 726 3078 vertex,
760 3003 904 3086 negatos
925 2995 1087 3080 honores,
1110 2996 1215 3067 invito

145 3117 268 3203 livore,
292 3120 467 3210 suscipiet.
497 3118 654 3187 Peccator
680 3116 799 3187 uidebit
822 3128 851 3186 el
874 3119 1044 3202 irascetur,
1067 3116 1216 3189 dentibus

143 3246 211 3312 sois
226 3248 341 3332 [reniet
358 3254 388 3309 et
406 3244 552 3311 tabescet.
571 3241 649 3334 lpse
667 3251 783 3313 autem
802 3243 902 3314 solito
919 3242 1116 3333 augustior,
1132 3244 1235 3323 mul-¹

145 3372 287 3454 tumque
310 3363 463 3432 serenior
483 3363 577 3433 avito
599 3364 683 3434 solio
702 3365 870 3450 residens,
890 3365 1000 3457 pulsis
1018 3367 1119 3437 Latio
1136 3388 1217 3439 moe·

145 3484 249 3556 stitiae
269 3483 421 3555 nubibus
446 3498 551 3579 atque
575 3486 745 3558 imbribus
763 3488 993 3571 lacrimarum,
1016 3488 1137 3559 orbem
1160 3510 1217 3560 no

145 3622 254 3679 strum
276 3610 387 3678 fronto
410 3608 546 3681 siderea
571 3621 605 3680 01
631 3610 779 3680 stellanti
806 3609 1001 3682 diademate
1027 3611 1215 3693 serenabit,

144 3740 298 3823 ereptam
320 3731 506 3803 restituens
529 3755 635 3824 regno
654 3755 772 3825 pacem
790 3734 1143 3826 tranquillitatemque
1160 3754 1218 3826 po-

143 3854 234 3948 pulis
257 3865 467 3949 exoptatam.
495 3857 531 3926 ln
558 3877 660 3949 quam
697 3878 784 3940 rem,
820 3867 859 3925 ut
889 3855 999 3927 iecisti
1027 3857 1216 3937 hactenus,

145 3978 274 4048 mundo
295 3978 513 4048 notissimum
537 3988 633 4048 tuum
656 3979 737 4049 illud
759 3978 924 4050 ostendes
946 3977 1139 4069 ingenium,
1162 3998 1218 4048 eo·

144 4122 213 4191 qne
230 4102 442 4192 vigilantius,
465 4124 534 4194 quo
555 4101 695 4172 maioris
715 4111 770 4171 est
791 4100 902 4170 laudis
929 4101 1019 4171 iuste
1045 4102 1218 4173 modeste-

143 4243 212 4312 que
232 4245 378 4311 regnnm
402 4247 531 4316 regere,
547 4246 652 4316 quam
670 4224 814 4294 feliciter
831 4222 985 4317 adipisci.
1000 4225 1099 4294 Nune
1114 4222 1218 4317 siqui-

143 4341 222 4414 dem
245 4353 380 4438 tempus
400 4357 455 4415 est
476 4358 511 4416 ut
532 4369 653 4418 omnes
675 4347 778 4416 animi
801 4347 848 4415 tui
870 4346 964 4416 vires
987 4346 1144 4438 colligas,
1167 4355 1216 4415 at-

143 4488 212 4559 que
233 4465 433 4559 ingentibus
457 4470 602 4559 negotiis
620 4470 821 4560 accingaris.
845 4467 936 4539 Nihil
957 4481 1011 4540 est
1032 4479 1161 4555 actum,
1189 4466 1217 4536 si
