2738 5062
141 629 179 692 92
480 638 521 686 us
543 637 642 687 nenos
663 636 884 687 susurramus

140 781 249 851 multa
270 775 454 869 scripsisse
474 794 543 843 non
563 772 608 844 sit
636 772 780 844 dubium
810 773 888 845 rudi
911 783 947 844 et
975 736 1142 867 impolito,
1175 788 1213 849 ut

141 901 299 972 Valerius
320 899 379 981 ait,
402 896 492 978 stilo,
513 895 635 967 cultior
661 907 773 967 umen
806 895 850 967 de
876 895 967 966 illius
995 894 1101 968 rebus
1126 896 1213 971 liber

142 1023 305 1093 metricus
325 1043 394 1092 non
413 1029 564 1113 apparet.
590 1020 640 1088 De
666 1019 732 1089 hoc
752 1018 857 1110 igitur
877 1028 1063 1111 utcumque
1088 1040 1214 1093 canere

141 1142 283 1228 institui,
306 1142 388 1236 quia
408 1140 535 1212 seilicet
554 1138 597 1211 de
617 1161 660 1211 eo
680 1139 768 1211 liber
788 1158 888 1210 meus
906 1137 1038 1233 estqui
1055 1137 1214 1211 inscribi-

142 1276 198 1336 tur
209 1263 330 1348 Alrica,
345 1263 474 1334 utinam
490 1271 559 1333 tam
573 1256 672 1332 felici
674 1261 773 1333 exitu
785 1259 1000 1332 claudendus
1014 1259 1098 1346 seni,
1108 1282 1213 1354 quam

140 1408 267 1479 magno
286 1386 400 1457 animo
424 1395 560 1479 coeptus
585 1393 640 1455 est
666 1383 799 1453 iuveni!
823 1384 997 1467 Quantum
1018 1402 1105 1453 saue
1123 1381 1214 1476 peri-

140 1512 255 1580 culum
277 1531 413 1602 semper
433 1509 536 1581 luerit
566 1508 602 1579 in
634 1507 797 1580 dilatione
826 1506 958 1578 consilii
980 1507 1160 1593 salutaris,
1179 1516 1215 1581 et

139 1652 243 1723 quam
274 1631 360 1702 varii
394 1642 496 1723 atque
529 1629 754 1723 inopinabiles
780 1628 962 1722 praesentis
981 1626 1066 1699 vitae
1084 1649 1213 1715 casus,

139 1774 228 1846 quos
249 1753 512 1847 circumspicere
532 1774 694 1845 suprema
714 1751 838 1823 ltlonici
857 1751 951 1823 iubet
962 1751 1132 1836 allocutio,
1147 1752 1215 1825 dici

139 1877 280 1969 quidem
297 1900 366 1948 non
382 1877 534 1970 expedit.
549 1876 694 1968 Reliqua
706 1874 911 1967 cogitatione
923 1874 1103 1969 percipies.
1117 1876 1214 1948 Vale.

281 2023 401 2092 Patavii,
417 2023 470 2077 llll
485 2023 557 2077 Non.
575 2020 728 2078 decembris
741 2021 776 2076 ad
790 2034 943 2092 vesperam.

564 2500 741 2565 uplstoll
760 2503 793 2567 V.

296 2686 487 2737 snlltclscus
509 2686 675 2736 PETRARCA
696 2688 845 2738 uentano
866 2690 983 2739 FRATRI
1003 2689 1059 2740 SUO

407 2789 560 2838 nonnullo
581 2789 800 2842 ulasuuslslto
822 2793 847 2842 S.
869 2794 897 2842 P.
918 2794 948 2842 b.

142 2923 207 2980 Eius
221 2924 255 2979 de
269 2923 417 2980 affectuum
436 2925 623 2980 humanorum
642 2928 822 2999 repugnantia
840 2930 991 2985 sententias
1008 2931 1102 2988 laudat
1123 2938 1153 2989 et
1172 2934 1218 2988 llr-

211 3020 281 3069 mat:
296 3014 449 3070 doctrinam
463 3020 490 3069 et
509 3017 683 3070 sanctitatem
700 3016 762 3071 vitae
781 3017 914 3087 miratur,
932 3035 1017 3090 seque
1035 3020 1069 3076 de
1087 3023 1217 3079 emenda·

211 3106 284 3162 tione
298 3106 360 3160 vitm
374 3124 432 3162 suae
447 3107 585 3160 solicitum
600 3105 728 3159 ostendit.

239 3333 422 3405 Geminum
446 3333 505 3404 otii
528 3333 574 3404 tui
594 3356 735 3419 munus,
755 3337 992 3411 amantissime
1008 3343 1129 3428 irater,
1151 3342 1216 3416 bu·

144 3479 245 3531 xeam
259 3456 424 3551 pyxidem
439 3465 538 3527 torno
551 3457 693 3528 volubili
710 3460 924 3553 perpolitam,
942 3485 1030 3555 opus
1048 3488 1215 3538 manuum

145 3589 295 3663 tuarum,
317 3589 352 3650 et
368 3580 581 3650 fructuosam
603 3579 705 3650 simul
725 3583 920 3674 epistolam,
943 3587 1060 3658 multis
1077 3599 1215 3683 patrum

144 3706 305 3775 relectam
326 3713 609 3797 compactamque
634 3706 824 3789 sententiis,
844 3706 932 3779 sacri
951 3707 1079 3800 ingenii
1096 3710 1147 3782 tui
1165 3721 1217 3785 te·

145 3835 242 3909 stem,
265 3826 340 3896 heri
357 3826 402 3897 ad
423 3847 605 3919 vesperam
623 3849 749 3920 magno
766 3851 844 3899 cum
865 3829 991 3921 gaudio
1009 3833 1138 3926 recepi;
1152 3835 1217 3907 sed

145 3947 235 4019 inter
255 3949 452 4041 legendum,
473 3951 594 4034 fateor,
619 3957 686 4020 tam
708 3949 805 4021 varie
825 3952 978 4038 affectus,
1002 3963 1039 4026 ut
1059 3977 1114 4026 me
1135 3955 1217 4030 hinc

145 4072 249 4144 ardor
265 4073 425 4164 generosi
445 4072 603 4168 iiupetuS,
624 4072 702 4143 hinc
723 4072 825 4163 gelidi
846 4086 958 4146 metus
980 4086 1097 4170 torpor
1116 4079 1217 4152 inva-

145 4192 253 4264 deret.
273 4191 371 4265 Adeo
391 4193 475 4263 mihi
495 4192 676 4287 magnifice
695 4193 795 4265 visus
815 4217 853 4266 es
874 4207 909 4268 et
928 4198 1081 4270 melioris
1103 4209 1215 4274 status

146 4313 356 4387 desiderium
389 4337 429 4385 ac
453 4317 609 4389 stimulos
642 4318 807 4403 incutere,
834 4329 868 4391 et
890 4322 1075 4415 praesentis
1096 4325 1216 4419 lapsus

147 4439 241 4509 trena
271 4436 502 4529 obstringere,
538 4448 576 4509 ut
607 4442 683 4513 luce
715 4442 841 4514 clarius
867 4443 1002 4515 videam
1036 4444 1095 4516 ubi
1126 4445 1213 4529 sim,
