2738 5062
330 650 421 698 imun
446 626 952 698 consummemus-urrsroui
974 649 1013 696 iv.
1155 637 1215 696 titi
1308 644 1315 659 ·

558 925 736 990 irrisioni
757 926 802 988 IV.

208 1117 402 1168 inaneiscus
424 1116 594 1166 cerninus
616 1117 747 1166 ioiinnn'i
770 1118 810 1166 DE
834 1116 1001 1166 contiuno
1023 1116 1048 1163 S.
1071 1117 1098 1163 P.
1122 1117 1151 1163 D.

156 1314 266 1373 Grotius
279 1314 335 1386 egit
347 1314 381 1368 de
396 1312 564 1385 quibusdam
578 1312 664 1366 Marci
679 1285 811 1366 Varronis
826 1315 852 1366 et
867 1311 952 1366 Marci
966 1312 1049 1367 Tullii
1064 1311 1203 1369 Ciceronis

369 1403 500 1475 operibus
514 1418 636 1474 quorum
651 1402 883 1473 comparationem
898 1400 1025 1457 instituit.

237 1645 359 1716 Stilnm
379 1664 494 1714 meum
508 1640 688 1732 obsequiis
705 1641 775 1714 tuis
793 1642 884 1713 vinci
903 1640 1015 1713 video.
1034 1643 1142 1713 Multo
1155 1664 1222 1735 ego

140 1768 238 1865 prius
259 1766 448 1858 gratiarum
469 1787 573 1859 quam
597 1774 832 1857 ingratorum
859 1786 973 1836 rerum
1000 1764 1134 1836 actione
1160 1766 1223 1837 dc-

141 1890 275 1982 unger.
298 1890 422 1983 Recepi
439 1909 520 1961 ecco
541 1888 667 1959 iterum
687 1908 707 1958 u
726 1900 758 1959 te
778 1887 905 1959 tibrum
927 1909 975 1959 ex
994 1888 1161 1960 Varronis
1182 1912 1224 1962 ac

141 2012 317 2087 Ciceronis
343 2012 521 2107 opusculis
549 2011 689 2082 eximiis
722 2030 867 2103 prorsus
899 2018 935 2080 et
968 2010 1069 2094 raris,
1096 2011 1224 2103 quibus

142 2132 228 2207 nihii
247 2133 365 2235 anipro
384 2156 462 2207 meo
483 2135 632 2226 gratius,
660 2133 745 2203 nihil
778 2132 944 2226 optatius,
973 2133 1056 2204 nihii
1081 2132 1223 2206 demum

101 2352 104 2358 Ι
143 2266 278 2353 poterat
296 2257 487 2331 advenisse
507 2256 703 2328 iucundius.
724 2254 884 2328 Accessit
908 2256 953 2328 ad
979 2256 1056 2328 iibri
1078 2259 1224 2349 gratiam

141 2381 237 2475 quod
257 2402 361 2451 manu
383 2390 441 2450 tna
462 2378 612 2472 scriptus
632 2388 717 2450 erat.
739 2377 827 2461 Quae
847 2400 903 2451 rcs
925 2377 993 2452 sub
1009 2379 1120 2452 ocutis
1138 2379 1223 2450 meis

143 2503 328 2575 interillos
349 2502 439 2573 duos
461 2509 575 2571 tantos
603 2500 728 2575 heroas
754 2501 882 2593 linguae
903 2502 995 2573 iatiae
1016 2514 1050 2573 te
1071 2475 1231 2573 medium¹

144 2624 231 2696 iecit.
253 2625 323 2695 Nec
343 2644 425 2694 vero
445 2632 479 2693 to
500 2623 635 2715 magnis
656 2623 852 2695 nominibus
872 2624 977 2694 inseri
999 2623 1126 2714 pudeat

304 2800 363 2863 Nec
380 2809 408 2863 te
424 2801 569 2878 poeniteat
584 2801 697 2863 calamo
714 2800 837 2862 trivisse
853 2798 1002 2873 libellum,

146 3001 183 3061 ut
203 2988 252 3059 ait
270 2987 335 3060 ilie.
362 2989 437 3059 Etsi
457 2988 549 3058 enim
571 2998 609 3057 tu
631 2986 717 3058 aiios
738 2986 888 3067 mireris,
910 3005 1000 3077 quos
1027 2986 1221 3059 studiorum

145 3123 256 3185 mater
284 3110 438 3183 omnium
459 3109 537 3182 tulit
556 3108 758 3203 antiquitas
791 3107 895 3201 idque
916 3109 992 3180 iure
1013 3117 1072 3181 tuo
1097 3108 1223 3195 iacias,

144 3234 244 3307 cuius
278 3233 323 3304 sit
354 3233 529 3327 proprium
559 3243 595 3303 et
624 3232 739 3303 mirari
761 3251 841 3324 quae
861 3232 990 3323 vulgus
1012 3229 1169 3326 despicit,
1191 3241 1227 3303 et

144 3357 325 3453 despicere
345 3375 425 3448 quae
445 3355 610 3429 miratur:¹
625 3356 768 3426 venient
794 3365 908 3426 tamen
937 3353 997 3445 qui
1024 3365 1057 3425 te
1082 3353 1227 3426 forsitan

146 3482 326 3561 mirentur,
345 3499 470 3571 nempe
486 3499 590 3571 quem
608 3477 674 3549 iam
693 3498 785 3547 nunc
805 3474 922 3546 mirari
939 3475 1058 3570 incipit
1075 3477 1224 3562 invidia,

145 3612 182 3675 et
194 3603 299 3674 claris
320 3622 459 3693 semper
478 3601 626 3693 ingeniis
639 3600 774 3692 ingrata
787 3598 984 3691 pumentia,
998 3620 1101 3693 quarn
1117 3600 1225 3670 muita

146 3746 285 3817 quoque
302 3722 519 3817 subripuisse
535 3723 713 3794 veteribus
731 3744 798 3793 non
816 3723 972 3813 ignoras,
992 3742 1072 3814 quae
1091 3721 1223 3791 sensim

148 3859 269 3938 postca
301 3844 453 3939 restituit
480 3844 544 3916 hac
571 3867 637 3916 una
664 3845 698 3914 in
726 3865 762 3914 re
789 3844 911 3915 iustior
936 3853 972 3914 et
997 3841 1227 3935 incorruptior

150 3989 300 4059 sequens
322 3980 421 4039 aetas.
444 3967 553 4058 Egisti
575 3976 689 4037 autem
712 3968 840 4063 optime
860 3965 920 4057 qui
942 3965 1017 4034 ilios
1045 3964 1225 4046 innueris,

147 4113 235 4183 quos
257 4090 379 4183 patria,
404 4101 555 4182 tempus,
583 4090 773 4180 ingenium,
801 4108 913 4168 amor,
943 4086 1057 4158 studia
1082 4084 1228 4157 coniun-

149 4224 288 4283 xerunt.
309 4209 479 4282 rimarunt
509 4234 546 4282 se
571 4213 615 4281 iiii
651 4215 743 4282 cuttu
766 4221 898 4296 mutuo,
924 4211 1029 4282 inuita
1051 4208 1115 4279 sibi
1138 4207 1227 4277 invi-

149 4354 240 4416 cem,
263 4336 371 4405 multa
387 4334 432 4405 de
448 4337 615 4406 alterutro
636 4333 823 4426 scripsere;
844 4355 936 4405 unus
955 4331 1134 4403 amborum
1154 4329 1227 4397 ani-

151 4477 244 4535 mus,
265 4467 526 4550 praeceptorque
549 4476 639 4528 unus
652 4452 732 4536 iuit3
749 4455 785 4526 in
802 4455 935 4526 eisdem
958 4453 1086 4525 scholis
1104 4450 1228 4521 milita-
