2738 5062
331 692 424 741 nrum
446 690 964 741 surrruusuucruus.-urrsrouu
986 696 1015 743 r.
1164 683 1220 744 tlt

140 832 222 902 dum
245 827 363 899 veniat
382 848 487 918 quam
508 827 603 919 quod
633 849 812 920 uunquam
836 849 884 900 ex
910 830 1027 900 animo
1051 829 1118 902 nisi
1143 852 1222 902 cum

139 954 255 1022 animo
275 949 450 1022 discedet?
475 950 509 1019 la
530 959 586 1020 est
605 958 722 1020 autem
741 951 806 1022 ocii
832 974 874 1023 ac
899 952 1094 1025 solitudinis
1119 975 1224 1047 appe-

141 1075 240 1154 tituS,
264 1072 309 1144 de
329 1070 459 1164 quibus
479 1071 649 1143 hactenus
672 1074 829 1165 singulos
850 1085 1017 1147 tractatus
1030 1077 1132 1161 edidi,
1154 1068 1224 1149 non

141 1205 208 1265 tam
231 1193 308 1266 aliis
326 1215 431 1286 quam
450 1193 552 1279 mibi,
575 1197 726 1266 ne-lorte
745 1196 920 1269 silentium
946 1198 1076 1271 oblivio
1099 1221 1223 1271 conse·

139 1326 218 1389 cuta
240 1314 342 1385 novis
365 1316 520 1387 animum
542 1315 735 1407 implicaret
761 1317 955 1401 affectibus
984 1340 1005 1389 a
1031 1341 1101 1413 quo
1128 1318 1223 1391 metu

84 1496 89 1501 .
141 1439 208 1510 iam
230 1441 349 1531 procul
369 1459 450 1509 esse
470 1437 608 1509 videor:
632 1440 682 1509 sic
704 1461 781 1511 mea
802 1461 939 1511 mecum
957 1443 1068 1513 crevit
1084 1441 1221 1534 opini0,

141 1563 278 1654 iamque
299 1559 454 1632 induruit
473 1571 577 1654 atque
599 1562 780 1654 percalluit
809 1574 845 1635 et
876 1565 911 1633 in
942 1563 1097 1636 habitum
1119 1586 1221 1637 versa

139 1693 202 1755 est.
231 1683 301 1754 Sed
335 1692 374 1752 ut
405 1682 521 1754 omnia
555 1683 620 1754 ista
655 1697 862 1778 praeteream
889 1696 925 1757 ct
952 1686 1057 1759 adid
1085 1689 1220 1759 veniam

140 1806 232 1898 quod
253 1806 344 1877 inter
364 1806 471 1876 multa
492 1805 705 1877 retrahentia
730 1829 786 1878 me
811 1829 903 1879 nuuc
929 1808 974 1879 ad
1000 1808 1221 1881 scribendum

142 1928 256 2011 trahit,
279 1925 384 1999 audio
405 1937 439 1996 te
460 1926 579 1997 nescio
599 1943 684 2019 quot
704 1928 828 2000 diebus
850 1930 942 2001 ruris
962 1931 1044 2014 mei,
1063 1930 1158 2023 quod
1177 1931 1222 2003 ad

140 2052 265 2122 sontem
292 2049 426 2141 Surgiae
456 2059 525 2131 cst,
549 2049 693 2121 incolam
712 2050 834 2133 luisse,
853 2062 888 2123 et
903 2073 1065 2123 curarum
1085 2062 1222 2125 tuarum

140 2187 249 2245 aestus
268 2174 333 2244 loci
353 2174 472 2267 optimi
500 2174 679 2264 refrigerio
702 2186 929 2267 temperasse.
955 2177 1082 2257 Placet,
1110 2177 1223 2248 consi·

143 2298 295 2388 liumque
316 2305 412 2366 tuum
435 2296 501 2367 hoc
522 2297 639 2375 laudo;
661 2296 727 2366 nisi
748 2297 840 2367 enim
859 2320 914 2368 me
933 2320 1046 2370 rerum
1065 2320 1222 2370 mearum

143 2418 227 2489 lallit
245 2439 359 2501 amor,
382 2430 418 2489 et
436 2418 702 2490 consuetudinis
722 2418 778 2490 vis
804 2420 969 2513 antiquae,
992 2442 1075 2492 vere
1098 2442 1159 2492 rus
1183 2419 1224 2490 il·

143 2540 202 2611 lud
222 2541 319 2612 locus
351 2551 407 2611 est
439 2540 535 2635 pacis
567 2553 603 2611 et
626 2540 691 2612 ocii
719 2540 865 2623 domus,
893 2542 1032 2635 requies
1054 2541 1221 2622 laborum,

145 2663 399 2757 tranquillitatis
425 2662 628 2755 hospitium,
653 2664 849 2735 solitudinis
867 2662 1013 2735 officina.
1032 2663 1221 2754 Nusquam,
1325 2636 1336 2655 ⁵

144 2787 255 2859 iudice
272 2808 338 2871 me,
358 2788 526 2880 praeclara
543 2784 672 2876 ingenii
693 2807 799 2879 opera
821 2784 1098 2878 magnificentius
1115 2805 1223 2855 excu-

114 2904 116 2908 ’
146 2907 287 2989 duntur;
307 2911 429 3001 loquor
449 2917 634 2999 expertus:
654 2907 700 2980 ita
719 2917 834 2979 tamen
852 2910 880 2979 si
900 2907 983 3001 quid
1002 2906 1224 2998 magnificum

146 3054 193 3102 cx
219 3031 285 3103 hoc
309 3052 419 3125 parvo
450 3044 486 3101 et
518 3042 670 3122 augusto
697 3031 834 3124 prodire
855 3032 965 3124 possit
985 3030 1134 3121 ingenio.
1156 3029 1226 3100 lllic

149 3152 403 3225 solicitudinum
430 3163 529 3245 grata
556 3153 717 3226 remissio
734 3167 771 3227 et
788 3155 889 3228 dulce
914 3152 1145 3225 diversorium
1168 3172 1226 3225 oc-

146 3277 259 3367 cupati
280 3275 399 3346 animi:
426 3275 494 3346 illic
515 3277 692 3348 silentium
714 3288 749 3347 et
770 3277 928 3359 libertas,
957 3296 1117 3346 securum
1140 3296 1228 3366 gau-

146 3398 256 3481 dium,
278 3403 359 3471 laeta
380 3399 565 3471 securitas:
588 3403 689 3491 longe
710 3397 792 3470 inde
808 3400 952 3471 exulant
969 3396 1101 3468 urbana
1121 3419 1227 3489 nego

148 3519 193 3590 tia
211 3529 248 3592 et
266 3521 375 3591 litium
397 3523 514 3593 servor
534 3535 569 3592 et
588 3526 860 3602 comessantium
883 3519 1065 3614 strepitus3
1087 3498 1156 3590 non
1181 3517 1226 3588 ibi

148 3645 294 3714 sentitur
315 3663 490 3715 armorum
511 3647 636 3736 fragor,
665 3666 734 3715 non
761 3645 874 3715 inanis
895 3642 1014 3714 laetitia
1039 3640 1231 3732 triumpho-

149 3790 238 3850 rum,
261 3789 330 3837 non
348 3766 564 3837 inconsultus
578 3789 598 3836 e
612 3766 785 3839 contrario
798 3776 901 3838 natus
915 3786 1047 3837 moeror
1059 3784 1128 3855 quo
1141 3783 1232 3832 nuuc

147 3890 322 3980 angimur3
345 3886 468 3959 ludunt
489 3890 644 3980 argentei
667 3892 780 3981 pisces
803 3888 995 3978 ingurgito
1016 3884 1138 3969 vitreo,
1162 3884 1229 3954 rari

149 4013 265 4103 procul
284 4012 316 4080 iu
340 4013 447 4104 pratis
468 4011 629 4101 mugiunt
649 4010 774 4087 boves,
798 4009 937 4080 sibilaut
954 4026 1050 4077 aurae
1071 4003 1231 4076 salubres

149 4135 272 4205 leviter
291 4133 468 4228 percussis
491 4130 691 4211 arboribus,
721 4132 883 4201 volucres
910 4138 1038 4199 canunt
1064 4127 1173 4197 variae
1197 4125 1231 4195 in

150 4243 270 4340 ramis,
293 4267 329 4327 et
350 4256 379 4326 si
402 4266 515 4326 tecum
539 4253 625 4323 meis
649 4275 703 4323 me
724 4251 887 4322 versibus
910 4251 958 4322 uti
980 4249 1049 4321 vis:

268 4420 457 4482 Nocturnum
483 4417 645 4497 philomela
665 4416 770 4495 gemit,
793 4416 843 4478 llel
860 4422 961 4479 turtur
979 4415 1108 4478 amicam
1194 4479 1198 4487 ,

270 4520 303 4580 lll
322 4517 414 4579 nitido
433 4517 469 4579 dc
487 4516 567 4577 lonlc
584 4515 693 4578 cadens
711 4521 741 4576 ct
758 4520 933 4576 murmurat
950 4513 1057 4576 amnis.
