2738 5062
423 678 515 756 nrnra
536 705 898 756 uncinus-nussum
924 707 952 753 r.
1170 694 1222 756 tol

143 844 286 936 regione
298 840 594 913 dissimilitudinis
609 839 679 935 (sic)
692 841 739 913 ob
751 852 923 914 errantem
937 839 982 913 de
996 841 1147 913 tenebris
1157 844 1226 915 tuis

141 965 186 1038 ad
198 967 314 1037 lucem
332 984 435 1035 suam
452 985 617 1036 revocare
632 963 797 1056 dignatus
816 975 881 1035 est.
899 965 938 1034 ln
956 985 1126 1057 quarere
1143 963 1226 1036 felix

140 1097 177 1159 et
195 1087 299 1160 ialsae
318 1107 361 1158 ac
379 1084 546 1181 periture
566 1085 737 1159 felicitatis
754 1085 1058 1158 constantissimus
1079 1096 1223 1182 spretor,

141 1212 327 1305 nostrique
347 1231 417 1282 non
439 1208 619 1282 immemor
638 1210 673 1279 in
694 1208 908 1281 orationibus
935 1208 1020 1295 tuis,
1046 1210 1128 1281 vive
1149 1211 1226 1283 dul-

138 1334 285 1407 cissime
304 1334 424 1416 irater,
447 1341 484 1402 et
503 1333 591 1403 vale.
936 1316 939 1320 ’

288 1482 329 1539 111
344 1482 412 1538 idus
426 1480 520 1538 lunias
533 1482 562 1538 in
577 1483 734 1539 solitudine.

647 1721 725 1731 —.—.

569 1961 745 2027 Epistola
767 1964 811 2026 tl.

144 2129 342 2213 emeatus
362 2160 534 2212 renutans
555 2162 687 2213 lontani
708 2164 860 2215 EPlSCOPO
878 2166 1096 2219 NEUBURGENSI
1113 2169 1138 2218 S·
1153 2169 1180 2218 P.
1196 2169 1226 2218 D.

193 2354 237 2411 De
249 2354 374 2412 laudibus
387 2354 443 2411 sibi
458 2355 598 2411 immerito
612 2354 722 2411 tributis
736 2355 869 2410 maximas
883 2362 974 2428 grates
988 2356 1059 2428 agit:
1075 2358 1188 2431 eiusque

267 2446 451 2518 eloquentiam
464 2451 492 2500 et
506 2445 669 2517 elegantiam
683 2446 821 2502 scribendi
834 2446 922 2502 effuse
935 2448 1119 2503 commendat.

248 2684 294 2756 Et
311 2695 444 2780 quanto
470 2693 571 2778 putas
593 2686 722 2778 gaudio
741 2694 886 2758 evectus
908 2686 973 2756 sim
994 2684 1125 2758 litteras
1151 2696 1229 2759 tuas

149 2812 282 2903 legens,
293 2817 533 2903 quantumque
545 2817 672 2902 praeter
686 2809 824 2879 solitum
836 2807 922 2877 mihi
935 2808 1009 2899 ipse
1023 2808 1231 2899 placuerim?

151 2930 255 3005 Sensi
272 2929 365 3002 enim
385 2932 741 3025 quantulumcumque
765 2949 881 2999 meum
902 2948 1029 2999 nomon
1055 2929 1121 2999 iam
1142 2927 1232 3000 nim·

151 3052 255 3125 bosae
272 3052 368 3148 Alpis
391 3050 649 3123 transcendisse
669 3047 863 3133 cacumina,
885 3057 921 3119 et
940 3070 1003 3141 per
1022 3071 1083 3120 ora
1100 3049 1230 3121 doctis-

153 3176 321 3248 simorum
350 3173 528 3246 hominum
556 3174 715 3266 coeloque
746 3170 892 3244 volitare
922 3170 1134 3263 germanico.
1155 3173 1230 3244 Non

154 3298 281 3383 merui,
301 3298 427 3382 fateor,
443 3296 506 3368 sed
524 3296 559 3366 in
579 3304 911 3389 utramquepartem
930 3295 1047 3380 multa,
1069 3295 1149 3366 licet
1168 3295 1232 3366 im-

153 3422 302 3508 meritis,
314 3421 491 3494 eveniunt.
508 3418 678 3503 Quamvis
698 3429 814 3489 antem
834 3418 936 3490 inane
955 3417 1129 3513 quoddam
1146 3441 1233 3490 ven-

156 3557 260 3639 toque
285 3543 496 3616 simillimum
524 3542 569 3614 sit
593 3541 714 3635 gloria,
743 3540 843 3613 dulce
869 3552 984 3614 tamen
1010 3542 1129 3615 nescio
1149 3542 1234 3636 quid

154 3667 263 3753 inest,
284 3668 380 3762 quod
400 3688 546 3759 magnos
565 3665 670 3738 etiam
691 3664 825 3736 animos
853 3665 962 3759 possit
980 3667 1128 3738 allicere.
1149 3664 1234 3736 Am-

155 3793 289 3887 plector
304 3789 411 3881 igitur
424 3798 555 3860 sortem
569 3810 692 3873 meam,
706 3799 742 3858 et
754 3787 905 3859 oblatam
923 3787 1008 3858 mihi
1024 3789 1235 3862 benevolen-

157 3914 243 3985 tiam
268 3912 352 3983 tanti
378 3911 445 3983 viri
465 3911 715 4005 gloriabundus
735 3909 882 4004 excipio.
910 3912 960 3982 Tu
986 3912 1140 4005 quidem,
1167 3914 1235 3985 etsi

159 4034 343 4130 proculab
368 4035 453 4108 orbe
480 4055 623 4106 romano
648 4033 799 4126 genitus,
828 4054 972 4105 romano
997 4042 1113 4104 autem
1135 4034 1236 4106 innu-

160 4156 262 4229 tritus
281 4155 436 4249 eloquio‚
458 4155 573 4227 latinae
593 4153 677 4225 mihi
698 4153 928 4225 clarissimum
956 4152 1057 4224 iubar
1080 4155 1178 4227 vocis
1201 4166 1236 4227 et

159 4278 359 4371 pervalidos
384 4299 515 4349 nervos
536 4280 659 4361 relerS,
688 4286 885 4368 quantoque
912 4274 972 4346 tibi
998 4274 1129 4348 videris
1150 4277 1237 4349 inie-

161 4401 242 4489 rior‚
265 4412 365 4475 tanto
392 4401 550 4493 superior
575 4421 723 4494 appares
749 4398 856 4469 oculis
882 4410 978 4472 recta
1002 4398 1234 4472 cernentibus.

160 4525 254 4602 Facis
276 4536 318 4600 ut
337 4523 435 4618 quod
454 4524 498 4596 de
518 4522 612 4597 ltalia
632 4522 761 4596 dictum
783 4533 851 4604 est,
874 4523 940 4596 iam
963 4525 1063 4616 plane
1088 4524 1131 4596 dc
1151 4523 1237 4592 Ger-
