2738 5062
140 644 201 705 tat·
471 655 512 703 nn
533 654 633 703 naeus
654 652 877 702 rnurtrnnmus

140 813 232 876 mus;
252 789 387 883 dequo
408 790 501 882 loqui
523 789 637 860 sciens
657 788 703 860 ad
724 788 883 859 ultimum
903 788 1101 871 reservavi,
1122 789 1213 881 quod

141 916 271 989 scilicet
288 925 466 985 senatores
478 911 560 994 duo,
577 913 636 1005 qui
649 934 669 982 e
683 921 778 984 tanta
794 910 1065 1005 conscriptorum
1079 921 1214 1007 patrum

141 1037 335 1132 frequentia
361 1046 565 1130 supersunt,
593 1034 705 1107 videri
729 1044 877 1129 possunt
905 1034 941 1105 in
970 1036 1044 1107 loco
1069 1035 1215 1109 duorum

140 1162 322 1233 consulum
344 1158 572 1231 successisse.
595 1158 639 1229 Ut
653 1158 746 1230 enim
763 1157 818 1229 bic
834 1155 951 1241 habet,
971 1155 1095 1229 sicilie
1113 1154 1215 1229 finem

140 1284 262 1356 habuit
282 1283 522 1375 magistratus;
544 1293 741 1384 senatorum
762 1290 917 1375 potestas
939 1279 1128 1353 terminum
1150 1303 1217 1355 nou

140 1407 303 1481 babebat.
329 1409 379 1478 De
413 1407 480 1478 hoo
514 1405 618 1498 igitur
643 1406 825 1477 consulatu
848 1403 1009 1498 quotiens
1033 1412 1071 1475 et
1088 1416 1217 1498 quanta

142 1528 376 1622 indignatione
396 1538 563 1599 certatum
585 1525 680 1597 sitsi
701 1535 861 1597 retexere
880 1524 1054 1619 incipiam,
1075 1526 1216 1618 elonga·

143 1665 198 1726 tur
214 1653 259 1724 ab
275 1652 434 1745 epistolae
448 1648 529 1734 fine,
545 1648 588 1721 ad
600 1670 705 1742 quem
718 1648 864 1732 festinat
880 1648 999 1721 oratio.
1017 1649 1094 1722 Hoc
1111 1670 1217 1721 nosse

142 1775 304 1857 sufficiat,
331 1773 426 1866 quod
458 1795 537 1844 cum
569 1770 668 1866 plebs
695 1792 837 1843 romana
862 1773 989 1844 summi
1020 1771 1129 1843 etiam
1154 1772 1217 1843 loci

141 1907 274 1992 partem
311 1904 484 1990 posceret,
520 1895 625 1988 idque
655 1893 822 1967 nobilitati
857 1917 1033 1966 summum
1065 1893 1217 1967 dedecus

144 2021 336 2103 videretur,
360 2041 495 2090 summa
516 2019 551 2090 vi
578 2018 724 2100 obstitit;
750 2016 796 2088 ad
819 2028 1028 2102 extremum,
1051 2018 1146 2089 utin
1165 2040 1219 2091 re·

143 2143 262 2235 liquis,
286 2142 377 2214 victa
396 2141 570 2226 occubuit,
593 2142 781 2235 multisque
796 2141 878 2213 binc
894 2140 974 2213 inde
989 2143 1218 2216 contentioni—

142 2264 208 2336 bus
226 2265 374 2355 agitatis‚
396 2263 506 2357 primo
526 2264 666 2355 quidem
685 2266 730 2336 ad
749 2264 784 2335 id
800 2264 988 2337 deventum
1006 2278 1072 2349 est,
1090 2277 1216 2339 utnon

142 2389 314 2471 consules,
339 2385 402 2457 sed
427 2387 601 2457 consulari
627 2397 797 2480 potestate
822 2388 985 2482 permixti
1005 2388 1136 2461 tribuni
1157 2390 1220 2462 mi-

142 2512 240 2581 litum
256 2521 404 2602 quatuor
417 2519 634 2593 crearentur;
654 2532 804 2603 cumque
819 2533 863 2582 ne
882 2511 962 2583 binc
979 2512 1085 2582 etiam
1107 2509 1218 2607 plebis

142 2633 247 2704 animi
267 2633 501 2726 quiescerent,
522 2634 616 2726 quod
632 2632 693 2705 diu
712 2641 844 2705 tumore
862 2633 1037 2729 superbiae
1054 2641 1217 2725 negatum

19 2750 24 2761 '
144 2766 231 2841 erat,
255 2756 396 2828 iustitiae
417 2756 550 2828 viribus
571 2766 626 2829 est
645 2757 836 2841 obtentum,
864 2767 902 2828 ut
920 2756 1076 2852 plebeius
1097 2758 1218 2829 consul

146 2881 243 2953 iuxta
261 2880 442 2975 patricium
461 2881 610 2966 sederet,
628 2892 663 2954 et
679 2902 893 2954 communem
909 2880 1055 2974 patriam
1072 2888 1110 2950 et
1125 2900 1218 2952 com·

145 3005 241 3077 muni
261 3028 367 3100 opera
387 3016 522 3099 partum
543 3005 724 3099 imperium
742 3003 813 3097 pari
834 3013 995 3094 regerent
1013 3002 1205 3076 maiestate.

243 3131 330 3212 Quae
353 3129 382 3199 si
403 3151 501 3211 vera,
530 3127 560 3197 si
585 3125 678 3218 apud
697 3127 908 3197 clarissimos
934 3125 1119 3199 historicos
1140 3138 1217 3200 nota

143 3263 235 3337 sunt,
251 3251 335 3345 quid
349 3250 548 3321 dubitamus
561 3247 675 3320 adbuc
688 3249 835 3341 longius,
850 3249 1148 3344 providentissimi
1160 3272 1217 3346 pa

144 3386 230 3457 tres,
252 3383 314 3443 aut
333 3372 417 3465 quid
437 3371 670 3443 hortatoribus
691 3370 909 3465 indigemus?
929 3373 965 3444 Si
985 3373 1215 3446 Romanorum

143 3496 327 3568 calamitati
347 3494 571 3580 miseremini,
588 3496 618 3567 si
631 3495 707 3589 pios
725 3495 888 3568 humeros
910 3497 1090 3568 immensae
1109 3497 1216 3569 ruinae

145 3618 315 3691 subiicere
334 3617 561 3700 decrevistis,
583 3617 658 3690 eius
680 3620 844 3713 temporis
863 3621 1025 3712 exempla
1052 3620 1217 3714 sequimi·

144 3745 193 3827 ni,
221 3764 289 3834 quo
318 3742 399 3813 urbs
425 3742 482 3813 illa
513 3741 558 3812 de
591 3741 697 3813 nihilo
729 3743 882 3814 surrexit
914 3741 960 3814 ad
990 3742 1119 3828 sidera,
1150 3763 1217 3814 non

144 3864 263 3948 buiuS,
285 3863 418 3957 quode
439 3874 544 3936 tantae
565 3865 702 3958 fastigio
722 3868 869 3937 iortnnae
890 3887 989 3960 paene
1010 3867 1055 3938 ad
1072 3866 1218 3938 nihilum

144 3997 199 4058 est
219 3989 368 4061 redacta.
391 3989 555 4061 Dubitare
577 4011 643 4061 non
664 4002 821 4082 oportere
842 3989 1004 4074 arbitror,
1027 3989 1111 4082 quin
1133 3988 1218 4062 urbs

146 4109 253 4181 Roma
275 4117 401 4185 multos
420 4124 455 4186 ct
475 4112 658 4184 nobiliores
679 4124 715 4185 et
735 4112 894 4184 meliores
921 4113 1047 4186 babeat
1066 4111 1138 4198 bis,
1159 4112 1218 4207 qui

146 4235 219 4306 solo
240 4234 424 4325 nobilitatis
442 4235 646 4328 cognomine
665 4237 805 4328 gloriosi
822 4239 947 4310 coelum
966 4245 1148 4330 terrasque
1168 4238 1220 4308 la-

147 4354 302 4437 stidiunt,
325 4379 413 4447 quos
434 4378 513 4447 ogo,
537 4358 566 4427 si
587 4357 666 4429 troni
688 4369 800 4440 erunt,
823 4357 957 4430 nobiles
979 4381 1046 4430 non
1067 4357 1218 4451 negabo,

148 4499 307 4550 romanos
328 4490 422 4549 certo
448 4503 515 4550 non
542 4502 609 4571 ego
634 4484 740 4563 solus,
777 4482 840 4553 scd
873 4482 947 4575 ipsa
979 4482 1081 4553 ctiam
1116 4492 1220 4574 negat
