2738 5062
332 628 423 676 LlBEll
445 626 746 677 sternutamento&
758 629 962 681 *epistota
983 631 1026 679 Ill.
1164 621 1223 682 433

141 776 237 838 esset
259 787 348 836 unus
383 765 437 833 vir
463 765 667 836 universum
693 767 859 857 populum
882 788 948 834 non
970 766 1109 849 audere,
1132 768 1224 839 Mar-

141 911 204 958 cus
227 886 393 958 Claudius
411 887 594 957 Marcellus
613 887 647 956 in
662 887 815 958 medium
837 885 1051 972 trahebatur,
1072 890 1222 981 quicum

140 1009 198 1080 dic
222 1031 290 1080 uno
310 1006 483 1079 adversus
503 1008 640 1076 bostem
668 1006 937 1078 bellacissimum
964 1029 1067 1101 aequo
1092 1022 1224 1082 certas-

141 1142 196 1203 set
214 1139 361 1214 eventu,
383 1141 419 1201 et
438 1128 529 1200 idem
551 1126 607 1197 die
630 1130 790 1221 proximo
812 1129 927 1201 victus
948 1141 1058 1216 esset,
1077 1132 1134 1204 die
1155 1142 1225 1205 ter·
1279 1113 1282 1119 ⁵

142 1255 187 1326 tio
207 1274 375 1325 reversus
397 1252 431 1321 in
451 1252 559 1323 aciem
585 1250 751 1322 victorem
772 1251 853 1323 vicit
874 1253 1110 1325 Hannibalem.
1134 1255 1224 1326 Cita-

142 1376 243 1446 batur
263 1375 297 1443 in
320 1383 443 1444 testem
471 1373 590 1444 Caesar
612 1374 671 1464 qui
689 1373 732 1444 ad
755 1373 965 1444 Durachium
991 1375 1071 1445 licet
1096 1375 1224 1447 absens

143 1499 268 1579 victus,
300 1498 379 1567 suso
404 1496 585 1577 exercitu,
625 1483 757 1567 amisso
786 1495 987 1567 centurione
1020 1498 1221 1582 fortissimo,

142 1643 224 1693 mox
252 1620 286 1690 iu
312 1617 493 1689 Thessalia
517 1638 645 1709 magno
671 1619 788 1711 praelio
815 1618 925 1690 victor
947 1620 1021 1691 luit.
1043 1621 1090 1690 Et
1114 1632 1153 1692 ut
1172 1623 1224 1692 vi·

142 1744 238 1812 rilem
260 1740 428 1835 pudorem
454 1740 628 1810 imminete
654 1739 793 1810 virtutis
819 1741 1043 1835 exprobratio
1070 1763 1224 1835 praegra-

141 1872 255 1947 naret,
283 1861 487 1933 meminisse
513 1861 676 1933 iubebam
710 1862 851 1965 gloriosi
877 1863 1055 1946 facinoris,
1083 1863 1224 1956 quando

142 1987 312 2058 Thamiris
323 1984 475 2080 Scythiae
486 1984 614 2076 regina,
630 2006 710 2077 quae
720 1984 766 2054 ab
779 1985 835 2055 illo
848 1985 1032 2057 formidato
1046 2008 1128 2079 rege
1141 1988 1223 2058 Per-

142 2131 258 2180 sarum
273 2110 363 2205 Cyro
376 2107 514 2198 magnis
536 2127 703 2198 percussa
721 2107 939 2199 vulneribus,
957 2129 1051 2180 caeso
1063 2131 1125 2202 per
1137 2109 1223 2181 insi-

142 2233 218 2303 dias
230 2230 397 2312 exercitu,
409 2240 445 2301 et
458 2229 559 2300 unico
572 2226 642 2298 filio
656 2230 919 2314 interlectonon
934 2242 1049 2302 tamen
1063 2229 1220 2302 muliebri

142 2352 419 2424 consternatione
440 2350 575 2422 deiecta
589 2360 652 2436 est,
669 2351 733 2424 sed
750 2353 824 2446 pari
840 2361 913 2425 arte
937 2375 1054 2447 regem
1077 2375 1222 2446 aggres-

143 2499 181 2548 sa
202 2477 377 2558 victorem,
398 2473 561 2545 virtutem
580 2473 768 2546 comitante
794 2478 938 2561 lortuua,
968 2498 1086 2568 regem
1109 2477 1222 2571 ipsum

140 2622 218 2671 cum
238 2597 397 2669 ducentis
418 2596 603 2666 Persarum
625 2596 776 2669 millibus
794 2599 828 2669 iu
850 2607 1020 2669 aeternum
1048 2620 1221 2669 rnemora·

142 2721 198 2790 bili
219 2720 348 2790 ultione
369 2717 544 2787 mactavit.
567 2717 649 2787 Haec
662 2728 697 2786 et
710 2718 835 2788 horum
856 2717 979 2787 similia
1005 2717 1089 2787 dum
1111 2717 1222 2809 prima

142 2843 225 2914 tacie
245 2842 375 2913 dictare
398 2860 524 2929 magno
554 2838 683 2931 impetu
704 2839 811 2908 animi
829 2839 1025 2931 coepissem,
1053 2839 1097 2910 ad
1118 2862 1221 2911 aures

144 2986 236 3036 meas
258 2964 368 3058 primo
390 2982 490 3031 mane
512 2961 682 3054 perlatum
699 2969 765 3045 est,
793 2963 926 3032 nullum
945 2958 1140 3053 magnificis
1161 2983 1222 3033 vo

142 3085 241 3157 cibus
261 3087 373 3157 locum
402 3104 506 3155 esso:
541 3081 710 3153 cecidisse
740 3081 864 3154 animis
887 3083 997 3153 victos
1030 3092 1065 3154 et
1098 3083 1222 3174 agitari

142 3205 233 3300 apud
252 3226 328 3301 eos,
353 3205 534 3276 humiliora
555 3203 667 3275 dicam
686 3226 730 3274 an
756 3204 910 3277 cautiora
936 3202 1079 3274 consilia
1106 3203 1222 3275 nescio

140 3329 278 3425 quidem
296 3327 430 3407 adhuc;
452 3327 715 3419 expectabimus
742 3325 846 3396 finem
879 3324 1115 3418 iudiciumque
1141 3325 1223 3396 taci-

141 3455 216 3525 lius.
241 3452 337 3522 Tunc
364 3460 480 3521 tamen
507 3451 681 3534 intremui,
717 3453 844 3532 fatcor3
876 3448 1080 3543 abiectoque
1104 3450 1224 3542 procul
1279 3538 1284 3547 Ι

140 3576 285 3654 calamo,
309 3592 443 3641 mecum
462 3572 555 3663 ipse:
578 3570 662 3663 quid
680 3573 771 3662 ago?
791 3568 947 3662 inquam:
970 3592 1015 3641 an
1037 3569 1121 3642 illud
1138 3569 1224 3640 obli-

143 3706 197 3766 tus
229 3716 308 3764 sum
347 3693 504 3762 uirtutem
536 3695 637 3763 verbu
669 3716 736 3763 non
770 3691 912 3763 addere?
944 3695 1068 3767 Actum
1094 3706 1149 3765 est
1179 3692 1223 3763 de

140 3816 248 3907 gloria
276 3815 373 3885 urbis
404 3814 508 3898 illius,
538 3816 599 3887 sed
630 3816 821 3888 serendum.
857 3817 962 3886 Cuius
993 3818 1086 3887 enim
1108 3817 1223 3908 gentis

141 3939 343 4011 immortalis
364 3940 430 4009 erit
448 3940 560 4009 virtus
582 3962 660 4008 oum
683 3942 788 4010 fucrit
809 3959 951 4008 romana
978 3939 1158 4009 mortalis?
1182 3940 1225 4009 Et

142 4063 287 4135 urbibus
321 4074 356 4135 et
393 4062 468 4134 orhi
502 4069 664 4131 senectus
698 4072 754 4132 est
791 4081 862 4142 sua,
904 4082 1007 4130 suum
1033 4061 1249 4143 declivum,'

141 4185 226 4278 (sio),
272 4207 337 4257 sua
375 4206 479 4256 mors.
518 4183 573 4254 Ad
612 4181 716 4252 finem
756 4189 880 4252 cuncta
919 4184 1098 4255 festinant:
1141 4184 1224 4255 sub·

141 4292 257 4379 cunda
287 4327 414 4397 magno
443 4303 559 4373 animo
591 4313 787 4372 creatarum
824 4323 940 4372 rorum
967 4305 1120 4375 omnium
1147 4327 1223 4376 sors

141 4431 355 4501 communis:
390 4425 506 4498 omnia
533 4438 607 4495 orta
637 4423 815 4505 occidunt,
845 4438 879 4496 et
900 4400 999 4498 aucta
1027 4436 1222 4498 senescunt.

273 4563 298 4596 u.
1038 4546 1069 4594 :¹8
