2738 5062
348 632 441 681 elenu
462 631 753 682 OCTAVUSDECIMUS.
765 652 805 665 -··
816 632 969 684 uersuum
992 634 1032 683 tx.
1169 625 1229 687 493

568 908 746 974 epistota
765 909 811 973 lx.

335 1097 527 1149 Fuuuclscus
548 1097 717 1147 Perennae
737 1094 915 1146 Futuctsco
937 1097 1043 1147 rutum

460 1200 652 1251 SANCTORUM
674 1199 916 1250 nuosuuuultuu.

299 1358 379 1425 Quod
396 1357 521 1430 apnueis
535 1356 564 1411 in
579 1356 667 1427 patria
681 1361 812 1411 noscatur
826 1356 885 1411 eius
900 1355 975 1410 leudi
990 1358 1080 1412 vertit.

247 1607 349 1692 Quod
365 1607 482 1680 visum
495 1607 575 1691 snit,
588 1607 747 1700 epistolae
759 1618 828 1679 tuae
841 1607 1005 1700 respondi
1018 1619 1055 1681 et
1072 1608 1149 1682 misi
1167 1633 1229 1706 per

150 1732 326 1808 sortnimn
353 1730 539 1824 quemdam
567 1739 698 1801 nostrae
720 1730 931 1827 Reipublicae
953 1732 1127 1818 nuntium,
1147 1755 1227 1806 oum

149 1879 217 1951 quo
233 1855 343 1926 muita
363 1853 408 1926 de
429 1863 472 1937 te,
499 1852 535 1923 in
561 1851 687 1947 quibus
709 1853 793 1925 iiiud
814 1855 969 1951 apprime
995 1856 1078 1927 mihi
1100 1856 1229 1951 placuit

149 1976 376 2073 quodpatriae
389 1985 424 2047 et
442 1973 580 2047 civibus
600 1997 721 2068 parum
743 1987 858 2059 notus.
879 1999 992 2069 eoque
1012 1977 1095 2050 mihi
1116 1980 1227 2052 notior

147 2099 339 2191 clariorque
358 2107 393 2169 et
410 2097 522 2169 carior
538 2118 589 2168 es.
609 2099 751 2192 Semper
767 2099 811 2172 de
829 2110 861 2172 te
877 2099 966 2173 bene
984 2102 1140 2197 speravi:
1159 2102 1226 2174 iam

147 2242 288 2319 sperare
309 2219 443 2292 desino.
465 2222 553 2316 Spes
572 2220 665 2292 enirn
691 2222 809 2294 incerti
831 2224 1039 2318 venturique
1063 2224 1145 2297 boni
1166 2247 1228 2299 no-

144 2368 240 2428 men3
261 2353 298 2416 et
316 2343 399 2414 mihi
419 2341 463 2415 de
487 2342 610 2415 teiam
634 2344 719 2414 nihii
743 2344 862 2417 ineerti
884 2357 951 2418 est.
977 2347 1166 2444 Epicurum
1187 2368 1228 2420 ac

143 2467 377 2543 Democritum
413 2466 681 2539 studiosissimae
719 2469 856 2541 urbium
888 2469 1037 2544 Athenae
1073 2473 1225 2541 famosos

144 2593 275 2667 mundo
299 2592 449 2675 aepulas,
477 2590 543 2661 sibi
568 2600 686 2661 autem
712 2591 904 2682 incognitos
931 2590 1095 2663 habuere.
1122 2591 1225 2660 Mire-

143 2740 223 2790 mur
242 2717 272 2788 si
294 2726 328 2789 te
344 2712 532 2787 mercatrix
548 2724 583 2785 et
600 2711 733 2787 iauiiiea
752 2723 869 2785 nostra
886 2734 956 2783 non
974 2710 1130 2784 noverit?
1152 2713 1225 2784 Ma-

143 2862 252 2935 gnum
273 2842 385 2910 iuonm
407 2838 574 2910 haetenus
600 2837 635 2907 in
661 2848 780 2909 nostra
799 2836 948 2908 amicitia
973 2836 1125 2909 tenuisti.
1147 2839 1222 2922 En,

142 2984 249 3059 quem
270 2961 483 3055 impossibiie
509 2958 703 3031 arbitrabar
728 2961 822 3054 quod
846 2961 934 3032 alter
958 2961 1119 3046 anteiret,
1148 2961 1224 3056 ipse

143 3098 178 3160 te
199 3084 317 3182 praeis.
334 3084 385 3157 ite
402 3083 543 3178 quidem
578 3085 632 3156 iiie
663 3105 719 3154 me
732 3114 736 3119 ·
751 3084 796 3154 de
823 3095 868 3167 te,
890 3106 993 3176 quem
1015 3083 1102 3156 faeie
1123 3087 1223 3177 piane

142 3215 258 3291 norat,
278 3207 381 3302 quasi
405 3207 451 3279 de
475 3206 644 3278 Dindamo
668 3215 729 3277 aut
748 3207 874 3278 Gaiano
891 3203 1053 3278 indorum
1070 3206 1223 3301 philoso-

143 3330 222 3424 phis
242 3330 439 3422 loquentem
457 3329 578 3414 audiit,
597 3329 762 3401 attonitus
783 3340 887 3421 atque
909 3350 1114 3422 suspensus,
1136 3326 1224 3402 defi·

143 3451 200 3523 xis
219 3452 254 3522 in
275 3454 332 3522 me
350 3451 474 3535 oeulis,
497 3464 532 3523 ot
553 3454 650 3523 velut
666 3452 810 3524 horrore
829 3453 910 3524 novi
937 3452 1083 3527 monstri
1104 3452 1224 3525 euius-

142 3574 233 3668 piam
258 3575 568 3659 commentantis
594 3575 676 3647 dum
703 3599 772 3648 nun
790 3578 850 3649 tibi
876 3578 940 3649 sed
964 3599 1049 3649 vero
1067 3576 1224 3671 adstipu-

142 3696 242 3768 larer.
264 3696 339 3788 Ego
358 3707 479 3768 contra
501 3706 678 3791 stuporem
699 3722 769 3771 non
790 3701 913 3774 insulsi
933 3701 1083 3773 hominis
1105 3712 1223 3794 stupe-

141 3816 234 3903 ham,
256 3831 293 3891 et
310 3830 349 3892 ut
368 3822 435 3893 dici
461 3825 551 3893 solet
575 3824 608 3893 in
635 3824 714 3896 sinu
741 3825 864 3894 tacitus
884 3821 1097 3913 gaudebam:
1117 3832 1154 3890 et
1177 3819 1222 3889 ad

141 3959 197 4012 me
217 3937 421 4014 identidem:
444 3955 595 4037 quantus
616 3954 672 4013 est
692 3944 747 4014 ille
764 3964 864 4013 meus
880 3942 981 4012 cuius
999 3941 1054 4012 hie
1072 3963 1153 4011 oum
1173 3943 1222 4011 ia-

141 4073 219 4133 tera·
234 4063 363 4136 viderit
394 4065 558 4137 verticem
591 4078 684 4137 certe
716 4086 784 4136 non
814 4063 919 4134 vidit!
948 4065 1034 4134 Poto
1067 4061 1221 4136 nubibus

139 4185 273 4256 uinctus
305 4198 396 4269 erat;
430 4188 523 4280 quod
556 4189 707 4259 excelsis
741 4185 916 4258 montibus
948 4187 1129 4270 usuvenit;
1152 4189 1221 4260 irno

140 4325 226 4377 vero
242 4305 355 4378 nubes
375 4319 594 4392 excesseram
611 4308 704 4401 quod
725 4309 754 4378 si
775 4309 922 4402 Olympo
939 4307 1063 4392 datur,
1090 4320 1221 4402 quanto

138 4425 240 4498 altior
268 4428 325 4501 iila
355 4452 437 4522 pars
470 4430 596 4501 animae
617 4443 670 4500 ost
693 4430 895 4524 passionum
921 4429 1067 4502 nebulas
1099 4451 1219 4522 snper-
