2738 5062
193 680 254 740 400
535 690 577 738 ns
598 689 698 738 annus
719 688 940 738 rnuurnuutus

195 828 376 919 utriusque
395 798 497 895 curas
525 825 696 914 longeque
721 823 873 894 diuersis
897 822 1187 916 occupationibus
1214 822 1288 895 oir-

194 949 389 1021 cnrndatam
408 947 514 1017 vitam
536 945 628 1015 novi.
655 944 778 1015 Habito
799 944 935 1016 interim
953 944 988 1015 in
1000 956 1164 1018 extremo
1182 944 1284 1017 urbis

193 1073 237 1145 ad
249 1071 426 1143 occiduam
443 1072 578 1162 plagam
595 1089 695 1139 secus
709 1067 882 1138 Ambrosii
897 1067 1090 1138 Basilicam.
1110 1066 1283 1139 Saluber·

193 1193 280 1263 rima
300 1190 425 1261 domus
442 1199 509 1274 cst,
529 1191 656 1260 laevum
675 1188 719 1260 ad
736 1188 895 1261 ecclesiae
911 1192 1018 1268 latus,
1036 1208 1119 1281 qnae
1135 1200 1223 1259 ante
1240 1210 1282 1261 se

192 1311 391 1407 plumbeum
420 1311 537 1402 templi
567 1311 803 1403 pinnaculum,
832 1311 1058 1404 geminasque
1087 1320 1209 1382 turres
1241 1311 1281 1382 in

193 1436 373 1524 ingressu,
397 1444 489 1504 retro
514 1444 630 1505 autem
659 1432 784 1504 moenia
805 1432 901 1503 urbis
920 1443 957 1502 et
976 1433 1180 1505 frondentes
1206 1435 1281 1505 late

192 1576 295 1647 agros
317 1565 423 1647 atque
439 1557 536 1649 alpes
558 1554 722 1647 prospicit
738 1553 881 1625 nivosas
901 1563 1024 1625 aestate
1044 1553 1112 1624 iam
1132 1563 1278 1627 exacta.

192 1677 483 1749 locandissimnm
498 1685 613 1746 tamen
629 1697 676 1746 ex
688 1674 851 1747 omnibns
865 1678 1099 1768 spectaculum
1108 1674 1276 1761 dixerim,

192 1799 286 1891 quod
305 1820 411 1885 aram,
430 1821 534 1891 qnam
555 1819 625 1869 non
645 1797 695 1890 (ut
711 1797 755 1868 de
776 1796 937 1868 Africano
951 1784 1104 1890 'loquens
1126 1798 1276 1893 Seneca)

193 1922 416 2013 sepulchrum
433 1920 517 1991 tanti
536 1920 599 1991 viri
616 1918 726 1990 fuisse
748 1918 918 2013 suspicor,
946 1919 1010 1990 sed
1035 1916 1122 2003 scio,
1149 1918 1279 2011 imagi-

191 2063 340 2134 nemque
353 2043 430 2113 eius
445 2041 590 2113 summis
604 2040 793 2132 parietibus
806 2050 998 2124 extantem,
1013 2062 1120 2133 quam
1133 2040 1183 2110 illi
1197 2041 1277 2113 viro

193 2162 402 2232 simillimam
420 2165 510 2233 fama
527 2163 601 2245 lert
621 2182 716 2255 saepe
734 2161 1005 2233 venerabundus
1021 2161 1058 2230 in
1075 2181 1168 2232 saxo
1186 2183 1276 2256 pene

192 2283 310 2351 vivam
326 2283 581 2373 spirantemque
599 2282 760 2374 suspicio.
776 2283 814 2354 ld
829 2283 912 2353 mihi
931 2305 998 2354 non
1016 2285 1107 2353 laeve
1123 2282 1276 2376 pretium

192 2403 387 2475 adventus:
408 2401 474 2473 dici
495 2402 587 2472 enirn
609 2424 677 2472 non
698 2413 811 2494 potest
830 2404 959 2496 qnarita
979 2404 1101 2475 frontis
1122 2402 1278 2476 auctori·

194 2535 255 2609 tas,
269 2534 398 2616 quanta
411 2523 574 2595 maiestas
592 2523 776 2615 supercilii,
796 2535 926 2616 quanta
942 2524 1175 2617 tranquillitas
1192 2547 1278 2598 ocu-

192 2648 326 2718 lorum:
348 2668 420 2717 vox
438 2647 512 2716 sola
533 2645 680 2716 deluerit
702 2646 821 2716 vivum
841 2656 878 2717 nt
894 2668 1016 2718 cernas
1034 2644 1276 2719 Ambrosium.

192 2772 274 2841 llaeo
294 2768 472 2840 hactenus.
499 2769 610 2839 Huius
631 2778 746 2839 autem
772 2789 879 2840 morae
906 2768 1070 2860 spatium,
1098 2789 1182 2839 cnm
1208 2766 1279 2861 pri·

192 2915 287 2963 mum
309 2891 392 2961 mihi
410 2911 492 2962 esse
511 2901 629 2961 notum
650 2891 802 2984 coeperit,
822 2889 883 2961 tibi
905 2889 1117 2981 incognitum
1139 2911 1213 2962 non
1229 2888 1280 2963 si·

191 3037 283 3086 nam.
303 3014 399 3084 Vale.

335 3159 492 3228 Mediolani,
510 3160 543 3213 X.
561 3157 701 3213 Kalendas
715 3154 898 3226 Septembris,
914 3160 977 3209 ante
990 3155 1092 3208 lucem.

604 3518 781 3582 EPlSTOLA
803 3518 859 3578 llll.

270 3683 463 3738 rnanclsct's
487 3683 656 3732 Parauaea
676 3683 854 3732 FllllllClSCO
876 3684 979 3731 Plilolll
1000 3682 1197 3733 SANCTORUM

540 3786 771 3835 APOSTOLORUM
792 3786 817 3832 S.
841 3786 868 3834 Ρ.
890 3788 920 3835 lt.
1075 3780 1080 3791 ⁶

229 3928 336 3993 Quibus
349 3925 523 3999 potissimum
539 3922 679 3977 rationum
694 3922 843 3978 momentis
857 3924 909 3979 sihi
925 3924 1006 3979 suerit
1020 3940 1190 3995 persuasum
1206 3932 1238 3979 ut

270 4016 386 4073 lohanni
402 4014 559 4071 vicecomiti
574 4028 681 4068 rnorem
697 4019 820 4084 gereret,
836 4018 863 4068 et
878 4012 1024 4067 Mediolani
1039 4011 1216 4067 consisteret.

286 4233 329 4301 Et
351 4232 577 4304 familiaribus
600 4230 694 4302 curis
713 4229 809 4312 meis,
828 4229 955 4320 quibus
973 4228 1066 4297 nulla
1086 4248 1169 4319 pars
1187 4238 1278 4299 tem·

189 4352 282 4444 poris
294 4354 405 4437 vacat,
417 4362 454 4423 et
468 4352 676 4425 necessariae
691 4351 808 4443 quieti,
824 4371 903 4444 quae
917 4354 972 4421 vel
985 4350 1031 4420 ab
1044 4349 1153 4420 invito
1168 4372 1276 4421 suum

188 4473 315 4564 exigit,
338 4483 374 4543 et
399 4473 576 4545 nocturnis
597 4472 658 4543 Dei
679 4470 849 4555 laudibus,
872 4492 961 4563 quas
980 4470 1126 4560 ingratae
1145 4467 1275 4539 mentis
