2738 5062
424 691 517 740 mssa
537 691 649 741 nonus.
662 651 866 740 —rrrsrouu
887 691 951 739 xnr.
1190 678 1230 739 ts

145 808 342 893 addiderat,
377 817 526 901 utraque
555 788 693 880 tandem
719 819 816 904 parte
838 809 1023 881 victurum.
1053 810 1125 880 Nec
1150 830 1228 880 sum

144 933 286 1007 nescius
307 929 426 1001 mirari
446 938 487 1016 te,
509 950 676 1023 quorsum
698 939 766 1000 tarn
785 931 899 1021 longis
917 928 1129 1001 anfractibus
1152 951 1229 1000 mea

145 1063 267 1150 pergat
275 1053 404 1134 oratio;
415 1053 521 1124 immo
528 1073 623 1137 vero,
634 1053 664 1123 si
676 1052 853 1144 ingenium
863 1062 959 1123 tuurn
972 1052 1063 1136 novi,
1078 1052 1227 1124 iamiam

145 1176 361 1249 conscientia
380 1174 573 1257 vellicante,
594 1174 677 1267 quid
695 1174 808 1247 dicam
826 1184 861 1245 et
879 1175 964 1267 quid
984 1175 1049 1246 sim
1070 1176 1228 1247 dicturus

144 1297 319 1389 intelligis.
335 1297 401 1368 Est
417 1296 481 1380 bic,
501 1308 538 1368 ut
550 1296 656 1379 nosti,
672 1296 962 1388 praeclarissimus
979 1306 1077 1390 pater
1087 1310 1122 1369 et
1134 1319 1230 1369 com-

143 1421 260 1492 munis
283 1418 465 1490 amborum
490 1417 653 1489 dominus
673 1418 784 1490 Guido
809 1418 1038 1490 Bononiensis
1064 1419 1229 1492 Cardine·

143 1544 187 1614 lis
206 1549 245 1613 et
263 1539 475 1634 apostolicae
499 1539 600 1612 Sedis
624 1541 790 1632 Legatus.
817 1540 888 1610 lam
916 1539 1037 1612 taciem
1058 1550 1151 1612 tuam
1179 1542 1230 1610 in-

144 1665 236 1737 tueri
257 1663 401 1746 videcr;
420 1663 613 1735 modestam
634 1663 725 1734 illam
751 1661 859 1734 rubor
879 1661 1018 1735 invasit.
1040 1665 1115 1736 Non
1140 1684 1229 1757 praa-

145 1786 309 1880 sagiebas
335 1807 391 1856 me
418 1784 464 1857 de
496 1784 656 1857 manibus
684 1785 757 1857 suis
785 1797 863 1856 tuas
895 1771 1026 1858 litteras
1051 1787 1226 1880 inspectu·

145 1931 245 1993 rum;
277 1907 428 2001 quodsi
464 1918 671 1980 eventurum
698 1909 910 2001 cogitasses,
945 1920 1123 2001 nunquam
1149 1931 1229 2003 pro·

145 2027 235 2098 lecto
269 2034 338 2095 tam
373 2022 533 2106 molliter,
563 2030 633 2094 tam
665 2023 833 2109 demisse,
873 2046 1065 2119 nunquam,
1093 2025 1137 2096 da
1168 2045 1230 2092 ve-

144 2149 239 2219 niam
261 2146 354 2218 veris
378 2143 597 2230 nominibus,
626 2155 695 2216 tam
722 2146 937 2219 muliebriter
962 2147 1168 2240 loquereris3
1194 2157 1229 2218 et

145 2269 266 2341 sinon
288 2267 380 2351 mibi,
401 2278 438 2339 at
457 2269 580 2338 saltem
599 2267 710 2339 Musis
731 2268 928 2365 hospitibus
946 2270 1033 2341 meis
1054 2291 1225 2363 parceres

146 2411 231 2484 quae
246 2413 292 2460 ue
310 2389 412 2461 modo
433 2388 607 2460 adversus
628 2399 661 2462 te
680 2392 837 2465 numeris
860 2393 936 2465 suis
953 2402 1139 2475 armentur,
1158 2415 1227 2464 nou

144 2512 283 2585 illarum
308 2511 485 2605 patientia,
525 2512 588 2602 sed
628 2515 792 2609 temporis
829 2515 984 2589 brevitas
1022 2537 1129 2587 causa
1161 2524 1227 2585 est.

144 2635 238 2723 Quid
261 2634 353 2705 enim
384 2633 458 2705 ais‘l
482 2653 544 2705 oro
577 2643 633 2705 te:
660 2657 832 2729 cognosce
862 2660 1011 2723 mecum,
1039 2636 1225 2708 verborum

143 2771 282 2832 tuorum
298 2757 480 2828 formulam
496 2783 503 2826 :
520 2756 746 2848 consignatis,
766 2769 806 2831 ut
820 2760 888 2832 dioi
907 2761 1001 2844 solet
1022 2769 1135 2829 tecum
1154 2757 1228 2848 agi-

145 2897 202 2954 tur
233 2879 382 2952 tabellis.
413 2880 512 2950 llunc
545 2880 658 2974 ipsum
692 2880 871 2952 dominum
905 2891 1064 2952 nostrum
1092 2880 1225 2970 arguis

144 3000 288 3097 pungis,
316 3000 517 3096 increpitas,
543 3011 579 3071 et
602 3001 706 3071 nimis
743 3001 958 3074 intoleranda
992 3001 1133 3072 mollitie
1159 3022 1225 3073 uon

144 3123 348 3209 absentiam,
372 3124 444 3208 sed,
467 3132 506 3194 ut
527 3132 563 3194 tu
585 3143 703 3207 vocas,
727 3121 872 3194 exilium
888 3122 964 3194 eius
982 3121 1106 3207 defles,
1129 3145 1228 3216 pere-

143 3246 447 3340 grinationemque
473 3245 729 3318 sanctissimam
759 3254 795 3317 et
825 3266 895 3339 qua
921 3245 1104 3339 gloriosior
1133 3248 1227 3319 nulla

143 3391 223 3442 esse
251 3379 382 3462 potest,
417 3368 514 3440 exilii
545 3368 752 3461 cognomine
779 3367 971 3442 decoloras.
1012 3371 1095 3440 Haec
1126 3368 1227 3441 nimi-

144 3512 220 3560 rum
240 3498 299 3561 est
321 3489 378 3559 illa
404 3497 568 3560 senectus
593 3490 698 3561 animi
723 3512 829 3582 quam
856 3490 891 3561 in
913 3503 948 3564 te
968 3495 1080 3585 luge0,
1105 3495 1225 3567 amice.

143 3608 328 3704 Nunquam
349 3633 418 3704 quo
440 3612 588 3705 primum
609 3611 694 3685 mibi
717 3621 873 3706 tempore
890 3626 994 3686 notus
1015 3638 1095 3687 esse
1112 3639 1227 3710 coepe-

108 3820 113 3828 .
146 3752 205 3802 ras
219 3732 286 3805 ista
305 3733 473 3806 dixisses.
494 3732 670 3806 Deierbuit
691 3726 834 3826 sanguis
860 3744 895 3805 et
919 3734 976 3806 ille
1000 3736 1104 3807 ardor
1123 3758 1225 3826 egre-

145 3853 237 3945 gius,
260 3877 331 3947 quo
348 3857 432 3927 nulli
452 3856 625 3928 secundus
649 3855 841 3941 videbaris,
870 3856 987 3930 abdita
1010 3856 1174 3950 quaelibet
1191 3868 1228 3929 et

144 3976 316 4071 incognita
344 3978 597 4072 perscrutandi.
616 3980 711 4049 ltan'e
728 3979 817 4050 inter
834 3980 1068 4052 curiositatem
1083 3979 1224 4050 anxiam

144 4103 370 4194 ultimamque
402 4102 585 4193 segnitiem
612 4103 696 4173 nihil
728 4114 783 4174 est
807 4101 982 4173 medium?
1010 4103 1136 4172 Parum
1165 4104 1225 4175 tibi

142 4221 277 4294 distans
309 4223 407 4296 ludia
436 4223 631 4295 videbatur.
665 4226 736 4296 lam
771 4222 998 4316 Taprobanen
1024 4231 1059 4293 et
1085 4225 1223 4318 siquid

141 4345 320 4419 orientalis
352 4367 505 4418 oceanus
538 4347 641 4419 habet
665 4346 833 4419 occultius
865 4347 991 4440 cupido
1024 4347 1223 4419 metiebaris

139 4468 305 4563 ingenio:
335 4470 402 4542 iam
426 4470 473 4541 ad
491 4480 686 4542 extremam
703 4470 835 4543 Thulen
853 4469 981 4562 ignotis
998 4470 1157 4542 litoribus
1176 4471 1222 4538 la-
