2738 5062
367 647 459 695 steen
481 647 688 696 uuouuunrus.
702 650 898 698 -srrsrom
923 653 995 699 uin.
1160 642 1215 701 ‘lul

140 792 218 863 bilia
239 799 328 861 sunt
346 789 494 870 caninae,
523 801 561 860 ut
587 789 632 860 ita
653 790 816 875 dixerim,
838 791 917 864 fidei
940 805 1154 886 argumenta.
1178 798 1226 868 Te

139 914 244 1006 igitur
265 911 415 995 amisse,
436 933 506 1003 quo
528 933 607 983 sese
627 923 778 985 verteret
794 914 890 986 canis
910 925 1001 999 tuus,
1018 917 1075 1009 qui
1092 926 1226 989 naturae

139 1034 346 1129 dominique
366 1055 498 1105 memor
515 1035 595 1105 hinc
611 1035 827 1108 solitudinem
849 1039 1020 1123 horreret,
1044 1040 1122 1110 lrinc
1142 1041 1226 1110 alie-

140 1162 281 1254 nigenae
314 1157 499 1229 cuiuslibet
530 1158 778 1250 dedignaretur
804 1160 966 1252 imperia?
991 1161 1092 1244 Quod
1117 1185 1225 1234 unum

141 1282 301 1354 restabat
317 1281 462 1364 misero,
483 1291 598 1352 notam
616 1281 755 1353 domum
770 1284 919 1376 repetiit,
936 1284 995 1356 ubi
1015 1286 1081 1356 sub
1100 1296 1132 1356 to
1150 1288 1226 1358 taete

142 1408 299 1489 vixerat,
323 1414 359 1476 et
379 1426 449 1497 quo
470 1404 598 1476 laudati
620 1428 746 1477 cursus
768 1408 914 1500 palmam
938 1428 1030 1501 saepe
1048 1411 1223 1495 retulerat,

144 1551 241 1625 saepe
279 1537 443 1599 eruentes
481 1530 658 1621 capreolos
695 1531 901 1623 leporesque
935 1531 1132 1604 remiserat:
1163 1556 1226 1605 nee

145 1652 213 1722 ullo
235 1662 376 1721 tuorum
396 1649 464 1721 illie
485 1660 635 1744 reperto,
658 1653 777 1723 clauso
793 1652 882 1723 ostio
915 1653 1158 1726 miserabiliter
1175 1655 1227 1725 in-

146 1775 302 1858 sultans,
324 1772 478 1844 omnium
499 1772 711 1844 adstantium
732 1773 1005 1845 misericordiam
1029 1776 1146 1869 tuique
1166 1775 1228 1846 de-

146 1896 315 1970 siderium
337 1894 512 1966 excitavit.
536 1895 622 1966 Tum
643 1895 792 1987 primum
813 1895 941 1967 damna
962 1908 1080 1969 nostra
1101 1898 1227 1970 sentire

145 2020 328 2115 coepimus
350 2030 468 2111 teque,
490 2039 594 2110 quem
621 2029 829 2111 praesentem
850 2018 1072 2113 putabamus,
1100 2020 1228 2093 abesse

146 2140 404 2239 perpendimus.
432 2142 475 2212 Ut
502 2162 558 2210 me
590 2150 705 2212 autem
731 2140 787 2211 ille
814 2143 1009 2236 conspexit,
1038 2144 1223 2222 infremuit.

148 2285 228 2337 mox
250 2264 397 2335 tremula
416 2262 593 2334 blanditiis
613 2264 723 2336 cauda
750 2277 929 2337 vocantem
958 2280 1078 2360 sponte
1104 2290 1226 2340 conse-

148 2385 273 2480 quitur.
295 2384 393 2456 Nunc
413 2408 548 2457 mecum
577 2386 674 2459 vadit
699 2387 733 2457 in
758 2387 880 2472 silvas,
908 2387 975 2460 sub
998 2412 1053 2460 me
1084 2389 1225 2460 militat:

151 2509 234 2581 mds
255 2507 420 2602 auspiciis
441 2507 510 2579 ruit
526 2506 559 2577 in
578 2508 721 2594 belluas,
740 2511 877 2582 etmihi
896 2533 992 2605 saepe
1009 2512 1226 2603 gratissimas

153 2631 286 2723 naedas
305 2629 392 2722 agit,
412 2639 554 2725 paratus
575 2633 642 2716 ille,
663 2633 692 2703 si
709 2632 843 2715 iubeas,
863 2635 907 2705 ad
926 2643 959 2703 te
977 2634 1105 2716 venire,
1124 2636 1226 2704 laetus

153 2763 265 2825 tamen
288 2752 384 2847 quod
404 2753 538 2824 fortuna
559 2753 652 2825 illum
679 2753 725 2824 ad
750 2754 898 2824 amicum
921 2755 1023 2823 limen
1044 2754 1225 2846 appulerit.

154 2874 242 2947 Vale.

287 3015 331 3071 Ad
347 3015 450 3070 sontem
463 3014 565 3084 Sorgiae
581 3011 655 3065 Vlll.
674 3011 812 3065 Kalendas
825 3010 1004 3082 Septembris.

541 3407 717 3472 EPISTULA
738 3408 829 3471 lllllll.

237 3585 432 3639 t‘ltllrtfflscus
454 3586 622 3635 suentana
645 3586 780 3634 zenobio
802 3584 1003 3635 nonantulo
1025 3585 1051 3633 S.
1073 3586 1100 3633 P.
1123 3584 1151 3632 lt.

154 3729 238 3788 llonet
252 3731 287 3786 de
305 3731 404 3801 exiguo
425 3746 520 3784 errore
542 3745 625 3801 quem
640 3729 668 3784 in
688 3731 809 3784 carmine
828 3729 949 3785 admisit.
972 3728 1090 3784 Litteras
1112 3728 1225 3783 Nicolao

217 3820 356 3875 decisiolo
378 3836 428 3891 per
441 3835 505 3872 eum
522 3818 675 3873 reddendas
697 3821 779 3874 mittit
794 3821 929 3881 inclusas,
945 3818 1046 3889 quibus
1062 3818 1096 3872 ad
1111 3818 1228 3897 redinte-

216 3908 352 3980 grandam
367 3925 430 3962 eum
446 3908 504 3962 viro
519 3908 618 3978 insigni
638 3908 786 3964 amicitiam
800 3910 880 3964 illum
895 3908 1067 3962 adhortatur.

244 4109 315 4180 Vix
336 4108 525 4180 amicorum
548 4109 679 4179 litteras
700 4109 830 4200 aliquot
851 4129 957 4176 unum
980 4107 1014 4175 in
1034 4107 1124 4177 diem
1146 4131 1228 4181 con-

154 4232 306 4323 globatas
340 4230 577 4315 absolveram,
612 4232 695 4302 dum
729 4252 810 4302 ecoe
844 4241 902 4301 tua
932 4239 1090 4300 nostrum
1123 4231 1225 4302 limen

155 4358 277 4447 pressit
294 4358 453 4449 epistola,
468 4377 548 4449 quae
566 4359 645 4427 laete
667 4354 778 4427 visam
799 4374 850 4436 se,
871 4352 900 4423 si
919 4351 1022 4424 vivas
1040 4375 1144 4425 voces
1166 4353 1227 4421 ha-

155 4474 238 4564 beat,
276 4502 342 4550 non
376 4479 525 4571 negabit.
555 4479 652 4550 Venit
683 4499 762 4547 rum
796 4476 850 4548 illa
884 4500 1023 4549 carmen
1057 4474 1223 4547 eximium
