2738 5062
191 701 249 764 532
528 712 569 758 uu
591 712 690 760 nunus
712 712 935 762 raururturuus

192 874 245 936 re,
264 851 330 923 hnc
351 870 455 921 uuum
479 850 569 920 seius
588 847 770 942 epistolam
792 857 886 919 tuam
911 846 998 942 patri
1026 846 1277 940 sororibusque

194 970 403 1070 persimilem
425 969 470 1043 ad
491 993 545 1042 me
566 971 786 1062 pervenisse,
808 992 878 1063 qua
897 972 1043 1042 suavius
1060 969 1160 1054 nihil,
1186 969 1278 1041 nihil

196 1093 355 1169 amicius.
376 1093 477 1165 Sensi
497 1114 544 1164 ex
564 1113 606 1164 ea
634 1091 730 1186 quod
761 1091 842 1162 olim
873 1092 1061 1168 didiceram
1095 1105 1275 1186 expertus,

194 1218 344 1312 qualiter
364 1238 420 1288 rue
438 1214 580 1287 visurus
599 1215 648 1285 sis
666 1213 726 1307 qui
743 1213 959 1308 Romipetam
977 1237 1093 1287 meum
1114 1214 1162 1286 ita
1180 1213 1279 1286 vide-

196 1344 258 1428 ris,⁴
272 1363 378 1435 quem
396 1360 441 1410 ne
458 1360 585 1431 sequar
602 1349 640 1410 ut
656 1336 731 1433 ipse
746 1336 807 1409 tibi
825 1359 923 1434 spem
938 1338 1093 1423 dederat,
1108 1337 1279 1429 Ligustici

197 1475 312 1536 motus
334 1460 536 1557 impediunt.
562 1458 765 1555 Expectabo
794 1482 839 1533 an
869 1482 952 1531 vere
983 1458 1199 1552 tranquiilior
1232 1457 1279 1530 sit

195 1596 393 1660 autumnus.
415 1585 646 1655 procellosum
669 1603 753 1654 sane
779 1580 877 1654 sidus
906 1581 982 1654 haee
1010 1584 1083 1654 lnea
1116 1581 1277 1677 despicit:

196 1708 369 1781 adversus
389 1705 484 1801 quod
501 1704 644 1778 remedii
662 1726 774 1797 genus
795 1704 963 1798 optimum
984 1706 1066 1796 iuga
1083 1715 1150 1776 est.
1176 1705 1274 1776 Heu!

194 1828 279 1923 quid
295 1829 401 1901 dixi?
420 1828 497 1912 Quo
517 1829 609 1900 enirn
626 1837 728 1902 extra
747 1829 896 1901 fortunae
929 1827 1079 1900 tonitrua
1104 1835 1199 1920 patet
1222 1827 1278 1899 iu·

196 1953 265 2041 gat
283 1951 396 2021 Unum
416 1970 502 2041 ergo
528 1949 710 2021 eonsilium
732 1958 788 2022 est
820 1948 915 2032 mihi,
957 1960 992 2022 ut
1021 1969 1140 2041 panem
1171 1968 1278 2040 quam

196 2073 324 2143 frustra
344 2071 575 2166 quaesiviuuus
593 2082 706 2156 extra,
722 2091 924 2165 quaeramus
942 2070 977 2140 in
994 2069 1122 2141 intimis
1143 2068 1278 2173 ,animae

197 2193 353 2278 latebris,
375 2206 411 2265 et
430 2215 535 2286 quarn
562 2192 714 2267 mundus
734 2215 803 2267 nnn
823 2191 943 2278 habet,
966 2201 1126 2287 petamus
1158 2214 1179 2264 a
1211 2191 1278 2262 Dn-

197 2315 299 2384 mino.
319 2316 419 2399 Vale,
438 2318 545 2387 nostri
567 2338 710 2387 mernor.

608 2730 785 2794 uuisioni
807 2732 874 2795 tui.

265 2917 458 2967 Funuctscu's
481 2917 647 2967 Puuuaucn
669 2919 800 2968 GUIDONI
820 2919 956 2968 suurtuo
978 2921 1216 2971 nucnnutcouo

591 3022 748 3071 Genusus}
769 3024 796 3072 S.
817 3024 846 3073 P.
868 3025 897 3073 D.

206 3226 209 3230 .
304 3182 384 3246 Quod
397 3181 491 3251 magni
506 3180 531 3235 is
543 3180 659 3233 aestimet
674 3194 776 3234 nornen
791 3197 874 3235 suum
888 3182 932 3237 his
947 3183 1071 3254 epistolis
1085 3183 1180 3239 inseri.

298 3419 398 3502 Quod
417 3431 484 3491 tam
505 3421 622 3513 magni
640 3421 796 3492 aestimas
813 3441 940 3491 nomen
960 3429 1055 3491 tuurn
1073 3422 1109 3490 in
1124 3420 1275 3515 epistolis

167 3525 174 3537 ’
201 3543 288 3612 meis
311 3543 399 3634 puni,
415 3545 500 3615 iacis
519 3553 557 3616 ut
575 3543 718 3637 reliqua.
739 3543 813 3614 Non
832 3540 924 3613 enim
942 3541 978 3614 id
992 3543 1105 3614 meriti
1122 3542 1201 3628 mei,
1215 3540 1278 3613 sed

200 3662 424 3755 indulgentiae
445 3674 516 3736 tuae
541 3676 607 3735 est.
628 3665 752 3756 Neque
771 3664 850 3735 ideo
870 3684 926 3735 me
947 3663 1167 3757 ingeniosum
1187 3662 1278 3735 arbi-

200 3795 289 3872 tror,
312 3785 375 3859 sed
394 3797 427 3857 te
446 3786 606 3858 amicum.
629 3786 762 3856 Seneca
779 3784 910 3858 Lucilio
928 3806 993 3859 suo
1006 3784 1179 3872 scribens,
1196 3783 1281 3877 quod

201 3910 312 3994 libros,
339 3908 464 4002 iuquit,
490 3928 578 3977 meos
598 3907 687 3976 mitti
710 3905 886 3991 desideras,
908 3929 978 3977 nnn
1001 3909 1107 4000 mauis
1130 3906 1204 3981 ideo
1228 3928 1279 3977 me

200 4028 356 4102 disertam
392 4043 474 4125 prato
510 4052 609 4123 quum
641 4031 820 4116 formosum
845 4040 1011 4122 putarem,
1042 4030 1074 4099 si
1102 4030 1279 4122 imaqiaem

201 4173 310 4222 meam
323 4165 462 4246 peteres.
484 4154 672 4243 Eleganter
688 4150 724 4223 id
744 4149 908 4244 quidem:
929 4150 1011 4245 quis
1031 4160 1087 4223 est
1106 4150 1201 4223 enim
1220 4150 1278 4246 qui

202 4292 271 4342 nou
290 4272 453 4343 deformis
472 4273 581 4359 amiei,
604 4296 708 4367 quam
730 4275 873 4348 formosi
898 4274 1011 4347 hostis
1029 4275 1128 4347 malit
1160 4273 1279 4366 imagi·

202 4390 310 4463 nem?
327 4388 402 4461 Nou
423 4393 514 4463 enirn
535 4395 630 4487 quod
649 4396 816 4483 aestimat,
839 4395 902 4469 sed
922 4418 993 4491 quo
1010 4397 1165 4470 aestimat
1181 4395 1279 4469 meti-

203 4524 272 4596 tur,
293 4509 357 4581 hue
374 4520 429 4583 est
448 4533 516 4584 non
536 4514 641 4587 rebus
660 4516 815 4602 trahitur,
835 4517 899 4591 sed
918 4519 1053 4591 affeetu.
1073 4520 1123 4592 Tu
1141 4536 1277 4613 quoque
