2738 5062
342 692 435 739 ursan
456 688 963 747 ncrxvusnncruus.-urrsronx
983 690 1015 737 11.
1156 680 1217 740 tra

139 841 367 916 gemmasque
383 834 595 896 cometarum
618 825 651 893 iu
672 845 803 895 morem
818 843 912 916 saepe
925 824 1107 915 lugubrem
1120 848 1217 919 pror-

139 969 201 1018 sus
227 970 268 1018 ac
294 947 521 1037 sanguineum
549 947 741 1018 rutilantes.
762 947 899 1016 Donant
919 946 1060 1018 monilia
1084 957 1119 1019 et
1143 947 1218 1019 bal-

138 1070 255 1154 theoS,
276 1069 541 1160 fuliginosorum
558 1068 668 1139 decus
689 1066 871 1140 artificum.
890 1070 1027 1139 Donant
1043 1074 1217 1143 excellen-

140 1191 223 1261 tium
242 1210 330 1284 opus
351 1187 615 1259 architectorum
644 1208 743 1259 arces
765 1198 801 1258 et
821 1189 959 1261 moenia.
982 1191 1033 1262 Tu
1054 1213 1138 1263 vero
1163 1194 1219 1263 vir

138 1311 267 1404 optime
283 1309 368 1381 nihil
386 1309 508 1381 horum
527 1332 607 1402 quae
623 1322 659 1382 et
675 1311 884 1405 opulentiam
907 1314 1085 1404 largientis
1103 1325 1219 1386 osten-

141 1435 262 1506 derent
282 1444 317 1505 et
336 1432 536 1526 accipientis
553 1433 735 1504 avaritiam
756 1434 940 1505 irritarent.
966 1437 1057 1519 Quid
1083 1437 1221 1528 igitur?

141 1556 270 1627 Rarum
289 1575 416 1627 munus
432 1563 467 1625 ct
482 1555 683 1638 iucundum,
704 1577 829 1648 meque
852 1556 994 1639 utinam,
1015 1567 1048 1628 te
1066 1562 1218 1650 prolecto

142 1678 385 1769 dignissimum
407 1688 447 1748 ut
470 1677 555 1747 dixi.
583 1678 673 1761 Quid
705 1680 795 1748 euim
832 1680 885 1748 vir
917 1679 1219 1773 ingeniosissimus

142 1813 246 1891 atque
262 1799 567 1892 eloquentissimus
588 1800 654 1870 nisi
676 1801 789 1893 ipsum
813 1801 940 1892 ingenii
960 1811 994 1872 et
1012 1801 1220 1894 eloquentiae

142 1924 269 1991 fontem
303 1919 426 1991 daret?
460 1920 601 1990 Donasti
622 1922 808 1992 Homerum
838 1942 941 2012 quem
972 1921 1062 1992 bene
1091 1922 1220 1993 divinae

141 2044 253 2114 omnis
271 2042 480 2113 inventionis
500 2043 630 2111 iontem
659 2052 696 2112 et
726 2043 895 2134 originem
925 2054 1055 2113 vocant
1074 2041 1221 2112 Ambro
1332 2096 1338 2107 .

143 2165 217 2235 sius
237 2175 272 2235 et
290 2163 499 2247 Macrobius,
518 2164 599 2235 etsi
616 2185 738 2235 omnes
759 2174 927 2263 tacerent,
946 2186 1004 2235 res
1022 2165 1098 2256 ipsa
1116 2172 1221 2235 testu-

143 2298 209 2369 tur,
231 2285 293 2356 sed
313 2288 461 2356 fatentur
481 2305 614 2356 omnes.
636 2284 710 2377 Ego
727 2297 842 2357 autem
860 2308 907 2358 ex
924 2284 1087 2358 omnibus
1105 2286 1220 2357 sciens

143 2429 251 2477 unum
271 2406 330 2477 tibi
351 2407 623 2499 testem-protuli
637 2464 644 2492 ,
659 2430 762 2500 quem
784 2430 831 2480 ex
849 2409 1011 2480 omnibus
1029 2408 1143 2480 latinis
1161 2407 1220 2477 tibi

144 2530 448 2601 familiarissimum
468 2551 549 2601 esse
573 2530 752 2623 perpendi.
779 2531 850 2602 lllis
874 2531 965 2602 euim
991 2531 1090 2602 facile
1110 2528 1221 2599 credi-

144 2674 222 2723 mus
243 2673 332 2745 quos
349 2672 518 2723 amamus.
546 2652 614 2722 Sed
640 2652 744 2723 redeo
769 2652 814 2723 ad
835 2653 1034 2723 Homerum.
1061 2652 1159 2720 Hunc
1184 2659 1220 2718 tu

144 2774 225 2842 mihi
249 2774 302 2844 vir
318 2773 529 2844 amicissime
551 2774 703 2856 donasti,
726 2773 888 2866 promissi
912 2772 960 2843 tui
982 2771 1083 2840 simul
1102 2793 1142 2841 ac
1158 2771 1220 2841 de-

146 2894 260 2965 siderii
282 2895 349 2965 mei
372 2917 517 2978 memor,
540 2894 702 2987 quodque
730 2915 796 2963 uon
824 2893 996 2964 modicum
1021 2893 1114 2963 dono
1135 2893 1221 2965 adii-

145 3019 202 3100 cit,
224 3019 364 3089 donasti<
381 3040 460 3088 eum
482 3039 550 3089 uon
568 3016 603 3087 in
620 3017 769 3087 alienum
791 3037 984 3086 sermonem
1005 3014 1154 3086 violento
1172 3017 1222 3085 al-

147 3159 212 3209 veo
240 3137 455 3221 derivatum,
482 3137 546 3209 sed
569 3161 616 3209 ex
642 3138 727 3231 ipsis
760 3138 865 3230 graeci
893 3137 1018 3229 eloquii
1053 3137 1220 3207 scatebris

144 3283 268 3354 purum
290 3271 326 3330 et
350 3260 600 3355 incorruptum,
634 3272 670 3332 et
701 3261 813 3354 qualis
845 3262 992 3355 primum
1025 3258 1144 3330 divino
1174 3260 1220 3331 illi

145 3382 478 3476 produxitingenio.
500 3384 678 3453 Summum
714 3383 845 3475 utique,
881 3394 928 3466 et,
964 3383 993 3454 si
1023 3404 1144 3454 verum
1172 3383 1222 3454 rei

145 3505 291 3596 pretium
313 3505 519 3605 exquiritur,
541 3505 777 3576 inextimabile
798 3527 926 3576 munus
946 3507 1074 3589 habeo,
1097 3506 1222 3597 cuique

146 3626 192 3696 nil
212 3628 323 3719 possit
342 3628 521 3711 accedero,
545 3629 575 3698 si
607 3651 685 3699 cum
716 3630 878 3713 Homer0,
901 3630 951 3701 tui
971 3652 1112 3723 quoque
1133 3650 1223 3722 prae-

148 3749 296 3819 sentiam
319 3749 507 3840 largireris,
535 3774 603 3842 qua
628 3753 730 3850 duce·
745 3754 939 3845 peregrinae
965 3754 1093 3843 linguae
1119 3752 1225 3822 intro

147 3892 292 3961 gressus
313 3873 509 3962 angustias,
530 3876 631 3944 laetus
649 3884 683 3945 et
700 3874 772 3944 voti
790 3897 930 3969 compos
948 3875 1039 3944 dono
1058 3885 1115 3942 tuo
1133 3875 1225 3941 lrue-

149 4015 218 4078 rer,
239 3994 477 4086 attonitusque
498 3997 732 4088 conspicerem
762 3998 872 4065 lucem
899 3998 992 4065 illam
1014 4006 1049 4063 et
1069 3994 1225 4088 speciosa

150 4116 335 4200 miracula,
358 4117 547 4209 dequibus
569 4118 601 4185 in
624 4116 702 4185 Arte
719 4119 849 4209 poetica
869 4117 1010 4186 Flaccus
1029 4117 1090 4186 ait:

268 4301 458 4379 llntiplratcm
476 4302 663 4379 Scyllamque
681 4308 711 4363 et
728 4317 797 4364 cum
815 4301 942 4380 Cyclope
959 4303 1127 4381 Garpbdirn'.

150 4487 217 4559 Sed
252 4512 344 4560 nunc
380 4490 447 4558 lreu
482 4487 565 4579 quid
598 4492 723 4575 agam?
743 4490 791 4558 Tu
825 4489 907 4560 mihi
942 4491 1084 4561 nimium
1112 4489 1229 4583 procul
