2738 5062
438 682 531 731 trnnn
553 651 914 733 oremus—nmmum
936 684 967 732 ιι.
1201 672 1240 731 65

160 832 226 891 mm
247 829 380 890 vocant
404 836 509 910 quam
536 818 644 890 vitare
670 839 737 888 non
763 826 925 911 possunt:
946 840 1026 890 eum
1047 827 1178 904 tamen,
1202 831 1241 888 ut

156 929 428 1035 sapientioribus
462 941 586 1034 placet,
618 940 665 1010 nii
698 948 808 1012 morte
845 940 986 1025 metius,
1023 940 1068 1011 nit
1101 939 1239 1032 aequius

153 1086 260 1156 quam
283 1062 341 1132 his
358 1059 586 1154 compedibus
607 1061 786 1135 absolutos
807 1065 841 1132 in
862 1072 1028 1135 aeternam
1046 1062 1238 1141 libertatem

153 1184 280 1256 asseri.
306 1184 438 1254 Verum
459 1184 543 1275 quia
567 1206 626 1255 res
646 1184 810 1276 ambigua
830 1197 884 1257 est
903 1184 1021 1269 valde,
1042 1195 1078 1256 et
1099 1184 1177 1266 soli,
1201 1192 1239 1253 ut

153 1305 316 1389 arbitror,
338 1305 413 1376 Deo
428 1315 523 1388 nota,
545 1306 612 1377 etsi
633 1306 666 1376 in
684 1306 927 1379 communibus
943 1305 1237 1400 disputationibus

152 1429 198 1501 de
218 1427 349 1499 animae
370 1436 461 1497 statu
479 1448 547 1496 non
569 1449 754 1500 vereamur
774 1430 898 1501 afferre
916 1429 1013 1520 quod
1037 1430 1125 1500 ratio
1144 1432 1238 1501 coto-

152 1561 230 1622 rata
250 1548 488 1641 suggesserit,
511 1547 570 1619 ubi
591 1550 764 1624 certitudo
784 1562 900 1623 tumen
920 1552 1103 1643 quaeritur,
1127 1550 1235 1623 tutius

152 1694 235 1745 reor
255 1670 499 1764 suspendisse¹
518 1671 736 1744 sententiam.
766 1673 877 1745 Huius
906 1694 993 1765 ergo
1024 1671 1236 1746 difficultatis

153 1795 336 1888 scopulum
369 1801 620 1888 praetervectus
654 1794 814 1889 procedo.
848 1794 920 1866 Neo
944 1798 1046 1888 longo
1074 1816 1236 1867 sermone

151 1937 242 2010 opus
274 1924 341 1986 est.
376 1915 593 1987 Persuadere
613 1916 698 1987 mibi
724 1938 874 2010 nequeo,
902 1927 936 1989 te
965 1916 1161 1989 ullomodo
1187 1925 1236 1989 tot

152 2038 276 2109 titteris
296 2038 385 2109 meis
406 2037 452 2107 nit
474 2058 723 2132 responsurum
744 2061 833 2125 esse,
857 2040 887 2112 si
907 2040 1060 2112 viveres.
1079 2038 1236 2111 Occurrit

152 2170 269 2232 autem
295 2159 394 2244 iilud,
418 2180 486 2230 non
508 2162 665 2255 potuisse
686 2161 770 2233 mihi
791 2163 875 2234 tanti
897 2162 998 2233 amici
1022 2171 1180 2244 mortem,
1204 2161 1233 2231 si

153 2304 240 2354 vera
271 2295 378 2366 esset,
418 2281 549 2354 diutius
582 2286 761 2370 occultari,
796 2285 1006 2379 quibusdam
1040 2284 1155 2356 adbuc
1186 2306 1233 2355 ex

153 2406 228 2490 his,
253 2404 378 2498 quibus
403 2406 475 2477 cari
503 2428 639 2487 sumus,
668 2409 925 2501 superstitibus.
948 2406 1015 2478 Sed
1034 2428 1109 2478 eam
1134 2428 1232 2499 spem

149 2548 268 2600 novus
300 2529 422 2599 iterum
459 2539 569 2600 terror
599 2528 763 2601 eliminat.
790 2532 855 2602 Est
879 2531 971 2603 enim
1000 2528 1232 2621 quorumdam

148 2650 264 2722 moitis
282 2658 320 2721 ct
338 2651 535 2722 effeminata
553 2651 744 2737 clementia,
767 2652 826 2745 qui
847 2653 968 2724 amicis
988 2654 1134 2723 molesta
1160 2671 1231 2720 non

147 2773 328 2857 nunciant,
352 2774 563 2864 trahuntque
579 2794 621 2844 ac
637 2773 870 2858 dissimulant,
892 2797 937 2845 ne
960 2774 1147 2846 videantur
1169 2795 1232 2842 au-

146 2906 264 2968 utores
274 2917 356 2968 esse
375 2895 538 2980 miseriae,
556 2896 657 2987 quasi
675 2895 1049 2989 miserius-quidquam
1063 2895 1108 2965 sit
1125 2916 1229 2988 quam

147 3038 232 3089 esse
249 3018 432 3101 miserum,
460 3038 523 3087 nec
545 3015 684 3086 sentire.
708 3015 743 3084 in
764 3016 830 3085 hoe
847 3015 949 3084 trivio
970 3014 1120 3105 positus,
1142 3035 1229 3105 quo

146 3160 229 3210 nam
249 3138 369 3211 flectar
389 3137 541 3209 incertus
563 3156 652 3207 sum.
673 3134 877 3223 Sicutenim
893 3134 978 3227 quid
991 3134 1128 3227 cupiam
1146 3135 1228 3213 scio,

145 3260 198 3331 sic
216 3260 338 3332 neseio
354 3259 440 3353 quid
457 3265 610 3353 sperem
632 3280 701 3350 quo
722 3257 762 3328 fit
782 3267 821 3329 ut
840 3257 928 3329 mira
952 3255 1037 3327 mibi
1056 3254 1092 3325 in
1112 3254 1228 3327 animo

145 3383 387 3456 rebellant-ium
404 3383 650 3474 cogitationum
670 3383 771 3455 turba
793 3393 992 3476 consurgat.
1013 3382 1069 3455 Ad
1088 3404 1227 3454 omnem

143 3506 239 3577 enim
259 3506 345 3577 vitae
365 3525 454 3576 meae
471 3505 612 3576 modum
633 3527 703 3576 non
723 3507 802 3577 leve
819 3515 1031 3577 momentum
1052 3527 1146 3577 mors
1166 3515 1227 3576 aut

145 3628 218 3699 vita
238 3638 297 3698 tua
322 3637 387 3699 est.
414 3628 459 3697 Et
486 3626 571 3697 vitae
592 3626 733 3719 quidem
755 3638 825 3699 tuae
847 3650 945 3723 spem
971 3626 1054 3698 mihi
1083 3636 1227 3719 praestat

146 3758 241 3835 aetus,
256 3750 438 3835 modestia,
457 3750 644 3832 valetud03
663 3761 793 3823 terrent
811 3750 923 3824 morbi
943 3750 1105 3842 contagia
1124 3771 1225 3823 reun-

145 3872 282 3957 scentis,
298 3885 333 3945 et
347 3874 473 3944 coelum
487 3873 579 3967 apud
593 3895 665 3959 voc,
682 3882 719 3947 ut
731 3882 933 3956 memorant,
949 3895 1072 3945 rursus
1085 3873 1221 3944 infame.

142 3994 244 4081 Hinc,
264 3995 313 4066 mi
330 3997 445 4080 frater,
464 4018 587 4089 quaeso
605 4008 644 4069 ut
657 3999 910 4091 quamprimum
929 3996 1052 4068 litteris
1072 3996 1140 4067 tuis
1159 4017 1223 4067 ex-

140 4118 265 4212 pedias
297 4120 326 4191 si
361 4120 469 4191 vivis:
504 4117 686 4213 alioquin,
705 4122 734 4193 si
763 4119 848 4214 quid
874 4120 1033 4192 amicitiae
1058 4120 1114 4191 vei
1141 4116 1221 4191 bdei

140 4262 290 4335 usquam
308 4254 379 4327 cst,
402 4241 562 4335 quisquis
582 4244 770 4314 amicornm
793 4243 859 4314 hoc
878 4242 974 4335 legis,
996 4240 1053 4313 his
1072 4263 1129 4313 me
1152 4250 1220 4312 tam

140 4364 278 4435 moestis
300 4364 521 4456 ambagibus,
543 4389 607 4461 per
626 4385 746 4436 omnes
767 4365 938 4438 coelieolas
956 4386 1017 4436 oro
1038 4375 1083 4446 te,
1102 4363 1218 4443 libera,

140 4496 176 4556 et
193 4486 366 4580 quidquid
388 4495 444 4559 est
463 4496 583 4581 aperte
605 4484 786 4558 rescribite
800 4497 942 4560 assueto
963 4488 1029 4559 iam
1052 4482 1217 4566 tristibus,

266 4618 297 4659 11.
1078 4606 1090 4630 r
