2738 5062
174 701 233 765 520
509 714 549 762 nn
570 712 671 762 nunus
692 711 911 795 unumnnmus

174 852 383 920 immensum
403 857 547 918 auctura
567 867 646 917 cum
665 847 817 930 uenerit3
836 858 873 918 et
887 847 944 930 itu,
963 848 1112 939 inquam,
1130 847 1166 918 id
1184 847 1248 920 tibi

174 970 386 1065 promissum
406 967 552 1053 credito,
580 969 611 1039 si
635 966 696 1039 tibi
720 969 833 1040 virtus
854 968 1017 1052 adfuerit,
1046 968 1116 1042 vita
1148 969 1246 1040 mihi.

174 1094 382 1184 Mirantique
401 1103 436 1164 et
454 1091 537 1162 dicti
555 1113 697 1163 causam
711 1089 916 1182 requirenti:
936 1089 1030 1181 quod
1047 1089 1177 1173 adme,
1195 1092 1249 1160 in·

174 1234 296 1306 quam,
310 1208 432 1285 attinet
451 1225 547 1285 tanto
566 1212 661 1306 operi
680 1214 809 1282 iustum
826 1211 903 1281 iure
920 1212 1068 1302 spatium
1086 1210 1248 1294 debetur;

175 1354 271 1424 aegre
290 1334 381 1406 enim
408 1324 590 1425 magnoin
610 1334 781 1424 angustiis
806 1332 1040 1423 explicantur:
1066 1331 1161 1424 quod
1188 1354 1250 1405 au-

176 1467 247 1526 tem
267 1455 313 1526 ad
333 1465 383 1539 te,
407 1455 539 1539 Caesar,
562 1458 609 1527 ita
627 1454 768 1525 demum
792 1450 860 1522 boc
885 1463 919 1524 te
943 1474 1087 1524 munere
1112 1465 1147 1526 et
1171 1456 1250 1527 eius

176 1574 256 1647 libri
275 1576 374 1648 titulo
385 1576 530 1665 dignum
549 1578 649 1661 scito,
666 1578 697 1646 si
709 1596 779 1646 non
800 1577 935 1666 fulgore
947 1574 1097 1646 nominis
1115 1587 1250 1648 tantum

176 1710 239 1771 aut
256 1700 349 1769 inani
367 1696 577 1781 diademate,
601 1697 665 1768 sed
684 1697 790 1769 rebus
812 1696 921 1788 gestis
941 1708 977 1768 ct
995 1695 1125 1768 virtute
1144 1699 1251 1769 animi

176 1818 370 1891 illustribus
388 1831 421 1891 te
439 1831 473 1891 te
495 1820 579 1891 viris
592 1817 830 1911 adscripseris,
845 1829 880 1888 et
897 1819 949 1887 sic
964 1816 1100 1890 vixeris
1116 1832 1154 1891 ut
1170 1842 1250 1891 cum

177 1951 317 2014 veteres
337 1941 477 2033 legeris,
500 1952 537 2012 tu
554 1940 683 2032 legaris
703 1961 724 2011 a
743 1939 904 2034 posteris.
925 1939 1026 2023 Quod
1045 1940 1252 2013 dictum'se·

177 2063 272 2135 renis
293 2066 472 2136 oculorum
493 2063 599 2135 radiis
618 2075 654 2135 et
672 2070 833 2153 augustae
848 2060 971 2131 frontis
993 2062 1074 2132 laeto
1092 2061 1252 2155 probavit

177 2206 338 2256 assensu.
352 2186 473 2277 Itaque
486 2193 777 2279 peropportunum
791 2181 938 2273 aggredi
950 2180 1067 2252 visum
1077 2192 1143 2266 est,
1158 2183 1252 2275 quod

177 2303 380 2377 iamdudum
406 2306 519 2377 lacere
540 2304 741 2378 meditabar.
763 2305 907 2396 Sumpta
935 2302 1042 2401 igitur
1067 2324 1114 2375 ex
1134 2304 1252 2377 verbis

177 2427 372 2511 occasione,
391 2428 522 2520 aliquot
547 2427 614 2499 sibi
634 2448 761 2498 aureas
782 2432 1036 2519 argenteasque
1056 2436 1253 2498 nostrorum

177 2547 371 2643 principum
401 2547 550 2640 effigies,
581 2548 822 2620 minutissimis
852 2569 893 2618 ac
919 2547 1099 2620 veteribus
1131 2549 1252 2621 litteris
1331 2593 1336 2602 ·

177 2672 373 2764 inscriptas,
387 2691 477 2762 quas
496 2671 531 2740 in
552 2669 684 2743 deliciis
703 2668 891 2754 habebam,
909 2668 1001 2741 dono
1021 2670 1112 2754 dedi,
1127 2669 1161 2740 in
1178 2669 1254 2764 qui-

178 2791 246 2864 bus
266 2803 301 2864 et
319 2790 469 2883 Augusti
493 2791 645 2864 Caesaris
676 2792 794 2863 vultus
818 2801 894 2863 erat
922 2811 1012 2883 pene
1042 2790 1194 2885 spirans:
1220 2804 1254 2863 et

177 2936 266 2997 ecce,
281 2913 430 3006 inquam,
445 2913 577 2998 Caesar,
596 2913 724 3006 quibus
746 2913 957 2998 successisti,
967 2894 1057 2982 ¹ecce
1073 2933 1162 3002 quos
1179 2911 1255 2983 imi-

179 3034 245 3106 tari
266 3033 410 3105 studeas
428 3044 464 3105 et
483 3032 610 3118 mirari,
628 3033 673 3105 ad
698 3055 845 3126 quorum
866 3035 1009 3106 sormam
1040 3046 1144 3127 atque
1169 3033 1256 3105 ima·

180 3157 297 3248 ginem
319 3165 352 3227 te
371 3176 573 3248 componas,
596 3175 686 3248 quos
702 3163 830 3247 praeter
849 3166 883 3227 te
900 3179 1022 3240 unum,
1041 3155 1126 3227 nulli
1146 3155 1255 3227 homi·

182 3300 264 3350 num
297 3277 442 3350 daturus
470 3300 584 3349 eram:
615 3286 675 3348 tua
703 3297 758 3347 mc
791 3275 900 3348 movit
930 3277 1129 3348 auctoritas.
1161 3278 1256 3348 Licet

182 3400 273 3469 enim
290 3399 414 3471 horum
435 3422 503 3491 ego
522 3419 639 3471 mores
658 3408 695 3470 et
713 3396 853 3469 nomina
871 3405 907 3466 et
924 3419 981 3469 res
998 3409 1118 3489 gestas
1134 3399 1251 3482 norim,

183 3531 281 3592 tuum
302 3532 445 3593 estnon
466 3521 571 3593 modo
590 3543 697 3592 nosse
718 3519 782 3591 sed
798 3519 912 3612 sequi:
930 3519 991 3590 tibi
1012 3519 1129 3612 itaque
1150 3518 1254 3592 debe·

182 3641 320 3714 bantur.
342 3640 416 3712 Sub
435 3641 502 3713 boc
522 3643 739 3733 singulorum
760 3640 843 3713 vitae
862 3663 1034 3711 summum
1052 3644 1160 3712 mulla
1179 3640 1257 3711 bre·

183 3764 291 3835 vitate
311 3762 565 3855 perstringens,
587 3784 677 3854 qnos
703 3763 797 3855 potui
821 3763 867 3836 ad
889 3762 1055 3834 virtutem
1083 3773 1190 3856 atque
1213 3763 1258 3836 ad

183 3876 513 3960 imitandi‘sludium
539 3886 679 3956 aculcos
704 3884 823 3957 verbis
844 3885 1026 3969 immiscui,
1049 3885 1178 3979 quibus
1204 3887 1258 3957 ille

184 4011 412 4083 vehementer
435 4007 666 4093 exhilaratus,
696 4031 762 4080 nec
790 4010 895 4080 ullum
923 4008 1057 4101 gratius
1082 4008 1258 4103 accepisse

184 4135 429 4204 munusculum
447 4131 547 4205 uisus
560 4143 623 4204 est.
641 4131 732 4216 Quid
745 4141 779 4202 te
792 4133 827 4202 in
845 4130 991 4222 singulis
1006 4133 1144 4201 morer‘l
1155 4131 1259 4201 lllulta

186 4251 234 4323 ibi
259 4275 395 4325 mecum
414 4273 497 4348 quae
521 4255 621 4326 sileo:
643 4277 751 4327 unum
772 4251 878 4347 quod,
901 4262 1055 4346 utputo,
1077 4251 1258 4325 miraberis

185 4395 256 4444 non
277 4373 395 4445 silebo.
416 4375 448 4446 A
467 4376 524 4447 die
546 4388 644 4449 ortus
672 4397 783 4469 usque
804 4375 847 4446 ad
867 4374 957 4447 banc
977 4384 1130 4459 etatem,
1154 4386 1258 4446 totam

186 4495 271 4568 vitae
282 4515 371 4568 meae
387 4495 540 4569 tabulam
559 4498 671 4572 dicam
690 4522 734 4572 an
753 4497 939 4583 historiam,
954 4519 1001 4569 ex
1013 4495 1136 4571 ordine
1153 4496 1261 4572 uoluit
