2738 5062
387 692 479 740 utana
499 691 687 741 uanncruus.
701 708 738 720 -
750 690 898 738 nrusrott
922 691 982 738 rur.
1168 681 1218 740 lul

139 832 240 912 tulor,
265 827 298 899 si
320 827 511 919 compatior
532 825 639 897 labori
661 847 781 921 parum
800 826 873 917 ipse
891 826 974 897 milii
992 828 1219 899 consentiam:

140 952 285 1046 ingenio
307 960 369 1021 tuo
391 970 460 1020 non
479 949 628 1041 compati
654 972 721 1021 non
746 970 900 1042 possum.
927 950 1044 1021 Sentio
1070 973 1219 1045 namque

139 1076 225 1170 quid
264 1073 406 1145 intersit
438 1071 528 1142 inter
559 1092 734 1142 armorum
769 1072 965 1165 strepitum,
1004 1082 1040 1145 et
1074 1072 1218 1144 Pieriam

139 1200 311 1294 quietem,
332 1215 509 1288 quamque
527 1193 675 1266 tenuiter
693 1193 779 1265 inter
796 1194 915 1265 Martis
934 1194 1035 1267 tubas
1054 1196 1219 1288 plectrum

142 1332 247 1395 sonet
266 1317 448 1414 Apollinis
469 1320 556 1403 Quia
577 1338 661 1389 vero
681 1317 764 1386 nibil
788 1317 909 1411 patriae
937 1341 1066 1410 negare
1098 1328 1218 1413 poteS,

140 1466 226 1540 quae
246 1443 294 1515 de
315 1451 349 1512 te
370 1441 420 1512 sic
440 1440 473 1509 in
494 1461 578 1535 pace
598 1440 720 1512 merita
738 1452 804 1523 est,
824 1451 862 1511 nt
878 1463 956 1512 eam
975 1463 1039 1511 neo
1059 1440 1138 1511 belli
1158 1451 1219 1511 tae-

141 1570 220 1653 dio,
242 1588 309 1639 nec
329 1563 452 1637 mortis
472 1574 601 1636 terrore
621 1563 813 1646 desereres,
837 1564 900 1635 sed
917 1563 1037 1634 relicto
1055 1562 1221 1658 tantisper

143 1693 312 1765 llelioono
330 1710 371 1761 ae
390 1686 592 1759 feriantibus
614 1687 750 1770 libellis,
779 1697 920 1757 secutus
946 1708 986 1758 os
1011 1684 1135 1780 publici
1162 1686 1219 1756 lati

143 1816 257 1897 viarm
278 1824 314 1886 et
337 1811 427 1904 grati
450 1810 537 1883 civis
562 1819 598 1880 et
618 1810 697 1881 boni
719 1810 784 1880 viri
808 1819 843 1880 et
863 1809 995 1901 egregii
1020 1808 1119 1880 ducis
1144 1811 1218 1881 offi-

143 1940 200 2012 cio
218 1939 360 2009 functus
381 1956 434 2015 es,
456 1935 503 2006 ita
535 1944 664 2018 tamen,
686 1942 725 2003 ut
750 1944 905 2004 armatus
931 1953 1048 2025 pacem
1074 1931 1218 2023 cogites,

143 2080 270 2157 pacem
295 2079 407 2142 ames,
435 2067 539 2150 atquc
572 2057 618 2127 ita
648 2077 855 2147 persuasum
881 2055 1027 2138 habeas,
1050 2055 1161 2126 nullos
1188 2065 1221 2126 te

147 2182 343 2276 triumphos
354 2179 531 2263 clariores,
547 2182 639 2250 nulla
651 2179 816 2274 opimiora
833 2180 952 2274 patriae
971 2180 1080 2274 spolia
1094 2181 1220 2251 referre

152 2326 267 2401 posse,
284 2325 388 2398 quam
411 2324 541 2396 pacem.
562 2302 733 2390 Libenter,
756 2304 813 2375 nbi
830 2306 874 2378 de
892 2327 974 2399 paco
987 2305 1108 2396 agitur,
1131 2306 1221 2377 llan-

153 2427 278 2501 nibalis
291 2426 399 2499 verbo
416 2438 501 2511 utar,
517 2450 586 2520 quo
600 2427 729 2499 scilicet
744 2450 791 2499 ex
808 2451 868 2500 ore
885 2428 1135 2501 bellicosissimi
1156 2427 1219 2498 viri

149 2550 280 2623 verine
299 2552 374 2646 ipsa
395 2548 557 2620 videatur
574 2552 742 2645 loquentis
764 2553 952 2625 adversum
978 2536 1102 2624 studiis'
1123 2550 1220 2621 testi-

143 2675 300 2749 monium
313 2674 518 2746 extorsisse.
538 2676 570 2747 ls
583 2696 669 2768 ergo
682 2677 776 2767 apud
791 2676 953 2747 eumdem
970 2675 1121 2758 bivium,
1137 2674 1219 2766 quid

141 2798 218 2869 ait?
238 2794 356 2867 ltetar
373 2797 545 2888 tutiorque,
567 2797 690 2889 inquit,
714 2806 801 2865 certa
813 2819 889 2889 poor
905 2818 1002 2884 quom
1018 2804 1150 2886 sperate
1170 2796 1220 2863 vi-

145 2921 262 2990 ctorio.
275 2921 346 2993 Hoc
359 2919 423 3002 ille,
443 2919 605 2990 vincendi
623 2915 798 2989 desiderio
818 2918 953 2999 ardens,
968 2929 1003 2988 et
1022 2917 1081 3009 qui
1100 2937 1218 3008 paoem

148 3052 224 3115 toto
241 3043 322 3116 orbe
343 3043 555 3115 turbaverat.
577 3040 667 3125 Quid
688 3040 792 3133 igitur
811 3039 943 3111 amicus
960 3041 1078 3134 pacis‘.l
1098 3040 1216 3110 Nonne

144 3163 262 3263 potius
284 3166 392 3248 dicat,
420 3165 538 3236 melior
564 3163 783 3256 sanctiorque
809 3173 864 3232 est
887 3172 981 3233 certa
1006 3182 1088 3254 pax,
1115 3180 1218 3250 quam

142 3300 242 3365 certa
260 3290 427 3363 victoria?
445 3290 627 3382 Propterea
644 3288 738 3382 quod
756 3287 811 3358 illa
828 3286 969 3380 quietis,
991 3280 1168 3356 charitatis
1184 3291 1220 3353 et

144 3412 284 3506 gratiae,
304 3412 381 3486 baec
400 3412 526 3483 laboris
545 3420 581 3482 et
593 3413 774 3483 eriminum
786 3421 822 3482 et
834 3410 1025 3480 insolentiae
1037 3410 1136 3503 plena
1153 3414 1217 3475 est.

143 3535 238 3623 Quid
257 3546 374 3607 autern
395 3556 479 3630 paco
505 3536 713 3607 iucundius.l
732 3533 822 3618 Quid
854 3532 1009 3604 felicius?
1028 3528 1118 3614 Quid
1143 3527 1220 3598 dul-

144 3660 247 3733 cius?
267 3658 358 3743 Quid
378 3680 463 3729 vcro
484 3658 558 3728 sine
579 3679 663 3753 pace
684 3658 754 3729 vita
776 3658 968 3740 bominum,
995 3653 1062 3723 nisi
1087 3651 1220 3744 pericu-

144 3782 219 3853 lum
238 3802 417 3875 pavorque
437 3791 638 3876 perpetuus,
660 3801 701 3851 ao
727 3779 835 3851 tristis
858 3799 1019 3850 curarum
1045 3775 1220 3846 immorta-

146 3904 230 3975 lium
251 3903 412 3974 officina‘l
432 3893 598 3985 Quaena'm
619 3903 684 3974 ista
704 3904 878 3996 voluptas
901 3923 976 3983 oro,
995 3910 1051 3971 est
1071 3899 1138 3970 sub
1163 3896 1220 3969 dio

145 4036 366 4119 pernoctare,
394 4028 539 4099 classico
573 4048 730 4098 somnum
764 4030 937 4117 frangere,
965 4047 1091 4117 corpus
1116 4025 1219 4101 lorica

146 4160 265 4245 atque,
293 4162 332 4222 nt
357 4152 405 4221 ait
429 4153 538 4234 allero,
572 4151 731 4222 canitiem
762 4152 860 4242 galea
894 4169 1063 4242 promere,
1099 4148 1218 4221 ferreis·

147 4294 286 4369 semper
300 4273 423 4345 vinclis
436 4283 603 4345 arctatum
623 4274 709 4343 mori
729 4272 852 4356 subito,
872 4284 916 4356 et,
935 4293 1015 4365 quae
1033 4271 1148 4343 ultima
1168 4272 1219 4340 ri-²

146 4420 265 4471 rorum
286 4397 426 4467 sortium
446 4419 529 4467 cura
548 4407 614 4480 est,
637 4396 851 4466 inhumatum
873 4394 994 4466 abiici‘l
1011 4396 1110 4465 laval
1128 4414 1218 4461 mor-a

146 4521 222 4595 daci
258 4519 502 4604 sollicitudine,
533 4520 630 4593 iuvat
663 4529 755 4590 metu
788 4529 823 4588 et
853 4519 932 4591 odio
965 4517 1127 4587 miserum
1159 4535 1218 4585 cor
