2738 5062
393 588 486 637 urnsu
508 592 716 641 uulrueuruus.
735 613 761 621 --
777 596 928 642 umsrml
953 598 993 642 ιιι.
1170 589 1224 647 mr

149 720 309 795 virentia:
325 732 426 797 totus
438 725 473 796 in
486 723 588 797 finem
602 727 781 821 prominet.
795 726 978 800 Pulchrum
994 733 1226 822 spectaculum

149 848 333 939 argutulus
354 846 573 920 adolescens:
595 851 819 923 elementario
836 873 919 923 sene
936 852 981 921 nil
1002 853 1144 946 turpius
1164 877 1227 926 nee

147 970 253 1041 doctis
276 970 430 1043 senibus
453 974 569 1065 placet.
592 973 785 1045 Praestitisti
814 974 910 1045 illud:
944 973 1008 1046 hoc
1036 988 1157 1046 caveto
1183 1000 1227 1048 ne

148 1102 313 1186 praestes:
336 1094 464 1165 melius
488 1116 632 1188 puerum
655 1095 754 1179 mori,
772 1119 877 1189 quam
896 1097 985 1168 inter
1005 1097 1149 1190 puerilia
1170 1119 1226 1168 se-

146 1225 352 1287 nescentem
372 1216 505 1289 vivere.
531 1216 752 1309 Compaterer
777 1218 917 1311 quidem
945 1219 1021 1290 tibi:
1049 1221 1112 1293 sed
1136 1220 1224 1292 bene

147 1335 278 1409 habes:
306 1336 442 1429 integra
474 1347 529 1409 est
560 1348 659 1422 aetaS,
693 1350 729 1411 et
760 1338 874 1411 adbuc
904 1342 1058 1413 mutandi
1091 1343 1223 1413 consilii

147 1468 289 1552 tempus
311 1458 433 1531 habes.
455 1459 524 1531 lllis
542 1460 617 1531 sine
633 1461 865 1533 consolatione
883 1462 1048 1534 misereor
1064 1463 1123 1556 qui
1140 1474 1226 1534 aeta-

148 1591 218 1653 tem
238 1602 351 1676 prope
371 1582 439 1653 iam
463 1592 567 1654 totam
586 1583 619 1654 in
638 1584 703 1656 hoe
722 1584 905 1679 gymnasio
921 1596 1223 1678 consumpserunt,

146 1706 273 1799 quales
290 1703 373 1774 mihi
391 1705 481 1777 duos
501 1705 562 1777 alit
580 1705 710 1778 amieos
728 1707 893 1801 cisalpina
904 1708 1024 1793 Gallia,
1043 1710 1156 1781 claros
1176 1710 1226 1779 vi-

147 1848 215 1911 ros,
235 1825 303 1899 sed
320 1826 470 1899 obscuro
488 1828 655 1899 exercitio
677 1850 813 1921 semper
833 1851 1031 1922 oppressos.
1050 1828 1124 1899 Tibi
1141 1852 1224 1901 vero

145 1952 253 2025 etiarn
273 1952 429 2043 gratulor
453 1950 512 2044 qui
539 1951 623 2022 illud
646 1951 815 2022 eximium
836 1952 957 2046 patriae
976 1960 1106 2023 nostrae
1125 1952 1224 2024 sidus

147 2084 220 2145 tam
248 2070 435 2166 propitium
455 2070 637 2164 experiris.
665 2072 725 2143 llle
749 2072 842 2143 enim
870 2096 960 2145 unus
988 2072 1043 2145 vir
1067 2084 1135 2155 est,
1164 2075 1223 2166 qui

150 2192 298 2287 inglorio
318 2192 426 2265 labori
448 2190 551 2264 linem
572 2193 748 2288 imponere
768 2195 852 2266 velit
875 2207 910 2266 et
935 2198 1060 2267 valeat.
1088 2197 1221 2288 Surge:

152 2318 208 2391 ille
237 2326 272 2389 te
306 2327 420 2402 vocat,
444 2337 564 2408 surge,
586 2316 826 2413 circumspice,
851 2330 952 2412 teque
978 2319 1091 2414 ipsum
1118 2340 1224 2391 nosse

149 2440 272 2537 incipe,
295 2451 331 2511 et
349 2460 487 2532 aequam
508 2438 642 2510 viribus
660 2461 800 2512 assume
818 2444 1006 2514 materiam.
1025 2442 1117 2527 Quid
1129 2444 1221 2514 enim

144 2564 239 2657 agis,
274 2585 337 2634 oro
370 2574 417 2646 te,
453 2584 577 2657 pueros
609 2563 763 2636 docens‘.l
795 2563 1005 2657 Reipublicae
1045 2567 1222 2655 negotium

143 2688 237 2782 agis.
253 2686 343 2779 Age,
364 2686 428 2759 sed
445 2695 477 2757 te
494 2686 650 2779 dignius:
669 2685 732 2758 sed
749 2686 874 2757 melius
895 2708 1022 2780 pueros
1040 2686 1221 2769 docebunt,

145 2812 209 2905 qui
228 2810 358 2883 similes
379 2819 460 2879 sunt
479 2808 557 2880 illis.
586 2809 630 2879 Ut
655 2810 747 2879 enim
780 2828 845 2878 vos
879 2806 993 2878 dicere
1022 2807 1162 2876 soletis:
1188 2807 1223 2877 in

148 2930 319 3004 similibus
339 2930 449 3001 facilis
468 2941 503 3002 et
523 2950 630 3022 prona
652 2929 841 3000 transfusio
860 2937 928 2997 est.
955 2927 1005 2996 Tu
1032 2928 1085 2997 lac
1109 2926 1222 3019 potius

144 3052 241 3147 quod
261 3053 326 3125 viri
346 3051 507 3147 probent,
543 3072 646 3145 quam
680 3048 774 3143 quod
805 3048 903 3142 pueri
936 3048 1114 3118 mirentur.
1135 3048 1223 3131 Qum

142 3187 269 3248 natura
289 3173 470 3259 discrevit,
491 3195 554 3246 cur
573 3172 755 3245 confundis
776 3170 941 3264 ingenia?
960 3169 1063 3242 Graio
1079 3169 1224 3241 consilio

142 3318 365 3371 moveamur:
387 3319 484 3389 quem
501 3298 632 3389 quisque
648 3298 736 3366 norit
754 3308 859 3365 artem
875 3296 912 3364 in
928 3296 989 3364 luae
1005 3316 1039 3363 se
1055 3303 1221 3363 coerceat.-

139 3423 197 3495 eui
217 3420 306 3493 illud
327 3419 542 3506 addiderim,
565 3419 681 3512 utqui
701 3420 820 3514 plures
837 3418 947 3504 novit,
965 3439 1041 3489 eam
1064 3417 1225 3511 praeferat

140 3542 268 3639 inqua
288 3540 479 3635 gloriosius
496 3563 535 3614 se
555 3549 728 3613 exerceat.
753 3541 843 3612 Vale.

284 3688 348 3746 Kal.
364 3687 477 3759 Aprilis.
495 3688 645 3744 Avenione.
