2738 5062
171 689 230 753 tut
504 702 544 751 nn
568 701 668 751 nunus
689 696 910 751 muniremus

171 861 255 911 vero
286 842 448 922 alterum,
486 837 549 909 sed
578 838 840 931 amplissimum.
874 839 950 922 Quo
980 858 1042 930 pro
1064 838 1243 908 rarietne

170 962 406 1033 intellectuum
431 983 500 1032 non
529 957 682 1033 absurde
711 961 855 1033 forsitan
887 960 977 1031 trahi
1009 969 1128 1055 posset
1159 960 1244 1033 illud

171 1084 375 1155 Davidicum
395 1113 410 1150 r
433 1082 534 1153 Colice
553 1086 588 1153 in
606 1106 710 1153 marm
725 1081 937 1153 domininici
951 1084 1165 1176 meriplenus
1181 1085 1245 1154 mi-

170 1217 218 1274 sto
236 1233 251 1268 n
273 1214 310 1275 ut
326 1205 418 1277 calix
438 1205 631 1277 dominicus
653 1229 722 1299 quo
739 1204 774 1275 in
791 1204 856 1276 hoc
872 1204 978 1275 exilio
994 1214 1153 1299 potamur
1172 1203 1243 1299 (sic)

172 1326 304 1411 miseri,
327 1327 457 1420 aliquid
478 1329 572 1398 velut
596 1349 730 1398 merum
763 1336 799 1398 et
830 1326 931 1399 dulce
961 1326 1102 1398 babeat:
1137 1326 1247 1419 pleni-

171 1450 255 1521 tudo
271 1449 363 1531 ‚eius
388 1450 505 1522 multis
534 1449 823 1522 amaritudinibus
857 1448 902 1521 sit
934 1448 1099 1521 admixta.
1127 1449 1247 1520 Dulcia

172 1571 325 1667 quidem,
340 1583 379 1644 ut
395 1571 478 1657 dixi,
493 1594 603 1665 pauca
625 1582 707 1644 sunt
725 1581 762 1643 et
780 1572 916 1655 brevia;
937 1570 1045 1644 breve
1065 1572 1243 1665 gaudium,

172 1694 291 1767 brevis
311 1695 503 1780 delectatio,
522 1694 641 1767 brevis
661 1697 763 1780 risus,
782 1695 891 1767 breve
911 1696 1062 1790 denique
1078 1693 1248 1789 quidquid

171 1817 280 1904 iuvat,
303 1817 397 1912 quod
422 1826 604 1913 expertum
627 1839 665 1890 se
691 1818 854 1890 fatebitur
872 1817 1032 1912 quisquis
1053 1819 1249 1910 aliquantu-

172 1941 244 2011 lum
280 1941 315 2009 in
351 1936 550 2012 huiusmodi
582 1939 869 2035 peregrinationis
905 1942 991 2013 ealle
1029 1940 1247 2037 processerit.

174 2064 299 2135 Contra
318 2085 404 2135 vero
424 2067 572 2135 sortunae
592 2061 712 2158 praelia
732 2085 836 2158 quam
856 2065 1026 2155 longaeva,
1045 2083 1149 2155 quam
1168 2081 1250 2152 gra-

173 2185 245 2270 via,
268 2195 352 2279 quot
371 2186 623 2257 adversitatum
645 2186 797 2280 speciae,
817 2208 923 2280 quam
944 2186 1062 2255 multae
1085 2192 1121 2254 et
1141 2183 1249 2253 variae

174 2307 399 2400 affligentium
426 2330 540 2378 rerum
567 2311 699 2393 lormae,
728 2330 830 2380 nemo
855 2307 953 2380 facile
977 2305 1119 2390 dixerit,
1147 2326 1249 2377 nemo

174 2450 246 2500 rem
268 2426 436 2499 infinitam
452 2426 552 2499 brevi
569 2429 724 2501 oratione
740 2430 927 2522 collegerit.
945 2429 1075 2499 Verum
1093 2436 1174 2499 nota
1191 2448 1249 2498 res

172 2559 235 2636 est,
256 2574 326 2623 non
345 2572 454 2643 egens
472 2550 619 2622 testibus
637 2554 754 2647 procul
771 2551 900 2624 accitis.
919 2550 1074 2643 Quisque
1090 2550 1249 2623 dolorum

174 2697 216 2748 ac
234 2673 392 2747 laborum
411 2696 554 2746 suorum
575 2673 821 2746 conscientiam
841 2673 1015 2769 propriam
1037 2681 1162 2744 testem
1187 2672 1251 2745 ha·

175 2797 242 2883 bet,
265 2795 364 2870 cuius
385 2807 511 2890 praeter
530 2805 629 2868 notas
651 2805 859 2890 apertasque
880 2795 1057 2868 molestias
1077 2805 1162 2887 quot
1182 2796 1252 2867 sint

177 2920 308 2993 stimuli
327 2923 483 3006 latentes,
504 2929 588 3014 quot
608 2921 730 3016 plagae,
751 2929 837 3014 quot
858 2922 971 2992 ulcera
991 2919 1138 2990 scrutari
1158 2920 1252 2991 nulla

175 3065 300 3115 manus
321 3043 457 3115 sufficit.
480 3035 605 3114 luterni
628 3053 755 3114 statum
776 3042 923 3115 altisono
942 3063 1072 3114 canens
1092 3062 1152 3112 ore
1173 3041 1252 3112 Vir-

175 3163 279 3257 gilius
300 3167 407 3237 multa
426 3177 685 3250 commemorat,
712 3186 793 3259 quae
813 3166 954 3258 quidam
979 3166 1023 3236 de
1051 3174 1144 3236 statu
1170 3164 1251 3236 vitae

174 3287 362 3382 praesentis
382 3287 593 3377 intelligunt,
611 3308 704 3380 quae,
721 3297 758 3357 ut
777 3286 888 3371 aiunt,
907 3288 1164 3380 comparatione
1181 3309 1252 3360 ooe-

175 3408 286 3490 lestis,
303 3409 433 3478 interna
447 3417 519 3491 est;
533 3416 569 3478 et
584 3409 747 3502 quoniam
766 3409 826 3480 toti
843 3407 990 3481 aedificio
1008 3410 1053 3481 sit
1069 3431 1251 3481 commune

175 3530 396 3613 vestibulum,
412 3530 487 3612 illic,
501 3552 569 3600 non
587 3532 710 3626 inepto,
726 3533 756 3602 si
770 3553 854 3604 vera
868 3541 1070 3616 memorant,
1086 3531 1251 3624 figmento

177 3652 330 3746 quidam,
366 3654 439 3722 scre
471 3650 633 3723 omnibus
667 3653 750 3724 vitre
779 3653 882 3726 huius
909 3655 1013 3726 limen
1042 3653 1252 3726 intrantibus

176 3772 369 3846 communia
391 3782 623 3867 reponuntur:
647 3774 682 3843 in
709 3775 954 3848 secretioribus
972 3787 1086 3847 autem
1114 3777 1252 3847 circulis

178 3896 371 3987 singulares
393 3917 507 3989 poenae
536 3904 617 3967 sunt
643 3907 677 3967 et
698 3895 858 3970 distincta
879 3899 1017 3992 flagitia.
1042 3901 1118 3972 Non
1143 3899 1249 3982 enim,

143 4032 146 4039 ’
176 4018 327 4113 exempli
347 4041 467 4104 causa,
489 4017 650 4090 omnibus
676 4019 843 4114 contingit
862 4022 907 4093 ob
927 4022 1133 4094 adulterium
1151 4020 1250 4105 eaedi,

177 4148 238 4212 aut
263 4150 352 4211 natae
377 4143 566 4213 thalamum
594 4142 773 4230 invadere,
799 4156 860 4216 aut
885 4167 981 4217 arma
1007 4144 1111 4237 impia
1137 4143 1250 4239 sequi,

178 4272 238 4332 aut
258 4264 352 4352 loges
374 4265 484 4356 pretio
504 4265 611 4356 figere
627 4275 730 4359 atque
752 4265 906 4359 refigere,
925 4278 985 4339 aut
1004 4287 1090 4337 auro
1107 4267 1252 4361 patriam

177 4383 344 4468 vendere,
367 4392 425 4456 aut
445 4387 663 4459 dominorum
683 4391 798 4460 tallere
819 4389 971 4461 dextras.
994 4387 1140 4460 Avertat
1164 4388 1252 4459 hanc

179 4517 312 4600 pestem
338 4508 452 4579 Deus:
478 4509 629 4601 pessimo
662 4513 736 4585 loco
769 4534 826 4584 res
859 4513 1024 4586 humunae
1054 4521 1187 4597 essent,
1222 4508 1253 4581 si
