2738 5062
177 649 217 713 ot
516 660 557 712 nn
578 661 677 711 nnnns
698 658 918 710 annullamus

176 809 359 876 enumeret
377 794 600 872 diversitates
621 799 820 871 innumeras
840 799 968 891 quibus
984 800 1074 870 inter
1090 821 1130 872 se
1146 799 1253 875 dissi-

176 925 260 998 dent
279 924 456 1006 mortales,
478 932 516 993 ut
535 945 598 995 nec
623 944 690 993 una
709 923 844 1017 species
864 931 964 1007 certe,
987 944 1050 995 nec
1068 946 1175 995 unum
1188 948 1252 1018 ge-

178 1072 244 1123 nus
274 1050 378 1123 homo
409 1072 489 1121 cum
512 1046 651 1120 homine
677 1048 861 1120 videatur?
884 1048 1032 1120 Omissis
1058 1070 1144 1141 ergo
1169 1070 1251 1141 quae

176 1156 362 1269 perstringi
381 1182 565 1285 nequeunt,
588 1181 695 1244 totam
713 1194 784 1244 rem
804 1183 875 1243 tres
891 1170 927 1242 in
940 1182 1064 1267 partes,
1079 1180 1116 1242 et
1127 1192 1251 1243 unam-

177 1319 350 1393 quamque
362 1317 484 1368 rursus
497 1297 533 1366 in
547 1294 875 1367 mullasinimicitias
889 1315 1030 1365 secuere
1042 1294 1250 1389 philosophi,

177 1419 319 1492 undeet
335 1430 439 1491 sectae
456 1439 582 1489 nomen
593 1416 744 1488 creditur
755 1414 962 1487 derivatum.
979 1413 1147 1487 Videmus
1160 1414 1249 1488 alios

176 1543 413 1638 voluptatibus
453 1540 622 1624 addictos,
661 1560 742 1632 quae
773 1538 898 1630 ingens
930 1547 967 1609 et
998 1536 1249 1611 inaestimabilis

177 1667 278 1738 turba
296 1677 366 1738 est:
388 1664 581 1759 inquibus,
604 1665 699 1734 Deus
717 1660 820 1733 bone!
841 1671 970 1755 quanta
986 1660 1147 1745 varietas,
1165 1671 1251 1753 quot

176 1801 282 1874 artes,
304 1811 409 1883 qnam
429 1809 498 1860 non
519 1786 610 1859 idem
631 1795 765 1878 gustus,
786 1808 856 1856 non
872 1806 942 1857 una
959 1783 1141 1856 sententia.
1162 1783 1250 1856 Huic

177 1909 335 2007 displicet
353 1909 446 2002 quod
466 1910 577 2002 placet
596 1906 656 1991 illi,
684 1906 739 1979 hic
764 1906 930 1978 miserum
951 1916 1049 2000 putat
1073 1906 1169 1999 quod
1193 1905 1250 1978 ille

175 2034 410 2106 felicissimum
442 2030 637 2102 arbitratur.
671 2031 797 2102 Multos
829 2040 982 2102 actuosae
1009 2029 1091 2101 vitae
1124 2028 1250 2101 studiis

176 2158 327 2228 intentos
360 2153 549 2236 cernimus,
584 2175 669 2248 opes
699 2153 956 2247 potentiamque
977 2161 1167 2237 sectantes;
1187 2152 1252 2226 ho-

114 2359 117 2365 ,
177 2299 326 2371 rumque
345 2276 431 2348 alios
451 2276 552 2360 bello,
577 2297 659 2368 pace
678 2276 778 2360 alios,
800 2277 867 2347 hos
887 2275 1001 2359 terris,
1023 2277 1088 2348 hos
1108 2278 1248 2370 pelago,

176 2401 345 2496 quosdam
379 2421 499 2482 manu,
530 2398 712 2469 nonnullos
745 2410 859 2469 autem
891 2397 1030 2490 ingenio
1063 2401 1170 2471 lretos
1204 2401 1249 2473 ad

176 2533 332 2621 optatum
347 2521 417 2592 niti.
432 2522 477 2591 Et
491 2521 546 2593 hic
560 2542 698 2614 quoqne
711 2499 790 2613 ouis
802 2522 988 2592 multarum
1003 2521 1100 2593 labor
1112 2522 1248 2607 artium,

176 2668 257 2741 quae
281 2645 389 2718 variae
414 2665 529 2715 rernm
556 2646 690 2728 formae,
716 2666 796 2736 quae
820 2644 982 2718 distincta
1003 2645 1189 2718 sedulitas!
1211 2647 1251 2718 ln

176 2768 231 2840 his
251 2767 388 2840 duobus
414 2764 556 2837 vivendi
590 2765 776 2858 generibus
808 2781 995 2840 versantur
1026 2770 1095 2841 illae
1127 2792 1250 2844 omncs

175 2915 264 2987 quas
290 2889 509 2962 mechanicas
535 2889 667 2976 dicunt,
690 2893 866 2985 corporeis
887 2892 1154 2966 necessitatibus
1176 2916 1251 2967 ser-

176 3015 323 3098 vientes,
345 3035 427 3108 quae
447 3013 507 3084 vix
531 3014 669 3086 tandem
690 3014 778 3086 inter
795 3025 888 3085 artes
906 3024 1053 3087 caeteras
1071 3017 1248 3102 admissae,

176 3139 286 3211 locum
297 3139 510 3230 philosophice
524 3122 532 3154 ¹
547 3136 775 3208 novissimum
790 3137 1018 3230 quorumdam
1032 3139 1158 3212 iudicio
1175 3162 1251 3213 mc-

177 3271 330 3334 ruerunt.
352 3262 401 3330 De
421 3281 490 3353 quo
511 3281 602 3329 nunc
622 3259 814 3330 accuratius
835 3261 1001 3334 tractandi
1026 3285 1095 3335 non
1120 3274 1176 3335 est
1200 3267 1250 3337 lo

176 3406 251 3455 cus.
272 3385 392 3475 ltaque
412 3382 612 3454 varietatem
638 3379 868 3454 humanorum
894 3395 1033 3457 actuum
1061 3408 1251 3480 persequa-

177 3529 265 3577 mur.
287 3508 420 3579 Paucos
440 3505 580 3597 quidem
603 3506 781 3600 sapientiae
798 3517 833 3578 et
853 3509 1132 3602 contemplationi
1151 3509 1250 3582 dedi·

177 3640 229 3701 tos
251 3630 413 3701 audimus
435 3627 564 3722 saepius
583 3651 684 3721 quam
703 3629 875 3704 videmus.
893 3632 990 3704 AEtas
1007 3641 1126 3705 nostra
1146 3655 1250 3727 supe-

177 3752 326 3825 rioribus
348 3751 485 3823 duabus
506 3751 664 3844 graditur
683 3753 765 3836 viis,
788 3776 828 3824 ac
848 3755 949 3825 tertia
966 3758 1090 3841 nullus,
1106 3768 1166 3829 aut
1179 3768 1248 3829 tam

176 3874 286 3965 pauci,
306 3884 344 3946 ut
363 3895 470 3970 prope
491 3874 559 3945 iam
573 3877 665 3946 nullo
679 3875 807 3948 recenti
821 3877 971 3969 vestigio
984 3878 1121 3971 signata
1134 3878 1190 3950 sit.
1206 3880 1249 3949 Et

176 3999 339 4091 quamvis
357 4021 473 4070 veram
492 3999 693 4093 sapientiam
711 4022 816 4071 unam
832 4023 914 4073 esse
940 4025 1009 4074 non
1029 4002 1075 4072 sit
1091 4002 1246 4085 dubium,

176 4121 285 4193 Deum
307 4145 449 4194 noscere
481 4133 517 4194 et
547 4123 673 4207 colere,
702 4126 955 4216 propterquod
982 4125 1246 4218 scriptumest:

175 4247 279 4338 pietas
300 4255 346 4314 est
366 4247 538 4336 sepianum
556 4247 602 4317 ad
624 4268 729 4339 quam
750 4246 904 4318 omnium
931 4247 1183 4319 nobilissimum
1207 4268 1248 4318 ac

179 4366 450 4439 sacratissimum
472 4368 624 4441 studium
646 4369 842 4442 hominibus
863 4372 980 4444 datum
1005 4382 1092 4458 erat,
1116 4372 1184 4443 nisi
1208 4373 1248 4443 il·

257 4504 264 4537 ⁴
281 4507 308 4556 ln
321 4505 382 4557 (lod.
395 4506 528 4560 parisiensi
538 4508 689 4560 vlllttntlx
701 4510 804 4575 legitur:
822 4513 903 4563 lucram
916 4524 1059 4564 senesanna
1068 4513 1236 4564 amissionum.
