2738 5062
147 634 205 697 tut
484 650 525 697 un
547 648 647 697 nunus
668 649 888 698 rnnnmnnrus

145 784 257 856 basim
284 786 416 857 nutanti
444 786 558 857 animo
591 787 768 868 submitte,
797 797 835 856 ut
862 783 1090 859 trementibus
1118 788 1214 859 terris

145 906 258 978 stabili
276 910 358 979 sede
379 910 559 993 consistat,
582 907 801 1002 quinetiam,
825 916 862 979 ut
881 909 1023 981 Flaccus
1043 909 1105 994 ait,

424 1111 454 1173 Si
472 1112 585 1173 fractus
604 1111 742 1173 illabatur
758 1110 856 1186 orbis,

423 1209 612 1288 impavidum
628 1210 738 1271 feriant
754 1209 861 1270 ruinm.

242 1406 322 1474 Haec
341 1403 400 1474 tibi
423 1403 555 1495 pridem
582 1404 712 1474 Patavii
737 1405 864 1475 dictata
896 1415 932 1474 et
962 1403 1068 1475 dilata
1102 1402 1216 1475 hacta

144 1549 210 1598 nus
231 1536 369 1621 propter
389 1525 502 1596 nuncii
524 1527 719 1619 penuriam,
748 1527 829 1597 hinc
855 1525 990 1597 mittere
1017 1524 1129 1611 libuit,
1149 1548 1215 1597 uon

143 1648 301 1720 abaliud
321 1647 387 1717 nisi
409 1656 446 1717 ut
466 1647 546 1717 huie
566 1648 739 1719 communi
764 1648 874 1720 amieo
899 1668 1031 1719 morem
1056 1668 1213 1738 gererem

143 1771 188 1842 ad
209 1781 242 1842 te
263 1770 381 1841 venire
403 1771 477 1842 sine
498 1770 584 1841 meis
607 1770 729 1842 litteris
752 1771 940 1842 recusanti:
962 1770 1125 1862 quamvis
1152 1791 1214 1842 nea

143 1895 268 1966 nuncia
294 1917 355 1966 nec
381 1894 504 1965 litteris
534 1916 623 1988 opus
652 1905 759 1977 esset,
782 1916 861 1964 cum
882 1914 948 1983 ego
973 1892 1049 1986 ipse
1076 1892 1212 1965 banca

143 2017 291 2107 vestigio
316 2027 529 2109 sequnturus
557 2015 633 2087 sim.
656 2016 741 2086 Cum
761 2037 846 2107 ergo
867 2017 930 2087 has
951 2015 1087 2086 litteras
1106 2017 1211 2107 leges,

144 2138 229 2208 scito
247 2160 301 2208 me
321 2138 388 2208 iam
411 2140 617 2231 proximum.
638 2141 732 2210 Beue
751 2152 868 2210 autem
884 2138 1006 2209 leceris
1026 2138 1055 2209 si
1069 2138 1155 2209 milri
1170 2138 1213 2213 ad

143 2261 270 2330 iontem
291 2260 422 2350 Sorgiae
442 2260 585 2332 obvium
613 2272 646 2331 te
668 2262 797 2333 tuleris.
819 2260 918 2345 Vive,
940 2269 975 2331 et
1001 2263 1080 2333 vale
1106 2263 1212 2336 nostri

144 2403 285 2453 memor.

287 2527 335 2582 lll.
353 2528 419 2583 Idus
432 2529 519 2597 lunii,
534 2530 690 2585 Placentiae.

641 2762 721 2775 *n

544 3002 721 3067 urlsrunn
749 3003 816 3066 tut.

170 3194 361 3243 l'ttta'tuscus
382 3196 549 3243 rurunuct
571 3197 706 3244 nauita-r:
728 3198 877 3247 DANDL'LO
899 3200 971 3249 ut'dt
993 3202 1187 3255 VENETORU!

612 3302 637 3347 S.
660 3301 687 3348 P.
710 3302 740 3349 ll.

270 3486 355 3542 llnine
368 3488 530 3543 dehortatur
544 3506 560 3543 a
574 3489 646 3546 bello
660 3499 755 3547 contra
770 3494 930 3551 Ganuenses
942 3506 1080 3570 suscepto.

237 3719 280 3789 Ut
299 3719 429 3813 aliquid
449 3724 494 3794 ad
521 3734 553 3794 te
575 3724 738 3809 scribam,
762 3727 888 3823 inclyte
913 3731 1005 3815 Dux,
1029 3731 1109 3805 hinc
1136 3757 1215 3809 mea

139 3837 240 3921 fides,
263 3841 342 3912 ltine
363 3842 558 3914 humanitas
587 3857 644 3917 lua
666 3850 834 3938 suggerit,
862 3850 952 3922 illinc
979 3874 1095 3925 rernm
1121 3876 1214 3951 prae-

137 3961 286 4033 sentium
307 3985 348 4034 ac
371 3976 560 4057 temporum
587 3977 697 4038 status
723 3970 831 4061 cogit3
857 3971 931 4043 haec
955 3974 1095 4065 quidem
1121 3998 1215 4070 prae-

137 4095 206 4157 slat
227 4098 264 4158 ul
285 4089 376 4182 loqui
397 4090 517 4175 velim,
541 4092 615 4162 lraec
637 4104 673 4162 ut
693 4093 854 4178 audeam,
883 4097 938 4167 ille
963 4108 1078 4168 autem
1102 4110 1140 4171 ut
1161 4112 1215 4174 ta-

135 4231 214 4279 cere
235 4234 415 4303 nequeam.
438 4214 523 4296 Quis
544 4215 634 4285 enim
653 4216 698 4286 ab
715 4230 851 4291 amante
873 4222 1016 4293 sollicito
1034 4223 1212 4297 silentium

136 4332 312 4423 requirat?
339 4335 496 4406 Libertas
520 4338 648 4411 amoris
676 4343 897 4415 verecundia
926 4347 1060 4416 frenum
1089 4347 1211 4421 nescit.

135 4456 182 4526 Os
203 4455 281 4529 lieet
300 4457 513 4530 obstruxerit
534 4461 672 4537 rationis
695 4488 819 4538 manus
840 4480 875 4539 et
900 4470 1127 4562 magnitudini
1154 4494 1211 4543 re-
