2738 5062
356 724 450 773 trnna
471 725 969 781 oururusuncruus.-aa1sr0ul
991 729 1031 777 vr.
1173 717 1232 780 329

150 860 320 952 daretque
336 859 512 944 libentius,
532 859 743 932 sidentibus
763 882 830 932 uon
847 870 992 932 careret.
1012 863 1064 932 Tu
1081 863 1162 934 vive
1181 867 1233 935 le-

150 982 274 1068 liciter,
297 991 333 1053 et
353 984 440 1054 vale.

293 1138 336 1193 Ad
351 1138 456 1195 fontem
469 1139 583 1210 Sergia.
600 1140 649 1195 llll
665 1139 803 1197 Kalendas
818 1140 911 1196 Maias.

564 1612 742 1678 uptstutt
764 1613 819 1678 vll.

315 1807 510 1860 Fuuuclscus
530 1805 699 1857 Parauaea
721 1807 887 1858 subputato
908 1808 1065 1859 colustrum

380 1911 566 1964 PRAEPOSITO
584 1910 697 1960 stucut
715 1910 858 1960 abnuant
879 1913 905 1961 S.
923 1913 952 1961 Ρ.
971 1913 1001 1962 Ι).

178 2102 286 2175 Ubique
299 2108 438 2157 terrarum
453 2099 539 2168 mala,
555 2097 737 2165 calamitates,
754 2097 930 2155 incommoda
943 2101 1095 2174 praepedire
1110 2103 1202 2159 celum

229 2186 231 2190 “
513 2191 541 2241 et
553 2185 783 2258 tranquillitatem
798 2185 868 2242 vitae.

247 2445 316 2516 Aut
332 2466 407 2538 ego
426 2446 537 2528 fallor,
567 2453 627 2515 aut
651 2444 822 2538 quidquid
854 2447 925 2516 lere
957 2445 1111 2538 qualibet
1136 2459 1232 2541 parte

147 2580 316 2640 terrarum
339 2566 452 2648 vides,
477 2566 696 2657 magnanime
716 2566 785 2650 vir,
808 2567 985 2661 proposito
1010 2568 1232 2662 consiliisque

146 2689 216 2760 tuis
236 2689 424 2761 adversum
448 2697 513 2759 est.
535 2687 661 2781 Aspice
678 2690 824 2759 Romam
845 2710 1066 2759 communem
1084 2692 1229 2783 patriam

146 2820 362 2902 matremque
382 2821 547 2881 nostram.
569 2810 663 2880 lacet
680 2810 752 2894 illa,
767 2820 814 2891 et,
834 2811 873 2879 0!
895 2812 1127 2903 spectaculum
1143 2811 1232 2883 indi-

146 2955 266 3023 gnum,
281 2934 432 3004 calcatur
453 2930 499 3003 ab
518 2929 680 3002 omnibus
698 2951 779 3023 quae
798 2951 921 3002 omues
944 2941 1054 3002 terras
1068 2954 1109 3003 ac
1123 2934 1231 3007 maria

145 3053 279 3125 victrici
303 3056 397 3124 calce
422 3052 582 3137 calcavit,
607 3063 643 3124 et
664 3053 693 3122 si
714 3052 855 3145 quaudo
880 3054 996 3124 forsan
1022 3053 1230 3127 incubitum

144 3186 261 3248 erecta
274 3175 425 3270 speeiem
444 3177 619 3268 surgentis
636 3175 811 3258 exhibuit,
832 3197 916 3246 mox
934 3175 1071 3246 nonnisi
1088 3196 1230 3247 suorum

143 3299 306 3371 manibus
327 3298 474 3393 impulsa
497 3297 671 3370 relabitur.
695 3299 816 3391 ltaque
841 3300 897 3369 vel
922 3298 970 3368 nil
990 3319 1150 3391 prorsus,
1173 3299 1231 3369 vel

147 3421 176 3492 si
196 3421 281 3515 quid
300 3432 356 3494 est
377 3423 465 3517 spei,
490 3442 614 3493 vereor
635 3420 737 3492 valde
763 3442 833 3492 uon
860 3429 968 3493 toturn
992 3419 1096 3492 buius
1116 3419 1230 3492 aetatis

144 3553 282 3637 tempus
303 3543 463 3616 excedat.
485 3543 708 3647 Miserabitur
733 3545 897 3626 fortasse,
926 3542 1150 3615 miserebitur
1175 3563 1232 3614 sa-

144 3689 239 3740 cram
261 3665 384 3738 urbem
405 3664 466 3758 qui
488 3665 562 3737 suis
584 3666 674 3736 illam
698 3665 815 3737 sedem
839 3662 1102 3737 successoribus
1123 3663 1232 3756 depu-

143 3792 246 3875 tavit,
267 3801 302 3862 et
323 3811 428 3883 quam
451 3791 640 3882 temporale
661 3799 766 3881 caput
782 3787 879 3859 orbis
897 3786 1071 3872 effecerat,
1095 3783 1231 3878 religio-

141 3913 197 3983 nis
222 3933 304 3985 esse
331 3911 441 3982 voluit
466 3911 747 3982 fundamentum:
775 3911 996 3983 miserebitur
1021 3910 1228 4004 aliquando,

142 4033 205 4106 sed
243 4035 356 4106 serius
394 4056 499 4126 quam
536 4053 606 4124 quo
645 4031 727 4103 vitae
764 4045 893 4106 uostrae
931 4032 1086 4105 brevitas
1120 4033 1232 4127 possit

140 4156 295 4228 extendi.
318 4157 368 4227 lta
395 4155 461 4226 illic
487 4152 596 4226 oculis
625 4153 694 4224 tuis
722 4165 782 4225 aut
815 4156 930 4225 animo
957 4154 1002 4223 nil
1027 4154 1229 4226 iucundum.

140 4278 231 4362 Quid
265 4279 310 4352 de
343 4278 474 4371 reliqua
500 4275 650 4350 dixerim
678 4277 789 4360 ltalia,
816 4274 918 4355 cuius
939 4274 1098 4348 civitates
1125 4289 1230 4371 atque

139 4400 265 4494 oppida
288 4420 472 4470 numerare
497 4401 639 4490 longum
673 4401 751 4469 est‘l
771 4398 892 4491 ltaque
927 4398 1125 4493 provincias
1151 4419 1230 4490 per-

140 4520 365 4613 stringamus.
389 4519 561 4612 Cisalpina
580 4516 687 4590 Gallia
713 4517 747 4587 in
768 4501 838 4611 qua
858 4528 914 4589 est
934 4541 976 4591 ea
998 4541 1104 4612 quarn
1127 4519 1229 4587 Lorn-
