2738 5062
307 748 310 752 -
355 727 446 775 urana
467 726 953 778 snxrusnncruus.-srrsr0ur
974 730 1014 778 ιν.
1157 718 1217 780 373

141 877 260 936 ternus
281 864 371 933 Patri
393 862 508 945 Filius,
535 862 579 933 ad
602 872 634 933 te
655 863 871 935 liberandum
892 863 998 934 venit.
1020 864 1158 936 Poterat
1182 876 1218 936 et

139 986 183 1057 de
204 985 396 1056 maiestatis
422 1002 498 1053 suae
524 984 610 1053 sotio
635 984 754 1055 iubere
774 994 811 1056 et
830 1006 976 1056 neeesse
999 996 1074 1056 eret
1094 1009 1218 1078 parere

140 1108 174 1179 in
191 1108 281 1178 coeio
296 1117 332 1176 et
352 1105 387 1175 in
406 1116 518 1175 terra:
540 1103 716 1175 efficacius
734 1127 837 1195 agere
854 1106 965 1177 voluit
984 1118 1019 1176 et
1036 1106 1216 1178 hurnitius:

140 1241 242 1299 totam
267 1229 432 1297 nominem
463 1229 626 1318 suscipere
651 1224 805 1319 dr'qnatns
830 1239 890 1311 cst,
917 1239 956 1299 ut
979 1229 1028 1298 ait
1052 1226 1220 1318 Augusti-

140 1371 219 1432 nus,
255 1349 451 1419 etcertum
484 1368 560 1417 caro
583 1351 707 1436 sactum
731 1360 778 1418 est
811 1361 841 1418 ct
865 1350 1024 1419 habitavit
1048 1351 1085 1419 in
1110 1348 1216 1433 nobis,

140 1484 176 1544 et
192 1471 351 1562 sequitur
371 1468 480 1540 ratio:
502 1471 550 1539 ita
566 1470 664 1550 enim,
687 1469 810 1560 inquit,
837 1467 1075 1540 demonstravit
1100 1491 1219 1539 carna-

140 1595 224 1662 libus
252 1601 283 1661 et
311 1613 379 1660 non
404 1591 589 1659 ualentibus
614 1590 740 1672 intueri
762 1601 869 1658 rnentc
893 1593 1079 1674 veritatem,
1106 1611 1219 1684 corpo-

141 1715 268 1805 reisque
311 1713 458 1783 sensibus
496 1709 612 1782 deditis
648 1733 748 1803 qnam
785 1714 953 1781 concisam
990 1714 1096 1781 iocum
1132 1716 1220 1783 inter

142 1845 308 1905 creaturas
333 1834 450 1903 trabem
469 1824 622 1901 'tamna
646 1843 781 1916 natura,
808 1833 893 1922 qnod
917 1855 985 1903 non
1009 1836 1114 1903 solnm
1138 1835 1220 1904 visi-

146 1958 266 2041 biliter,
294 1978 374 2024 narn
398 1952 433 2025 id
455 1964 583 2047 poterat
606 1965 638 2024 et
661 1956 698 2023 in
723 1955 833 2046 nirano
857 1957 995 2025 cutiaco
1020 1976 1153 2048 corpore
1176 1954 1220 2025 ad

142 2081 247 2147 nostri
283 2088 429 2170 aspectus
466 2077 688 2158 tollerantiam
727 2086 920 2169 temperato,
951 2075 1007 2146 sed
1035 2079 1134 2146 etiarn
1161 2077 1220 2146 do-

141 2201 286 2270 minibus
310 2202 348 2268 in
376 2220 455 2267 ocro
485 2197 617 2267 homine
647 2199 818 2289 apparuit:
849 2199 949 2270 cuius
974 2221 1113 2292 quoque
1138 2199 1220 2271 dicti

143 2321 232 2390 ratio
263 2319 511 2411 subsequitur:
542 2320 615 2410 ipsa
643 2320 747 2403 enirn,
778 2319 840 2402 nit,
867 2331 989 2390 natura
1013 2319 1220 2413 suscipienda

145 2453 230 2523 erat,
257 2462 329 2530 qna
354 2436 535 2509 liberanda.
564 2440 739 2511 Hactenus
772 2440 1004 2533 Augustinus.
1032 2440 1087 2512 Sic
1112 2462 1218 2533 ergo,

144 2563 262 2646 amine,
285 2584 365 2634 curn
388 2569 421 2631 te
439 2561 804 2653 periclitantem'lteus
825 2575 991 2646 cerneret
1014 2563 1128 2655 perire
1153 2583 1221 2631 non

142 2694 198 2757 est
230 2704 372 2776 passus,
404 2703 554 2773 cumque
580 2690 789 2776 prostratum
820 2684 930 2755 verbo
956 2695 1089 2776 posset,
1116 2704 1221 2752 manu

143 2807 263 2880 maluit
283 2807 456 2888 attoliere,
478 2812 527 2888 et,
549 2806 608 2897 qui
629 2806 800 2889 ardenter,
822 2805 1010 2875 amantium
1033 2825 1121 2884 mas,
1142 2821 1221 2873 sese

143 2930 179 2999 in
207 2939 332 2999 terram
359 2926 539 2997 inclinavit
566 2926 625 2998 ubi
655 2935 692 2997 tu
719 2926 871 3011 iaceoas,
899 2937 1003 3019 utque
1028 2927 1119 2997 uinis
1148 2947 1223 2996 anr-

145 3051 272 3143 plexus
296 3047 581 3142 sustulit‚etquo
601 3047 809 3140 gravissime
831 3048 1057 3141 premebaris,
1086 3048 1223 3140 pondus

147 3170 254 3243 subiit
274 3170 516 3264 transtulitque
534 3171 569 3240 in
587 3192 626 3242 se
643 3178 819 3262 peecatum
839 3180 947 3241 tuum.
967 3171 1150 3262 impletum·
1169 3177 1224 3238 est

146 3291 232 3364 illud
265 3291 493 3363 Davidicum:
523 3303 685 3382 qnantum
721 3290 819 3362 distat
857 3302 946 3361 ortns
982 3291 1024 3359 nd
1060 3287 1225 3359 occidente

147 3419 243 3506 ionae
261 3416 338 3504 fecit
357 3435 379 3483 a
400 3415 491 3483 nodis
511 3415 699 3506 iniquitates
723 3425 860 3483 nostras.
887 3415 1043 3497 Poterat,
1063 3422 1110 3507 ³ut
1134 3409 1222 3495 dixi,

146 3535 257 3608 verba
277 3537 413 3616 iacere:
428 3533 597 3624 sangnine
620 3554 685 3605 suo
705 3534 792 3616 iecit
813 3543 848 3604 et
868 3544 906 3605 ut
924 3534 972 3604 ait
988 3532 1147 3626 quidam:
1168 3531 1225 3599 troc

148 3667 253 3725 tecam
267 3675 460 3749 pecussum
480 3665 527 3723 est
543 3657 704 3743 sanquine
722 3653 837 3743 soedrrs.
859 3654 931 3727 Noti
963 3665 999 3726 tu
1025 3654 1109 3725 iliud
1134 3655 1226 3723 iren·
1296 3697 1299 3704 ,

147 3797 252 3866 gere:
291 3775 366 3869 ipse
403 3775 496 3844 enim
539 3775 825 3847 servantissimus
866 3777 1117 3872 promissorum
1160 3778 1225 3842 est.

146 3896 310 3967 Potuisse
329 3898 424 3967 iltnm
449 3909 481 3967 te
501 3895 649 3967 iiberare
669 3908 785 3970 certus
803 3920 864 3981 es;
887 3898 1040 3970 votuisse
1061 3894 1145 3989 quid
1161 3894 1228 3965 du-

146 4017 263 4088 bitus?
282 4018 366 4111 quid
392 4019 533 4089 credere
558 4016 705 4087 haesitas
729 4021 823 4109 quod
848 4030 883 4089 et
903 4016 1140 4087 necessarium
1168 4015 1228 4084 tibi

147 4151 263 4212 estet
289 4140 387 4211 facite
412 4136 569 4230 largienti
596 4145 632 4206 et
662 4158 726 4206 sua
750 4137 995 4228 dignissimum
1026 4137 1230 4209 maiestate?

148 4262 241 4344 Quid
261 4262 376 4347 times,
400 4260 495 4352 quod
515 4259 619 4329 vaide
639 4257 821 4329 desideras
843 4260 876 4329 in
898 4257 1050 4329 animum
1070 4260 1231 4332 admitte-

148 4387 212 4454 re‘?
235 4383 305 4455 nisi
330 4384 422 4475 quia,
452 4392 488 4451 nt
513 4379 602 4464 dixi,
622 4389 657 4449 et
677 4402 842 4471 magnum
867 4379 1033 4472 gaudium
1053 4402 1150 4452 mens
1168 4403 1231 4451 an·

149 4513 254 4597 gusta
275 4491 344 4577 nori
367 4503 495 4597 recipit,
517 4512 552 4572 et
572 4510 607 4571 te
626 4510 721 4574 tanto
738 4525 881 4574 munere
898 4503 1005 4574 sentis
1027 4502 1225 4592 indignumr
