2738 5062
343 748 433 797 tinen
456 747 964 806 ouinrusnucruus.-nrrsronn
985 750 1025 797 vr.
1164 737 1218 799 301

143 885 222 956 hinc
243 884 336 955 enim
357 884 465 977 prima
487 884 655 954 malorum
674 883 776 955 radix
794 885 924 956 vestris
941 887 1148 980 extirpanda
1166 909 1222 959 se-

141 1007 295 1080 curibus.
317 1006 379 1077 Hic
399 1014 454 1078 est
474 1029 539 1078 rex
560 1006 615 1077 ille
635 1008 808 1099 periurus,
831 1006 887 1077 cui
907 1030 1032 1080 causas
1053 1008 1219 1083 bellorum

142 1128 315 1220 legitimas
348 1127 546 1221 aucupanti,
575 1150 653 1199 cum
680 1126 725 1198 ab
750 1127 847 1201 initio
872 1129 1000 1202 bellum
1035 1132 1137 1204 vobis
1168 1133 1222 1203 in-

143 1250 286 1335 diceret,
308 1250 537 1347 respondistis
564 1251 683 1322 nescio
707 1272 751 1321 an
779 1249 986 1336 animosius
1013 1274 1057 1325 an
1083 1256 1218 1327 verius:

146 1402 160 1437 n
187 1371 270 1465 fingi
290 1372 432 1464 quidem
454 1392 580 1443 causas
608 1372 726 1445 verbis
752 1373 928 1457 inanibus,
956 1397 1078 1447 veram
1104 1386 1219 1447 autem

148 1492 312 1566 »luroris
336 1513 477 1564 causam
511 1513 593 1565 esse
622 1493 825 1567 avaritiam:
857 1495 920 1567 sed
949 1496 1102 1568 vendere
1123 1496 1218 1568 illum

149 1643 163 1679 t
187 1617 296 1710 pretio
316 1617 447 1708 exiguo
468 1636 570 1687 suum
592 1617 701 1689 decus
722 1626 758 1688 et
777 1638 920 1689 suorum
944 1618 1164 1709 sanguinem,
1186 1632 1222 1696 et

148 1767 162 1802 n
186 1737 383 1829 propediem
401 1736 495 1829 quod
517 1746 597 1808 tunc
618 1740 745 1810 laceret
762 1758 841 1809 sera
858 1738 1057 1832 poenitentia
1075 1739 1221 1810 damna-

149 1871 312 1930 »turum
339 1888 353 1923 n
378 1860 468 1930 Ecce
489 1859 556 1931 iam
580 1861 787 1952 promissum
814 1859 860 1929 illi
888 1869 1025 1953 tempus
1052 1859 1217 1931 advenit:

142 1983 321 2080 Tyrrheno
354 1995 459 2077 atque
479 1983 596 2056 Africo
629 1983 715 2054 mari
747 1982 958 2075 rependetur
989 1980 1084 2076 quod
1112 1980 1222 2054 deluit

143 2107 375 2199 Hellesponto.
400 2107 531 2178 Pontus
555 2106 722 2178 occiduus
746 2105 902 2176 caedibus
936 2107 1045 2177 sumat
1076 2117 1112 2177 et
1144 2105 1218 2177 suis

142 2227 241 2299 ardet
259 2228 442 2312 incendiis;
458 2229 542 2322 quin
557 2237 592 2298 et
607 2227 640 2298 in
656 2236 781 2298 terram
802 2229 937 2320 egressi
957 2230 1049 2300 terro
1065 2252 1105 2302 ac
1122 2229 1222 2300 flam-

143 2349 210 2419 mis
230 2348 371 2443 inopum
392 2348 594 2443 praedonum
616 2357 706 2422 tecta
728 2359 872 2422 vastate.
899 2351 1065 2437 lusistite‚
1087 2373 1164 2436 oro,
1186 2361 1222 2422 et

143 2470 247 2543 nolite
277 2470 460 2555 desistere;
490 2474 729 2566 persequimini
759 2473 909 2545 inimicos
933 2485 1056 2545 cestros
1080 2486 1111 2545 et
1131 2495 1221 2545 com·

137 2591 331 2686 prehendite
362 2595 449 2677 illos,
482 2605 513 2664 et
546 2597 645 2665 nolite
671 2598 832 2678 convoti,
859 2594 961 2666 donec
985 2595 1154 2689 deficiant,
1184 2608 1221 2669 ut

140 2716 188 2789 ait
206 2717 408 2789 Psalmista:
428 2718 633 2812 confringite
650 2719 738 2800 illos;
763 2741 832 2790 non
855 2698 1015 2810 poterunt
1036 2727 1141 2800 stare;
1162 2740 1221 2790 ca-

144 2839 228 2911 dent
249 2838 375 2910 subtus
396 2840 504 2934 pedes
525 2852 665 2913 vestros
685 2849 722 2910 et
741 2839 929 2931 longinqua
949 2859 1060 2932 nuper
1078 2839 1223 2932 expedi·

146 2961 239 3032 tione
251 2963 423 3054 prostrati,
434 2963 581 3058 propriis
595 2964 719 3035 iterum
735 2972 934 3033 sternentur
948 2963 982 3032 in
996 2961 1221 3034 linibus.Vim
1250 2996 1252 3000 ·

144 3083 292 3155 lortnnae
309 3086 460 3158 'faventis
494 3085 682 3177 agnoscite.
717 3084 876 3157 Solebam
911 3084 1042 3177 diceret:
1076 3086 1222 3157 lraenate

143 3206 287 3292 animos,
302 3206 461 3280 cohibete
473 3208 574 3292 iram,
590 3218 781 3301 temperate
798 3207 988 3279 victoriam.
1004 3209 1136 3280 Mutata
1149 3229 1222 3278 ma-

76 3407 90 3431 l
143 3328 242 3415 teria,
261 3330 379 3401 stilum
400 3325 507 3402 muto.
530 3332 662 3402 Clamo:
685 3340 806 3423 urgete
827 3331 1037 3425 praeteritos,
1059 3329 1222 3422 fugienti·

141 3448 209 3523 bus
223 3451 361 3537 instate,
377 3452 569 3547 respirandi
585 3452 733 3546 spatium
748 3452 852 3524 sessis
866 3456 1007 3538 auferte,
1023 3472 1222 3546 supremam

144 3571 225 3644 huic
244 3573 335 3647 bello
357 3595 497 3647 manum
520 3575 645 3667 ponite.
667 3574 778 3648 Nolite
799 3577 933 3668 regium
953 3597 1082 3647 nomen
1102 3574 1223 3646 horre·

144 3717 190 3768 re.
219 3699 320 3791 Saepe
350 3698 458 3791 quod‘
477 3701 586 3792 fulget
616 3700 775 3772 exterius
808 3699 901 3772 intus
925 3697 1122 3771 obscurum
1155 3704 1221 3767 est.

145 3817 254 3891 Maius
274 3830 329 3892 est
347 3841 457 3912 regno
477 3843 598 3913 regum
618 3823 801 3918 superbias
819 3823 1007 3913 castigare3
1022 3840 1090 3891 non
1104 3839 1221 3910 regem

145 3941 208 4013 sed
228 3943 344 4033 regios
365 3943 500 4015 animos
522 3942 672 4018 habetis.
698 3947 809 4019 Parva
834 3945 898 4020 luit
924 3945 1031 4015 Roma
1057 3943 1141 4016 dum
1167 3963 1223 4013 re·

144 4084 223 4154 gem
243 4063 377 4150 habuit,
402 4086 484 4136 mox
506 4075 545 4136 ut
565 4087 647 4156 rege
665 4067 776 4139 caruit
796 4067 979 4148 immensa,
1000 4074 1037 4135 et
1055 4085 1135 4157 quae
1153 4063 1221 4135 sub

144 4206 213 4257 uno
243 4207 328 4278 rege
358 4187 542 4270 servierat,
579 4185 655 4257 sine
686 4184 828 4276 regibus
848 4186 1045 4277 imperavit.
1065 4185 1222 4258 luvadite

143 4325 263 4399 regem
283 4308 386 4380 hunc.
409 4309 480 4382 Nec
500 4309 599 4392 dant,
620 4329 686 4379 nec
705 4306 862 4379 adimunt
886 4320 1023 4402 sceptra
1044 4309 1219 4381 virtutem.

144 4426 222 4499 Rex
241 4439 310 4515 est,
334 4431 396 4503 sed
418 4430 537 4513 homo,
559 4428 623 4501 sed
641 4427 818 4528 mortalis,
841 4430 906 4503 sed
925 4432 1034 4504 multa
1054 4433 1099 4505 de
1119 4428 1221 4501 vobis

145 4551 234 4622 male
258 4554 417 4637 meritus,
439 4563 475 4623 et
495 4551 640 4644 dignum
667 4551 872 4645 supplicium
898 4552 991 4624 iusto
1017 4553 1085 4624 sub
1108 4550 1222 4621 indice
