2738 5062
378 714 469 762 tinen
492 713 1025 764 snxrusoncmus.-ne1sronsn.
1171 703 1231 765 365

572 1024 750 1089 urlslutt
771 1027 802 1088 ll.

268 1239 461 1290 resuntscus
482 1238 650 1288 reuulsus
672 1238 821 1288 sentuno
843 1240 960 1289 suarm
981 1241 1007 1290 S.
1028 1242 1056 1290 P.
1079 1244 1108 1291 Ι).

301 1443 396 1498 Refert
410 1460 472 1515 quae
485 1443 519 1497 de
532 1443 633 1497 virtute
649 1441 709 1497 eius
724 1458 740 1496 a
754 1440 863 1497 duobus
882 1441 1072 1500 Carthusianis

538 1531 680 1586 monachis
694 1530 838 1585 audiverit.

246 1815 433 1888 Coenaham
446 1817 536 1886 torte
553 1816 645 1909 apud
664 1816 921 1889 sanctissimum
935 1831 1040 1912 atque
1056 1821 1224 1912 optimum

148 1940 261 2010 virum
276 1936 556 2010 lldebrandinum
569 1938 748 2009 Patavinae
764 1942 950 2032 praesulem
966 1942 1147 2026 Ecclesiae,
1166 1941 1225 2034 qui

148 2070 228 2131 tunc
252 2059 427 2132 civitatem
449 2059 541 2129 illam
563 2059 808 2150 multiplicibus
830 2061 997 2134 virtutum
1022 2064 1129 2136 radiis
1150 2065 1225 2136 illu-

147 2182 292 2264 strabat,
308 2186 400 2252 nuno
412 2203 542 2253 novum
557 2184 645 2253 'coelo
659 2181 756 2252 sidus
770 2184 929 2267 accessit,
944 2185 1027 2256 dum
1042 2207 1124 2256 ecce
1136 2187 1225 2258 duos

148 2304 198 2374 tui
210 2303 342 2375 ordinis
356 2304 489 2397 priores
503 2324 607 2374 casus
629 2304 749 2390 attulit,
768 2307 914 2407 alterum
936 2308 1100 2392 ltalicum,
1120 2308 1224 2380 Tran-

149 2426 320 2518 salpinum
335 2428 495 2497 alterum:
504 2424 560 2497 hic
574 2426 777 2497 Casularum
791 2426 917 2500 domus
931 2428 1128 2502 moderator
1140 2440 1223 2512 erat,

150 2567 231 2640 quae
251 2545 480 2638 Albingaunis
506 2546 664 2618 litoribus
684 2546 873 2642 impendet,
896 2548 952 2621 ille
976 2549 1082 2620 Vallis
1103 2551 1223 2634 Bonae,

150 2689 230 2761 quae
246 2670 383 2741 dextrae
399 2669 559 2742 Rhodani
577 2670 662 2764 ripae
688 2671 846 2765 proxima
865 2682 930 2743 est.
949 2672 1034 2742 Cum
1056 2693 1143 2764 ergo
1162 2694 1224 2745 eos

146 2792 333 2884 episcopus
359 2811 424 2863 suo
450 2811 545 2862 more
570 2791 688 2862 talium
714 2791 889 2884 hospitum
911 2793 1051 2864 laetatus
1071 2791 1225 2864 adventu

146 2916 292 2988 comiter
321 2916 535 3010 excepisset,
570 2923 747 3007 tractoque
775 2914 820 2986 od
849 2935 1035 3007 vesperam
1064 2933 1225 2987 sermone

146 3039 257 3108 multa
276 3044 570 3131 percunctaretur,
591 3046 697 3128 atque
717 3035 890 3126 inprimis
915 3054 997 3127 quaa
1016 3035 1092 3108 illos
1118 3056 1225 3109 causa
1315 3072 1330 3087 ·-

145 3159 326 3231 Patavium
344 3157 558 3241 adduxisset,
575 3155 828 3252 responderunt
840 3177 880 3227 se
898 3156 1024 3229 missos
1042 3155 1087 3226 ab
1103 3156 1223 3229 ordine
1238 3211 1242 3219 .

145 3281 238 3352 utin
259 3279 431 3352 territorio
450 3279 634 3351 Tarvisino
653 3279 848 3351 coenobium
871 3278 1117 3351 Canthusiense
1140 3299 1223 3350 con-

146 3413 334 3487 struerent,
355 3404 493 3474 favente
519 3403 552 3472 in
580 3403 699 3495 primis
725 3401 890 3496 episcopo
915 3411 1019 3494 atque
1043 3401 1120 3473 aliis
1141 3396 1224 3494 'qui-

147 3524 294 3597 busdam
317 3522 462 3605 civibus,
484 3523 547 3595 loci
564 3522 657 3595 illius
677 3523 776 3595 bonis
798 3544 839 3594 ac
854 3521 991 3595 devotis
1009 3523 1103 3594 viris.
1123 3525 1223 3610 Quod

144 3668 233 3741 opus
259 3646 406 3740 qualiter
431 3646 601 3718 hactenus
627 3648 838 3719 successerit
863 3660 1153 3719 successurumve
1179 3647 1225 3718 sit

144 3774 274 3841 nescio.
297 3770 471 3841 Coeterum
498 3792 576 3842 cum
602 3769 659 3839 vir
680 3769 748 3849 ille,
775 3768 875 3840 cuius
896 3777 934 3839 ut
954 3770 1027 3839 vita
1046 3769 1222 3861 exempla-

143 3890 200 3973 ris
221 3890 272 3962 sic
284 3902 319 3963 et
330 3891 485 3963 doctrina
504 3901 539 3962 et
555 3890 665 3962 oratio
683 3900 802 3964 sancta
819 3891 891 3973 suit,
912 3890 1058 3961 verbum
1076 3913 1096 3960 e
1113 3889 1223 3961 verbo

141 4011 294 4095 eliciens
305 4015 441 4107 etjnler
453 4012 518 4084 alia
532 4011 581 4083 tui
595 4032 733 4103 quoque
746 4012 953 4082 mentionem
966 4011 1104 4090 iaciens
1118 4033 1220 4102 quam

141 4145 235 4206 sorte
259 4157 301 4205 ac
326 4137 505 4208 vocatione
531 4145 591 4204 tua
616 4141 799 4204 contentus
824 4152 949 4220 ageres
979 4131 1218 4222 quaesivisset,

140 4256 188 4326 illi
208 4254 365 4328 certatim
387 4257 567 4328 materiam
585 4253 743 4347 aggressi
763 4252 808 4323 de
830 4261 864 4323 te
885 4250 1087 4344 magnificos
1106 4277 1221 4326 rumo-

140 4399 199 4449 res
220 4379 422 4459 retulerunt,
442 4377 643 4449 nominatim
663 4396 769 4444 unum
785 4400 792 4443 ε
810 4395 888 4444 cum
909 4373 1016 4468 pestis
1036 4376 1120 4458 haec,
1140 4397 1220 4467 quae

139 4517 263 4570 omnes
281 4507 393 4569 terras
412 4520 453 4571 ac
470 4496 577 4568 maria
599 4505 789 4591 pervagata
806 4509 869 4578 est,
889 4497 934 4569 ad
952 4518 1015 4570 vos
1036 4519 1083 4568 ex
1101 4498 1219 4568 ordine
