2738 5062
155 645 214 709 114
500 658 541 708 ns
564 658 665 711 annus
686 660 907 715 rnumranmus

154 796 315 889 cognitus
347 814 512 867 romanus
541 794 646 879 ciris,
676 794 781 869 nullis
806 794 914 869 titulis
943 814 1103 882 suorum,
1133 800 1244 875 nuliis

154 920 323 991 maiorum
343 916 564 1010 imaginibus,
580 916 730 1009 denique
744 919 847 988 nullis
860 917 905 989 ad
922 916 959 990 id
973 928 1110 1013 tempus
1126 920 1245 995 virtu-

154 1040 247 1113 tibus
266 1040 339 1111 suis
353 1041 484 1122 claruS,
502 1038 563 1131 qui
580 1038 754 1110 vindicem
768 1060 808 1109 se
821 1060 974 1113 romanas
991 1039 1164 1115 libertatis
1182 1064 1243 1117 as·

154 1168 297 1233 sereret.
320 1158 466 1231 Obscuri
487 1158 639 1231 bominis
660 1161 753 1231 clara
773 1160 952 1254 professio.
979 1160 1072 1235 illico
1093 1172 1131 1235 ut
1150 1162 1240 1249 scis,

153 1282 424 1374 Tusciacupidc
441 1302 567 1353 manus
591 1280 699 1366 dedit,
726 1282 871 1375 imperia
889 1282 1040 1378 excepit.
1061 1283 1133 1356 lam
1158 1306 1242 1359 sen-

154 1406 218 1476 sim
240 1401 354 1475 omnis
372 1401 468 1473 ltalia
486 1402 706 1494 sequebatur,
724 1403 793 1473 iam
809 1401 957 1499 Europa,
979 1403 1047 1474 iam
1067 1414 1165 1478 totus
1182 1429 1241 1480 or-

154 1524 209 1597 bis
233 1525 385 1596 inmoto
411 1534 497 1595 erat.
519 1523 609 1608 Quid
632 1525 748 1596 multis
770 1535 825 1596 est
849 1528 962 1618 opus?
983 1524 1058 1599 Non
1084 1528 1239 1619 legimus

150 1647 227 1732 ista,
248 1646 313 1718 sed
329 1644 492 1717 vidimus.
507 1646 577 1716 lam
597 1644 744 1717 rediisse
765 1644 898 1717 iustitia
916 1655 952 1718 et
969 1668 1041 1739 pax
1056 1656 1093 1718 01
1109 1648 1239 1721 barum

149 1768 295 1841 comites
316 1769 406 1841 aima
427 1766 524 1853 fides,
547 1768 731 1860 tranquilia
752 1768 931 1853 securitas,
953 1769 998 1840 ad
1018 1779 1236 1862 postremum

74 1929 82 1942 ·
149 1892 246 1964 aurei
264 1893 383 1964 saeculi
401 1891 551 1983 vestigia
571 1889 790 1962 videbantur.
812 1891 873 1961 ilie
893 1891 1064 1961 tamenin
1083 1892 1161 1987 ipso
1181 1914 1238 1967 re·

149 2036 226 2085 rum
248 2014 332 2086 flore
350 2015 465 2107 paruit
482 2013 591 2086 alteri.
614 2013 700 2084 Nolo
718 2010 783 2083 sibi
804 2014 942 2106 cuipam
962 2011 1048 2084 dare
1065 2036 1131 2087 nec
1151 2016 1236 2089 alte·

150 2137 201 2206 ri:
234 2157 303 2206 non
335 2136 530 2209 condemno
550 2135 742 2219 bominem,
769 2155 837 2205 non
871 2134 1039 2217 absolvo;
1065 2157 1136 2208 non
1157 2158 1235 2209 sum

148 2256 280 2327 iudex:
298 2257 386 2348 quid
406 2256 526 2348 opiner
544 2257 627 2328 scio.
649 2258 693 2328 Et
713 2268 914 2349 sumpserat
929 2257 986 2328 iiie
1004 2256 1143 2330 titulum
1162 2260 1236 2331 Tri-

149 2377 248 2460 buni,
270 2379 365 2470 quod
390 2377 480 2450 inter
506 2381 681 2451 romuleas
708 2379 895 2471 dignitates
917 2379 1149 2473 humillimum
1174 2402 1235 2453 no·

148 2499 379 2574 mercatust
401 2509 533 2571 tantum
556 2521 641 2591 ergo
663 2498 897 2572 Tribunicium
916 2502 1035 2594 potuit,
1057 2502 1236 2594 00111010-

149 2643 286 2695 sarcum
306 2644 433 2695 nomen
453 2626 601 2717 posset?
620 2622 666 2694 At
688 2622 717 2693 si
734 2621 862 2705 differs
883 2624 913 2693 si
933 2622 1060 2707 baares,
1078 2633 1114 2694 et
1130 2643 1234 2717 qnam

148 2744 208 2816 tibi
223 2745 290 2818 sub
306 2747 414 2825 oculis
429 2746 530 2840 posui
545 2749 664 2839 sugam
679 2744 844 2838 temporis
857 2764 927 2816 non
941 2745 1103 2832 attendis,
1119 2756 1234 2820 actum

145 2878 222 2951 est;
244 2867 314 2939 ruit
335 2867 535 2961 Imperium,
559 2870 648 2961 perit
668 2866 822 2940 libertas.
842 2868 928 2953 Noli,
950 2879 1077 2951 orote,
1099 2870 1233 2953 Caesar,

149 2989 225 3062 baec
249 3012 328 3063 cum
355 2990 533 3062 stomacho
558 2992 690 3081 legere,
719 3010 802 3083 quae
828 2991 946 3060 forsan
972 2990 1093 3081 gustui
1120 2990 1233 3061 minus

146 3112 260 3184 dulcia
281 3122 364 3183 sunt
387 3134 492 3205 quam
512 3113 635 3183 velles.
660 3111 784 3182 Nescis
804 3111 887 3204 quia
912 3110 1016 3182 bilem
1037 3121 1233 3183 concretam

146 3233 298 3306 remedia
319 3234 385 3306 nisi
405 3254 525 3322 amara
546 3256 616 3305 non
636 3238 843 3326 penetrant?
862 3236 938 3327 Ego
960 3233 1021 3305 tibi
1038 3256 1166 3307 verum
1182 3232 1234 3307 di·

144 3376 223 3426 cere
242 3377 313 3427 non
334 3367 461 3442 metuo,
481 3357 645 3449 quoniam
665 3379 784 3429 amare
804 3367 837 3428 te
854 3378 975 3428 verum
997 3357 1092 3441 novi,
1115 3356 1232 3429 odisse

144 3475 338 3547 blanditias.
360 3478 563 3562 Prudenter,
582 3478 720 3571 optime,
741 3479 933 3570 magnifice.
947 3477 1096 3549 Aconita
1110 3499 1231 3570 regum

144 3607 237 3682 sunt,
260 3596 375 3669 irrisio
400 3599 604 3689 potentium,
633 3624 728 3674 mors
754 3600 959 3694 principum,
987 3602 1233 3677 0111101111ου-

143 3722 239 3794 tium.
265 3718 451 3791 Sedenim
484 3722 660 3793 nescimus
687 3732 812 3811 pacata
837 3722 944 3792 bellua
968 3724 1011 3793 sit
1038 3722 1230 3816 Imperium.

142 3844 204 3917 Hic
222 3843 314 3917 enim
341 3844 429 3914 alter
453 3843 720 3915 excusationum
748 3852 885 3915 tuarum
912 3846 1006 3917 color
1033 3845 1108 3917 suit.
1131 3842 1233 3930 Quod

140 3963 271 4040 dictum
297 3966 403 4039 miror
436 3988 499 4038 cur
522 3963 682 4056 Augusto
716 3963 880 4037 tribueris
905 3988 986 4038 cum
1015 3966 1145 4039 Tiberii
1172 3966 1229 4051 sit,

140 4088 206 4158 nisi
232 4090 401 4161 10110νο1
429 4110 543 4159 rerum
571 4109 656 4159 cura
684 4088 910 4180 praesentium
936 4088 1143 4161 memoriam
1169 4110 1231 4161 ve·

141 4211 278 4281 10010110
295 4210 483 4295 obnubilat,
503 4210 559 4279 vei
579 4214 832 4285 communicato
850 4212 1021 4285 vocabulo
1036 4208 1232 4303 quemlibet

140 4332 385 4425 imperatorem
405 4344 442 4402 ut
462 4332 652 4417 Caesarem,
674 4334 725 4406 sic
744 4334 942 4425 August-um
964 4353 1082 4406 vocas.
1105 4330 1231 4405 Fecisti

139 4454 254 4525 iorsan
282 4453 316 4525 id
342 4453 471 4535 scions,
501 4465 537 4525 ut
563 4455 609 4526 ab
635 4454 760 4545 insigni
788 4463 928 4525 auctore
948 4454 1053 4538 dicto,
1081 4478 1154 4548 quo
1180 4454 1229 4527 uti
