2738 5062
141 673 159 734 8
480 688 521 736 un
541 688 642 740 nunus
664 689 886 740 rnummmcus

142 837 212 902 tem
232 829 427 901 ostenditur
444 830 512 902 via.
531 829 657 926 Aliquo
674 839 845 904 terrarum
864 832 1050 924 fugiamus,
1073 833 1134 904 ubi
1153 856 1218 906 nos

143 974 264 1025 sanam
285 961 434 1023 mentem
455 955 612 1026 attulisse
629 975 699 1027 non
717 954 762 1026 sit
778 953 993 1040 incredibile,
1022 954 1081 1026 ubi
1107 957 1220 1050 possi-

142 1095 221 1146 mus
239 1075 379 1147 tandem
395 1096 475 1146 esse
494 1075 588 1171 quod
610 1098 746 1160 sumus,
770 1095 834 1146 nec
846 1095 1013 1167 cogamur
1030 1077 1218 1168 essequod

141 1196 281 1268 fuimus.
303 1198 402 1290 Saepe
421 1197 524 1270 fessis
546 1207 677 1268 motum
691 1199 798 1281 latus,
816 1207 852 1268 et
868 1205 1022 1268 mutatus
1040 1219 1100 1269 aer
1114 1199 1219 1290 aegris

142 1319 278 1413 profuit.
299 1321 549 1392 Mansuescunt
568 1319 710 1392 arbores
731 1321 860 1406 insitae,
880 1329 916 1391 et
935 1323 1101 1392 translata
1126 1325 1218 1394 olera

142 1447 399 1517 convalescunt.
418 1445 518 1530 Quod
534 1445 580 1517 ad
599 1467 657 1517 me
677 1446 812 1531 attinet,
831 1444 944 1530 amici,
962 1445 998 1516 id
1018 1445 1101 1516 mihi
1127 1469 1218 1519 nunc

142 1543 308 1638 inanimo
327 1577 392 1638 est.
413 1567 582 1652 Quamvis
602 1568 694 1639 enim
720 1580 841 1641 contra
865 1572 1050 1642 multorum
1077 1580 1217 1642 senten-

143 1686 226 1757 tiam
247 1688 306 1772 sit,
329 1689 440 1760 sentio
462 1710 556 1783 saepe
574 1690 655 1761 alibi
676 1690 894 1787 tranquillius
917 1705 1131 1767 senectutem
1151 1693 1216 1785 agi,

143 1832 248 1904 quam
267 1810 327 1882 ubi
343 1808 575 1884 adolescentia
596 1825 673 1885 acta
693 1826 757 1888 est.

283 1973 437 2043 Arenione,
453 1972 504 2028 Vll
519 1972 581 2030 Kal.
599 1975 735 2033 Octobris.
796 2013 797 2016 =

557 2437 734 2502 EPISTOLA
756 2438 802 2502 IV.

369 2603 563 2655 ranuclsous
585 2605 754 2655 ruraliter
776 2605 818 2655 Ab
836 2605 987 2656 lodorull.

142 2755 227 2812 Plura
248 2755 283 2810 dc
305 2755 448 2813 adulteriis
461 2757 640 2830 perversitate
661 2775 773 2814 morum
795 2759 1079 2816 increbrescentibus:
1096 2775 1218 2831 quorum

246 2845 369 2920 pericula
393 2846 496 2902 illustri
522 2847 647 2920 exemplo
674 2847 861 2920 demonstrat,
885 2855 913 2904 ct
939 2849 1059 2904 amicum
1077 2854 1218 2905 monetat

249 2941 351 2992 caveat.

239 3170 355 3244 Verba
377 3173 459 3244 mihi
478 3197 571 3245 nunc
592 3183 706 3245 metus
726 3194 766 3244 ac
781 3173 878 3244 dolor
895 3173 1045 3244 eliciunt.
1061 3171 1217 3244 Alterum

143 3295 219 3367 sine
238 3296 346 3368 altero
370 3299 488 3368 forsan
514 3296 638 3368 tacitus
664 3295 833 3367 tulissem.
867 3295 944 3366 Scio
973 3293 1123 3386 quidem,
1147 3295 1218 3365 scio

143 3417 297 3512 quidest
317 3417 410 3513 quod
430 3427 517 3489 teet
537 3419 629 3490 hunc
646 3418 679 3488 in
699 3427 732 3488 te
753 3417 907 3489 deditum
926 3415 1088 3487 attonitos
1102 3415 1215 3503 babet,

142 3541 329 3636 relictoque
340 3543 425 3615 calle
438 3541 650 3637 planissimo,
661 3564 724 3635 per
736 3540 884 3634 abrupta
893 3539 989 3610 salsis
999 3539 1218 3632 opinionibus

142 3676 338 3739 excaecatos
356 3676 392 3738 et
410 3664 661 3736 consuetudine
678 3663 813 3738 vinctos
833 3663 948 3734 trahit.
972 3663 1096 3735 Sordet
1115 3684 1217 3735 omne

142 3789 310 3883 parabile,
329 3789 478 3861 difficilia
503 3788 687 3872 delectant,
714 3808 826 3881 eoque
853 3786 965 3879 magis
989 3809 1059 3881 quo
1084 3789 1129 3860 ad
1153 3787 1218 3857 im-

144 3909 409 4005 possibilitatem
429 3911 570 4006 propius
591 3909 754 3982 videntur
780 3910 956 3982 accedere.
982 3910 1111 4005 Aperta
1135 3932 1217 3982 con-

141 4034 309 4120 temnitis,
342 4032 503 4106 obserata
533 4033 684 4105 tentatis.
720 4031 836 4104 Sicubi
861 4033 916 4104 vir
950 4035 1130 4130 zelotypus
1156 4037 1217 4101 aut

141 4167 253 4228 mater
269 4156 375 4228 anxia
393 4166 561 4253 paterque
583 4156 747 4227 sollicitus
764 4156 937 4249 insignem
951 4157 1105 4229 noscitur
1118 4153 1217 4224 adhi-

141 4281 263 4356 buisse
282 4282 489 4368 custodiam,
515 4280 624 4354 sicubi
649 4281 760 4374 pudor
787 4281 862 4377 ipse
893 4281 1063 4353 femineus
1089 4278 1217 4370 imper-

141 4407 200 4479 via
220 4429 303 4501 sepe
323 4409 471 4480 vallatus
489 4415 557 4491 est,
571 4405 660 4477 hanc
677 4406 734 4475 vel
752 4404 954 4477 muneribus
972 4400 1217 4494 blanditiisque

140 4529 385 4624 perstringere,
408 4532 465 4603 vel
485 4528 600 4622 aliquo
619 4549 712 4601 novo
733 4549 861 4620 genere
885 4522 1018 4597 fraudis
1043 4523 1217 4595 transilire
