2738 5062
281 695 372 744 urnae
395 694 687 753 oulnrusnucuius.
701 697 903 746 -nuisroul
927 701 954 747 v.
1095 686 1155 749 293

75 853 131 902 me
151 827 290 920 negotio
308 829 493 901 miscuisse
509 829 654 914 dicerer,
674 854 752 903 cum
771 854 834 904 nec
853 831 1027 905 bominem
1047 835 1155 908 dede-

73 961 148 1024 ceat
174 951 350 1035 humanis,
379 974 443 1023 nec
472 952 621 1024 italicum
648 953 900 1027 italicismalis
927 956 1035 1047 tangi,
1062 958 1153 1028 etsi

74 1073 148 1146 lieri
170 1072 281 1166 possit
300 1095 499 1155 occurrere3
526 1097 595 1168 qua
628 1078 661 1146 in
691 1074 820 1147 renisi
847 1077 932 1148 lallit
952 1078 1150 1162 aestimatio,

73 1195 156 1267 nulli
176 1216 234 1264 me
254 1195 370 1266 animo
391 1195 582 1267 secuudum
604 1197 700 1269 lanio.
718 1198 816 1269 Nunc
835 1198 973 1270 tandem
993 1199 1153 1271 inclinata

74 1321 140 1390 iam
160 1339 212 1401 re,
237 1339 300 1387 nec
321 1317 451 1408 exiguo
472 1319 641 1410 sanguine
659 1320 836 1411 mitigatis,
859 1330 895 1390 ut
911 1319 1076 1405 arbitror,
1095 1343 1152 1392 ar-

73 1440 216 1514 doribus
237 1438 408 1521 odiorum,
432 1439 525 1511 baud
547 1441 629 1510 mibi
650 1441 812 1534 deinceps
834 1428 1075 1536 intempestive
1101 1445 1153 1514 vi-

73 1562 158 1634 deor
176 1564 332 1633 facturus
355 1562 397 1645 si,
423 1572 459 1632 ut
478 1561 525 1634 ita
546 1563 710 1646 dixerim,
734 1565 887 1655 receptui
904 1564 1073 1637 cecinero.
1096 1565 1153 1639 ld-

74 1709 144 1778 que
179 1685 267 1758 adeo
304 1684 455 1758 fidenter
491 1709 559 1758 non
594 1688 764 1773 lacerem,
799 1690 866 1760 nisi
903 1712 1024 1761 eorum
1062 1713 1152 1784 quos

73 1807 230 1900 alloquor
247 1827 363 1878 mores
381 1829 534 1879 nossem.
552 1809 652 1880 Nulla
670 1831 757 1900 gens
776 1813 831 1883 vel
850 1811 884 1880 in
901 1810 990 1882 bello
1007 1812 1152 1883 ferocior

73 1931 131 2000 vel
154 1929 189 1999 in
210 1929 355 2001 victoria
390 1929 572 2020 humanior
594 1931 787 2023 mitiorque.
810 1931 960 2002 Vicistis.
981 1931 1153 2024 Conquie-

75 2051 174 2137 scite,
197 2053 337 2145 nequis
359 2074 425 2123 vos
442 2043 641 2125 vestrorum
660 2075 795 2124 morum
818 2063 914 2145 putet
930 2052 1066 2124 oblitos.
1084 2052 1151 2124 Ne-

71 2197 142 2268 que
162 2177 289 2246 etenim
311 2174 505 2247 illustribus
528 2184 661 2246 tantum
681 2176 767 2246 viris
785 2196 825 2246 ac
841 2175 989 2269 populis,
1010 2174 1073 2246 sed
1090 2159 1151 2248 no

72 2296 201 2368 bilibus
220 2297 323 2383 etiam
344 2299 426 2369 seris
448 2299 534 2368 satis
555 2308 610 2368 est
630 2297 771 2380 vicisse,
794 2297 1006 2389 ignobilibus
1032 2309 1149 2370 autern

73 2420 204 2488 saevire
225 2419 366 2491 ulterius
387 2429 443 2490 est
464 2422 639 2513 voluptas
662 2441 726 2491 nec
747 2419 891 2492 victoria
916 2420 992 2492 sitis
1013 2420 1148 2506 cruoris

72 2539 298 2631 extinguitur.
325 2542 396 2612 Vos
422 2541 527 2632 igitur
559 2541 813 2614 humanissima
837 2554 979 2637 pectora
1005 2543 1073 2614 ianr
1098 2543 1152 2614 vi-

71 2663 196 2761 ctrices
218 2665 362 2737 dextras
383 2688 404 2737 a
425 2663 596 2756 sanguine
614 2664 784 2736 cohibete.
803 2665 933 2735 Tulerit
948 2665 1028 2735 belli
1046 2685 1151 2736 casus

73 2807 134 2857 eos
154 2786 213 2878 qui
234 2787 269 2857 in
289 2787 409 2882 praelio
428 2799 648 2859 corruerunt:
666 2788 768 2859 luerit
787 2786 870 2858 illud
892 2788 1024 2858 martiae
1042 2785 1150 2856 virtu·

72 2909 133 2978 tis:
154 2918 190 2979 at
210 2909 373 3003 reliquias
394 2910 501 2981 armis
522 2910 684 2980 insectari
710 2931 778 2980 non
800 2917 856 2978 est
880 2917 1011 2978 vestrae
1033 2909 1153 2979 lenita-

73 3032 129 3100 tis.
151 3031 272 3124 Neque
290 3033 382 3104 enim
404 3043 461 3106 est
480 3033 578 3106 facile
598 3033 687 3104 inter
707 3032 875 3103 micantes
896 3034 1040 3102 telorum
1058 3032 1151 3104 acies

72 3165 198 3231 exacto
217 3176 363 3249 prorsus
384 3156 546 3227 examine
566 3155 693 3226 librare
716 3154 864 3245 singula,
887 3174 991 3246 quem
1011 3154 1149 3224 stillanti

73 3278 189 3369 gladio
201 3277 315 3360 serias,
325 3276 416 3348 unde
431 3299 571 3350 manum
586 3277 755 3348 retrahas.
771 3275 894 3346 Omnia
907 3274 1029 3346 miscet
1041 3275 1150 3368 impe·

73 3411 130 3470 lns
143 3399 317 3490 ardorque
330 3400 567 3491 pugnantium,
582 3398 642 3492 qni
657 3398 715 3469 ubi
731 3397 868 3479 resedit
878 3394 1149 3489 rediitquetran-

71 3521 223 3615 quillitas
243 3521 452 3605 animorum,
476 3522 578 3594 simul
596 3531 632 3592 et
649 3519 765 3593 iudicii
787 3518 930 3591 libertas
950 3518 1151 3591 intermissa

73 3643 271 3727 revertitur,
295 3655 367 3715 tum
395 3645 532 3715 frenare
557 3644 711 3715 animum
737 3644 851 3727 decet,
878 3654 913 3714 et
938 3643 1152 3715 humanitate

73 3763 214 3835 notabili
235 3764 379 3856 dignum
402 3785 481 3837 sese
503 3766 650 3858 probare
672 3765 825 3837 victoria.
847 3765 948 3850 Quod
969 3766 1063 3838 baud
1088 3764 1153 3837 du·

71 3884 128 3957 bie
147 3886 245 3957 facile
265 3886 499 3981 praestabunt,
520 3888 649 3980 quibus
670 3908 740 3960 non
765 3908 857 3958 nova
877 3895 913 3956 et
933 3886 1069 3958 insueta
1095 3907 1151 3958 res

70 4016 127 4080 est
146 4007 297 4080 vincere.
320 4011 483 4081 Insolenti
505 4010 597 4080 enim
624 4008 753 4100 gaudio
778 4008 976 4100 praecipites
1000 4016 1154 4098 aguntur

70 4133 169 4204 leves
191 4132 312 4211 animi,
334 4142 370 4204 et
385 4136 531 4204 lraenum
554 4129 696 4201 rationis
717 4128 852 4200 excutit
871 4127 1048 4220 repentina
1066 4128 1153 4200 laeti-

70 4253 126 4325 ba.
149 4254 258 4326 Vobis
278 4255 420 4325 vincere
439 4257 508 4324 iam
535 4254 568 4322 in
596 4247 884 4324 consuetudinem
910 4268 1054 4320 versum
1079 4260 1149 4333 est,

70 4385 225 4469 quotque
242 4397 305 4470 per
321 4375 440 4446 orbem
464 4384 633 4445 terrarum
646 4371 736 4441 bella
752 4370 989 4456 lannensium,
1009 4369 1151 4442 totidem

69 4496 228 4568 victoriae
240 4505 479 4569 numerantur.
497 4493 605 4567 Maria
625 4513 731 4586 prope
748 4494 901 4565 omnium
920 4493 1073 4584 gentium
1092 4511 1152 4562 vo·
1219 4538 1220 4541 η
