2738 5062
381 700 472 749 niusa
494 698 703 748 nuonncmus.
716 698 915 747 -musreua
938 700 988 747 uu.
1161 690 1211 748 tui

138 834 364 932 quotidieque
384 836 512 929 aliquid
532 835 716 908 addiscens
738 858 930 907 senescere.
953 837 988 906 Si
1005 858 1076 929 quo
1097 840 1213 909 forsan

138 960 255 1032 studio
279 969 444 1053 coaptare
468 960 549 1029 mihi
578 962 710 1030 valeam
742 960 835 1052 qnod
859 960 903 1030 de
929 980 968 1029 se
1001 959 1076 1054 ipso
1106 982 1215 1031 senex

139 1083 192 1153 ille
210 1080 495 1173 sapientissimus
514 1081 693 1171 gloriatur,
713 1082 802 1151 nitar
819 1091 923 1152 certe.
943 1081 1051 1174 quue
1074 1081 1214 1153 liberius

139 1226 191 1276 me
210 1205 400 1287 facturum,
419 1203 622 1295 feliciusque
640 1224 883 1275 successurum
903 1226 1017 1297 spero,
1037 1228 1114 1276 cnm
1135 1228 1216 1300 pas-

142 1328 257 1399 siones
282 1348 327 1398 ex
355 1326 469 1401 animo
496 1325 659 1396 radicitus
685 1328 819 1397 avulsae
844 1327 985 1409 luerint,
1010 1329 1215 1421 penitusque

141 1471 261 1521 omnes
281 1449 499 1529 exacuerint,
521 1448 648 1540 quibus
667 1449 747 1531 iam,
766 1451 838 1520 Deo
856 1449 1001 1540 gratias,
1021 1450 1215 1543 interpeller

141 1574 289 1666 parcius.
311 1571 494 1664 Reliquum
515 1583 570 1642 est
592 1582 628 1642 ut
648 1576 740 1667 quod
768 1574 801 1643 in
828 1584 964 1645 terrena
986 1574 1072 1645 urbe
1093 1574 1215 1667 neqni-

142 1696 268 1777 vimus,
292 1715 357 1765 nos
376 1694 408 1763 in
427 1695 556 1766 coelesti
575 1697 778 1777 Ierusalem,
802 1698 830 1768 si
852 1698 951 1767 aliter
969 1720 1035 1768 non
1054 1696 1212 1778 sinimur,

143 1817 336 1887 videamus.
358 1817 454 1887 Vale.

281 1960 315 2015 X.
334 1961 472 2018 Kalendas
488 1964 598 2018 llartias
614 1982 697 2037 snper
712 1967 826 2021 flumina
842 1965 996 2037 Babylonis.

551 2406 724 2471 uttslutl
748 2409 813 2474 Vlll.

231 2610 427 2661 l'RANClSCl'S
449 2610 612 2660 untttttttct
635 2612 750 2660 tuturo
772 2614 973 2662 t'totttuttn'o
995 2618 1020 2664 S.
1043 2617 1069 2663 Ρ.
1093 2620 1121 2664 n.

252 2804 288 2859 Se
302 2803 338 2858 ad
352 2803 456 2857 sontem
470 2803 572 2874 Sergius
586 2804 663 2857 beate
679 2805 769 2857 rivere
784 2811 812 2857 et
827 2803 966 2858 Ciceronis
979 2806 1096 2860 lectione

491 2908 575 2962 quam
589 2893 708 2946 maxime
723 2893 860 2948 delectari.

238 3158 336 3228 More
361 3179 438 3229 mee
464 3179 574 3252 nuper
598 3158 631 3226 in
658 3155 820 3227 Helicona
846 3157 1093 3252 transalpinum
1121 3157 1216 3233 urbis

144 3277 267 3350 invisae
288 3278 469 3371 strepitum
496 3278 633 3369 lugiens
660 3277 801 3361 recessi,
830 3299 965 3371 unaque
992 3290 1072 3350 tuus
1098 3281 1217 3353 Cicero

144 3399 307 3472 attonitus
328 3400 480 3471 novitate
497 3401 574 3484 loci,
594 3403 780 3492 lassusque
800 3423 975 3493 nunquam
994 3424 1033 3473 se
1051 3405 1162 3497 magis
1181 3408 1214 3476 in

144 3524 307 3617 Arpinate
329 3544 406 3606 sun,
427 3533 464 3593 ut
480 3522 590 3593 verbo
602 3522 679 3593 eius
693 3534 782 3603 utar,
804 3523 928 3615 gelidis
944 3526 1214 3623 circumseptum

144 3645 343 3718 fluminibus
360 3636 483 3727 luisse,
503 3669 605 3740 quam
624 3647 669 3717 ad
687 3648 814 3717 sontem
836 3648 968 3740 Sergiae
985 3672 1119 3721 mecum
1142 3652 1214 3721 luit.

145 3771 229 3843 Olim
271 3780 354 3864 puto
393 3769 587 3842 Narbonem
622 3784 741 3864 petens
776 3774 847 3843 loca
881 3772 935 3840 illa
969 3792 1036 3841 non
1071 3771 1213 3857 viderat,

144 3916 364 3988 quamquam,
378 3894 407 3964 si
419 3892 527 3962 Plinio
543 3895 725 3977 credimus,
742 3891 980 3975 narbonensis,
996 3892 1023 3962 si
1040 3893 1216 3965 hodierna*

144 4015 351 4089 dimensioni
383 4026 537 4096 stamus,
572 4014 776 4084 arelatensis
810 4014 995 4107 prouinciae
1030 4017 1104 4085 loca
1137 4018 1214 4088 sint.

148 4140 337 4231 Utcumque
359 4161 396 4210 se
422 4137 549 4209 habeat
568 4136 822 4231 provinciarum
843 4137 950 4217 ratio,
979 4140 1054 4209 lons
1079 4140 1135 4211 ille
1160 4166 1217 4212 ce-

147 4261 361 4343 leberrimus,
385 4283 448 4331 nee
467 4279 666 4352 campaneae
687 4257 872 4352 Nymphae,
895 4260 927 4329 ni
949 4262 1058 4345 fallor,
1082 4285 1144 4334 nec
1170 4266 1216 4333 si-

145 4387 231 4455 cutae
250 4405 416 4454 cessurus
437 4384 634 4464 Arethusae,
655 4381 864 4473 repositique
883 4384 973 4454 ruris
991 4383 1090 4455 dulce
1112 4386 1216 4455 silen-

149 4508 240 4585 tium,
276 4529 314 4575 ur
348 4506 494 4577 solitudo
520 4504 782 4581 iurumlissimu,
811 4528 912 4576 serus
941 4508 1002 4578 itur
1027 4508 1211 4600 publicum,
