<?xml version="1.0" encoding="UTF-8"?>
<!DOCTYPE html PUBLIC "-//W3C//DTD XHTML 1.0 Transitional//EN"
    "http://www.w3.org/TR/xhtml1/DTD/xhtml1-transitional.dtd">
<html xmlns="http://www.w3.org/1999/xhtml" xml:lang="en" lang="en">
 <head>
  <title>
</title>
<meta http-equiv="Content-Type" content="text/html;charset=utf-8" />
  <meta name='ocr-system' content='tesseract 3.04.00' />
  <meta name='ocr-capabilities' content='ocr_page ocr_carea ocr_par ocr_line ocrx_word'/>
</head>
<body>
  <div class='ocr_page' id='page_1' title='image "./epistolaederebu02fracgoog_0102.png"; bbox 0 0 2738 5062; ppageno 0'>
   <div class='ocr_carea' id='block_1_1' title="bbox 425 712 1221 774">
    <p class='ocr_par' dir='ltr' id='par_1_1' title="bbox 425 712 1221 774">
     <span class='ocr_line' id='line_1_1' title="bbox 425 712 1221 774; baseline -0.003 0"><span class='ocrx_word' id='word_1_1' title='bbox 425 724 516 774; x_wconf 80' lang='lat' dir='ltr'>LIBER</span> <span class='ocrx_word' id='word_1_2' title='bbox 540 724 683 773; x_wconf 76' lang='lat' dir='ltr'>DECIMUS.</span> <span class='ocrx_word' id='word_1_3' title='bbox 695 723 895 773; x_wconf 70' lang='lat' dir='ltr'>-ssrrsrona</span> <span class='ocrx_word' id='word_1_4' title='bbox 918 726 946 772; x_wconf 84' lang='lat' dir='ltr'>l&#39;.</span> <span class='ocrx_word' id='word_1_5' title='bbox 1183 712 1221 772; x_wconf 79' lang='grc'>93</span> 
     </span>
    </p>
   </div>
   <div class='ocr_carea' id='block_1_2' title="bbox 90 860 1346 4636">
    <p class='ocr_par' dir='ltr' id='par_1_2' title="bbox 90 860 1346 4636">
     <span class='ocr_line' id='line_1_2' title="bbox 143 860 1346 957; baseline -0.001 -24"><span class='ocrx_word' id='word_1_6' title='bbox 143 882 260 957; x_wconf 87' lang='lat' dir='ltr'>quove</span> <span class='ocrx_word' id='word_1_7' title='bbox 276 861 329 933; x_wconf 90' lang='lat' dir='ltr'>ire</span> <span class='ocrx_word' id='word_1_8' title='bbox 342 861 389 932; x_wconf 88' lang='lat' dir='ltr'>sit</span> <span class='ocrx_word' id='word_1_9' title='bbox 400 880 551 945; x_wconf 83' lang='lat' dir='ltr'>neeesse,</span> <span class='ocrx_word' id='word_1_10' title='bbox 565 868 771 953; x_wconf 85' lang='lat' dir='ltr'>quantoque,</span> <span class='ocrx_word' id='word_1_11' title='bbox 787 861 900 946; x_wconf 90' lang='lat' dir='ltr'>miser,</span> <span class='ocrx_word' id='word_1_12' title='bbox 916 860 1028 932; x_wconf 90' lang='lat' dir='ltr'>absim</span> <span class='ocrx_word' id='word_1_13' title='bbox 1042 860 1222 932; x_wconf 87' lang='lat' dir='ltr'>intervallo</span> <span class='ocrx_word' id='word_1_14' title='bbox 1338 878 1346 905; x_wconf 52' lang='lat' dir='ltr'>r</span> 
     </span>
     <span class='ocr_line' id='line_1_3' title="bbox 141 983 1219 1078; baseline -0.004 -20"><span class='ocrx_word' id='word_1_15' title='bbox 141 985 187 1058; x_wconf 89' lang='lat' dir='ltr'>ab</span> <span class='ocrx_word' id='word_1_16' title='bbox 202 985 272 1057; x_wconf 88' lang='lat' dir='ltr'>alia</span> <span class='ocrx_word' id='word_1_17' title='bbox 295 983 407 1078; x_wconf 89' lang='lat' dir='ltr'>patria</span> <span class='ocrx_word' id='word_1_18' title='bbox 425 995 543 1055; x_wconf 91' lang='lat' dir='ltr'>nostra</span> <span class='ocrx_word' id='word_1_19' title='bbox 560 983 768 1067; x_wconf 83' lang='lat' dir='ltr'>Ierusalem,</span> <span class='ocrx_word' id='word_1_20' title='bbox 793 983 836 1055; x_wconf 92' lang='lat' dir='ltr'>ad</span> <span class='ocrx_word' id='word_1_21' title='bbox 857 1006 971 1075; x_wconf 91' lang='lat' dir='ltr'>quam,</span> <span class='ocrx_word' id='word_1_22' title='bbox 990 983 1058 1053; x_wconf 92' lang='lat' dir='ltr'>nisi</span> <span class='ocrx_word' id='word_1_23' title='bbox 1075 1005 1138 1054; x_wconf 92' lang='lat' dir='ltr'>nos</span> <span class='ocrx_word' id='word_1_24' title='bbox 1156 1005 1219 1054; x_wconf 95' lang='lat' dir='ltr'>no-</span> 
     </span>
     <span class='ocr_line' id='line_1_4' title="bbox 141 1106 1219 1200; baseline -0.004 -20"><span class='ocrx_word' id='word_1_25' title='bbox 141 1107 205 1180; x_wconf 90' lang='lat' dir='ltr'>stri</span> <span class='ocrx_word' id='word_1_26' title='bbox 227 1108 448 1178; x_wconf 83' lang='lat' dir='ltr'>immemores</span> <span class='ocrx_word' id='word_1_27' title='bbox 467 1106 586 1177; x_wconf 85' lang='lat' dir='ltr'>luscus</span> <span class='ocrx_word' id='word_1_28' title='bbox 607 1114 642 1177; x_wconf 90' lang='lat' dir='ltr'>et</span> <span class='ocrx_word' id='word_1_29' title='bbox 658 1106 772 1177; x_wconf 88' lang='lat' dir='ltr'>luteus</span> <span class='ocrx_word' id='word_1_30' title='bbox 788 1127 906 1177; x_wconf 84' lang='lat' dir='ltr'>carcer</span> <span class='ocrx_word' id='word_1_31' title='bbox 923 1107 1013 1190; x_wconf 84' lang='lat' dir='ltr'>lacit,</span> <span class='ocrx_word' id='word_1_32' title='bbox 1033 1127 1170 1200; x_wconf 83' lang='lat' dir='ltr'>semper</span> <span class='ocrx_word' id='word_1_33' title='bbox 1184 1107 1219 1176; x_wconf 93' lang='lat' dir='ltr'>in</span> 
     </span>
     <span class='ocr_line' id='line_1_5' title="bbox 140 1227 1218 1321; baseline -0.002 -21"><span class='ocrx_word' id='word_1_34' title='bbox 140 1230 209 1302; x_wconf 86' lang='lat' dir='ltr'>lroo</span> <span class='ocrx_word' id='word_1_35' title='bbox 228 1228 337 1302; x_wconf 87' lang='lat' dir='ltr'>exilio</span> <span class='ocrx_word' id='word_1_36' title='bbox 354 1228 582 1321; x_wconf 84' lang='lat' dir='ltr'>suspiramus.</span> <span class='ocrx_word' id='word_1_37' title='bbox 603 1228 694 1312; x_wconf 86' lang='lat' dir='ltr'>Quid</span> <span class='ocrx_word' id='word_1_38' title='bbox 715 1251 805 1301; x_wconf 84' lang='lat' dir='ltr'>nuno</span> <span class='ocrx_word' id='word_1_39' title='bbox 824 1227 959 1300; x_wconf 78' lang='lat' dir='ltr'>dicam?</span> <span class='ocrx_word' id='word_1_40' title='bbox 978 1230 1139 1301; x_wconf 83' lang='lat' dir='ltr'>Gratulor</span> <span class='ocrx_word' id='word_1_41' title='bbox 1158 1229 1218 1300; x_wconf 88' lang='lat' dir='ltr'>tibi</span> 
     </span>
     <span class='ocr_line' id='line_1_6' title="bbox 140 1349 1218 1443; baseline -0.001 -17"><span class='ocrx_word' id='word_1_42' title='bbox 140 1351 285 1426; x_wconf 91' lang='lat' dir='ltr'>etmihi</span> <span class='ocrx_word' id='word_1_43' title='bbox 306 1353 475 1443; x_wconf 80' lang='lat' dir='ltr'>gratulor:</span> <span class='ocrx_word' id='word_1_44' title='bbox 510 1349 570 1421; x_wconf 91' lang='lat' dir='ltr'>tibi</span> <span class='ocrx_word' id='word_1_45' title='bbox 593 1354 695 1422; x_wconf 90' lang='lat' dir='ltr'>talem</span> <span class='ocrx_word' id='word_1_46' title='bbox 727 1353 889 1436; x_wconf 92' lang='lat' dir='ltr'>animum,</span> <span class='ocrx_word' id='word_1_47' title='bbox 912 1352 994 1422; x_wconf 91' lang='lat' dir='ltr'>mihi</span> <span class='ocrx_word' id='word_1_48' title='bbox 1016 1355 1119 1424; x_wconf 86' lang='lat' dir='ltr'>talem</span> <span class='ocrx_word' id='word_1_49' title='bbox 1137 1375 1218 1426; x_wconf 87' lang='lat' dir='ltr'>esse</span> 
     </span>
     <span class='ocr_line' id='line_1_7' title="bbox 142 1473 1219 1569; baseline 0.003 -24"><span class='ocrx_word' id='word_1_50' title='bbox 142 1495 363 1569; x_wconf 77' lang='lat' dir='ltr'>germanum.</span> <span class='ocrx_word' id='word_1_51' title='bbox 382 1473 494 1544; x_wconf 91' lang='lat' dir='ltr'>Unum</span> <span class='ocrx_word' id='word_1_52' title='bbox 512 1474 601 1544; x_wconf 84' lang='lat' dir='ltr'>inter</span> <span class='ocrx_word' id='word_1_53' title='bbox 617 1474 707 1545; x_wconf 92' lang='lat' dir='ltr'>duas</span> <span class='ocrx_word' id='word_1_54' title='bbox 724 1475 970 1565; x_wconf 79' lang='lat' dir='ltr'>gratulationes</span> <span class='ocrx_word' id='word_1_55' title='bbox 984 1485 1039 1546; x_wconf 93' lang='lat' dir='ltr'>est</span> <span class='ocrx_word' id='word_1_56' title='bbox 1052 1475 1145 1568; x_wconf 94' lang='lat' dir='ltr'>quod</span> <span class='ocrx_word' id='word_1_57' title='bbox 1156 1476 1219 1548; x_wconf 95' lang='lat' dir='ltr'>do-</span> 
     </span>
     <span class='ocr_line' id='line_1_8' title="bbox 142 1596 1216 1692; baseline -0.002 -23"><span class='ocrx_word' id='word_1_58' title='bbox 142 1599 257 1682; x_wconf 88' lang='lat' dir='ltr'>leam,</span> <span class='ocrx_word' id='word_1_59' title='bbox 277 1596 375 1688; x_wconf 86' lang='lat' dir='ltr'>quod</span> <span class='ocrx_word' id='word_1_60' title='bbox 407 1598 559 1688; x_wconf 76' lang='lat' dir='ltr'>lugeam,</span> <span class='ocrx_word' id='word_1_61' title='bbox 595 1598 689 1691; x_wconf 93' lang='lat' dir='ltr'>quod</span> <span class='ocrx_word' id='word_1_62' title='bbox 709 1618 851 1690; x_wconf 88' lang='lat' dir='ltr'>querar,</span> <span class='ocrx_word' id='word_1_63' title='bbox 879 1597 1019 1669; x_wconf 92' lang='lat' dir='ltr'>eosdem</span> <span class='ocrx_word' id='word_1_64' title='bbox 1046 1608 1216 1692; x_wconf 83' lang='lat' dir='ltr'>parentes,</span> 
     </span>
     <span class='ocr_line' id='line_1_9' title="bbox 142 1718 1218 1792; baseline 0.001 -1"><span class='ocrx_word' id='word_1_65' title='bbox 142 1740 214 1791; x_wconf 92' lang='lat' dir='ltr'>non</span> <span class='ocrx_word' id='word_1_66' title='bbox 248 1718 340 1791; x_wconf 91' lang='lat' dir='ltr'>idem</span> <span class='ocrx_word' id='word_1_67' title='bbox 368 1718 465 1791; x_wconf 90' lang='lat' dir='ltr'>sidus</span> <span class='ocrx_word' id='word_1_68' title='bbox 497 1719 606 1791; x_wconf 84' lang='lat' dir='ltr'>fuisse</span> <span class='ocrx_word' id='word_1_69' title='bbox 638 1718 873 1791; x_wconf 88' lang='lat' dir='ltr'>nascentibus.</span> <span class='ocrx_word' id='word_1_70' title='bbox 895 1720 1003 1792; x_wconf 91' lang='lat' dir='ltr'>Nimis</span> <span class='ocrx_word' id='word_1_71' title='bbox 1029 1719 1218 1792; x_wconf 83' lang='lat' dir='ltr'>dissimiles</span> 
     </span>
     <span class='ocr_line' id='line_1_10' title="bbox 144 1840 1218 1935; baseline -0.001 -20"><span class='ocrx_word' id='word_1_72' title='bbox 144 1862 281 1926; x_wconf 87' lang='lat' dir='ltr'>sumus,</span> <span class='ocrx_word' id='word_1_73' title='bbox 303 1842 422 1926; x_wconf 86' lang='lat' dir='ltr'>irater,</span> <span class='ocrx_word' id='word_1_74' title='bbox 444 1840 548 1913; x_wconf 90' lang='lat' dir='ltr'>nimis</span> <span class='ocrx_word' id='word_1_75' title='bbox 566 1842 714 1935; x_wconf 90' lang='lat' dir='ltr'>impares</span> <span class='ocrx_word' id='word_1_76' title='bbox 732 1851 851 1935; x_wconf 88' lang='lat' dir='ltr'>partus</span> <span class='ocrx_word' id='word_1_77' title='bbox 868 1842 990 1914; x_wconf 90' lang='lat' dir='ltr'>eadem</span> <span class='ocrx_word' id='word_1_78' title='bbox 1011 1846 1112 1914; x_wconf 89' lang='lat' dir='ltr'>alvus</span> <span class='ocrx_word' id='word_1_79' title='bbox 1132 1844 1218 1914; x_wconf 86' lang='lat' dir='ltr'>ellu-</span> 
     </span>
     <span class='ocr_line' id='line_1_11' title="bbox 142 1964 1218 2061; baseline -0.005 -20"><span class='ocrx_word' id='word_1_80' title='bbox 142 1969 208 2052; x_wconf 78' lang='lat' dir='ltr'>dit,</span> <span class='ocrx_word' id='word_1_81' title='bbox 231 1977 268 2040; x_wconf 88' lang='lat' dir='ltr'>ul</span> <span class='ocrx_word' id='word_1_82' title='bbox 288 1965 430 2058; x_wconf 79' lang='lat' dir='ltr'>intelligi</span> <span class='ocrx_word' id='word_1_83' title='bbox 452 1965 575 2061; x_wconf 84' lang='lat' dir='ltr'>possit,</span> <span class='ocrx_word' id='word_1_84' title='bbox 611 1988 680 2036; x_wconf 93' lang='lat' dir='ltr'>uon</span> <span class='ocrx_word' id='word_1_85' title='bbox 709 1964 902 2036; x_wconf 87' lang='lat' dir='ltr'>mortalium</span> <span class='ocrx_word' id='word_1_86' title='bbox 928 1974 1126 2057; x_wconf 88' lang='lat' dir='ltr'>parentum,</span> <span class='ocrx_word' id='word_1_87' title='bbox 1155 1964 1218 2036; x_wconf 91' lang='lat' dir='ltr'>sed</span> 
     </span>
     <span class='ocr_line' id='line_1_12' title="bbox 144 2087 1218 2181; baseline -0.001 -21"><span class='ocrx_word' id='word_1_88' title='bbox 144 2090 275 2162; x_wconf 85' lang='lat' dir='ltr'>AEterni</span> <span class='ocrx_word' id='word_1_89' title='bbox 294 2087 406 2160; x_wconf 87' lang='lat' dir='ltr'>Patris</span> <span class='ocrx_word' id='word_1_90' title='bbox 429 2110 557 2159; x_wconf 86' lang='lat' dir='ltr'>munus</span> <span class='ocrx_word' id='word_1_91' title='bbox 577 2109 667 2171; x_wconf 90' lang='lat' dir='ltr'>esse,</span> <span class='ocrx_word' id='word_1_92' title='bbox 687 2088 781 2180; x_wconf 91' lang='lat' dir='ltr'>quod</span> <span class='ocrx_word' id='word_1_93' title='bbox 802 2109 935 2160; x_wconf 88' lang='lat' dir='ltr'>sumus.</span> <span class='ocrx_word' id='word_1_94' title='bbox 950 2089 1040 2174; x_wconf 86' lang='lat' dir='ltr'>Quid</span> <span class='ocrx_word' id='word_1_95' title='bbox 1053 2088 1145 2159; x_wconf 89' lang='lat' dir='ltr'>enim</span> <span class='ocrx_word' id='word_1_96' title='bbox 1158 2110 1218 2181; x_wconf 87' lang='lat' dir='ltr'>pa-</span> 
     </span>
     <span class='ocr_line' id='line_1_13' title="bbox 147 2209 1217 2297; baseline -0.001 -13"><span class='ocrx_word' id='word_1_97' title='bbox 147 2224 207 2297; x_wconf 87' lang='lat' dir='ltr'>ter,</span> <span class='ocrx_word' id='word_1_98' title='bbox 227 2211 294 2282; x_wconf 93' lang='lat' dir='ltr'>nisi</span> <span class='ocrx_word' id='word_1_99' title='bbox 314 2212 384 2283; x_wconf 91' lang='lat' dir='ltr'>vile</span> <span class='ocrx_word' id='word_1_100' title='bbox 406 2214 551 2282; x_wconf 77' lang='lat' dir='ltr'>semen?</span> <span class='ocrx_word' id='word_1_101' title='bbox 571 2209 661 2294; x_wconf 89' lang='lat' dir='ltr'>Quid</span> <span class='ocrx_word' id='word_1_102' title='bbox 681 2209 748 2280; x_wconf 93' lang='lat' dir='ltr'>nisi</span> <span class='ocrx_word' id='word_1_103' title='bbox 766 2212 896 2284; x_wconf 86' lang='lat' dir='ltr'>loedum</span> <span class='ocrx_word' id='word_1_104' title='bbox 913 2223 1022 2284; x_wconf 87' lang='lat' dir='ltr'>mater</span> <span class='ocrx_word' id='word_1_105' title='bbox 1040 2211 1217 2284; x_wconf 88' lang='lat' dir='ltr'>habitacu-</span> 
     </span>
     <span class='ocr_line' id='line_1_14' title="bbox 90 2333 1215 2418; baseline 0.004 -16"><span class='ocrx_word' id='word_1_106' title='bbox 90 2357 94 2361; x_wconf 64' lang='grc'><em>’</em></span> <span class='ocrx_word' id='word_1_107' title='bbox 147 2333 243 2403; x_wconf 86' lang='lat' dir='ltr'>lum‘l</span> <span class='ocrx_word' id='word_1_108' title='bbox 263 2335 355 2404; x_wconf 85' lang='lat' dir='ltr'>Deus</span> <span class='ocrx_word' id='word_1_109' title='bbox 381 2333 544 2417; x_wconf 89' lang='lat' dir='ltr'>animam,</span> <span class='ocrx_word' id='word_1_110' title='bbox 579 2335 672 2404; x_wconf 87' lang='lat' dir='ltr'>Deus</span> <span class='ocrx_word' id='word_1_111' title='bbox 703 2333 833 2417; x_wconf 85' lang='lat' dir='ltr'>vitam,</span> <span class='ocrx_word' id='word_1_112' title='bbox 859 2337 954 2407; x_wconf 88' lang='lat' dir='ltr'>Deus</span> <span class='ocrx_word' id='word_1_113' title='bbox 991 2336 1215 2418; x_wconf 85' lang='lat' dir='ltr'>intellectum,</span> 
     </span>
     <span class='ocr_line' id='line_1_15' title="bbox 147 2453 1215 2549; baseline 0 -22"><span class='ocrx_word' id='word_1_114' title='bbox 147 2455 240 2527; x_wconf 84' lang='lat' dir='ltr'>Deus</span> <span class='ocrx_word' id='word_1_115' title='bbox 261 2456 448 2549; x_wconf 89' lang='lat' dir='ltr'>appetitum</span> <span class='ocrx_word' id='word_1_116' title='bbox 478 2453 571 2539; x_wconf 93' lang='lat' dir='ltr'>boni,</span> <span class='ocrx_word' id='word_1_117' title='bbox 604 2457 699 2527; x_wconf 87' lang='lat' dir='ltr'>Deus</span> <span class='ocrx_word' id='word_1_118' title='bbox 731 2456 863 2528; x_wconf 88' lang='lat' dir='ltr'>arbitrii</span> <span class='ocrx_word' id='word_1_119' title='bbox 896 2456 1087 2529; x_wconf 88' lang='lat' dir='ltr'>libertatem</span> <span class='ocrx_word' id='word_1_120' title='bbox 1107 2456 1215 2530; x_wconf 88' lang='lat' dir='ltr'>dedit.</span> 
     </span>
     <span class='ocr_line' id='line_1_16' title="bbox 143 2576 1213 2675; baseline 0.003 -27"><span class='ocrx_word' id='word_1_121' title='bbox 143 2576 317 2671; x_wconf 85' lang='lat' dir='ltr'>Quidquid</span> <span class='ocrx_word' id='word_1_122' title='bbox 329 2586 498 2662; x_wconf 88' lang='lat' dir='ltr'>sanctum,</span> <span class='ocrx_word' id='word_1_123' title='bbox 512 2579 680 2671; x_wconf 90' lang='lat' dir='ltr'>quidquid</span> <span class='ocrx_word' id='word_1_124' title='bbox 694 2581 908 2673; x_wconf 77' lang='lat' dir='ltr'>religiosum,</span> <span class='ocrx_word' id='word_1_125' title='bbox 925 2580 1094 2675; x_wconf 92' lang='lat' dir='ltr'>quidquid</span> <span class='ocrx_word' id='word_1_126' title='bbox 1107 2581 1213 2674; x_wconf 90' lang='lat' dir='ltr'>pium,</span> 
     </span>
     <span class='ocr_line' id='line_1_17' title="bbox 139 2675 1298 2794; baseline 0.004 -24"><span class='ocrx_word' id='word_1_127' title='bbox 139 2699 309 2794; x_wconf 86' lang='lat' dir='ltr'>quidquid</span> <span class='ocrx_word' id='word_1_128' title='bbox 328 2701 506 2772; x_wconf 82' lang='lat' dir='ltr'>excellens</span> <span class='ocrx_word' id='word_1_129' title='bbox 526 2700 630 2772; x_wconf 89' lang='lat' dir='ltr'>habet</span> <span class='ocrx_word' id='word_1_130' title='bbox 646 2704 797 2774; x_wconf 89' lang='lat' dir='ltr'>humana</span> <span class='ocrx_word' id='word_1_131' title='bbox 810 2714 943 2786; x_wconf 91' lang='lat' dir='ltr'>natura,</span> <span class='ocrx_word' id='word_1_132' title='bbox 967 2713 1074 2774; x_wconf 90' lang='lat' dir='ltr'>totum</span> <span class='ocrx_word' id='word_1_133' title='bbox 1095 2701 1139 2773; x_wconf 93' lang='lat' dir='ltr'>ab</span> <span class='ocrx_word' id='word_1_134' title='bbox 1160 2702 1217 2774; x_wconf 92' lang='lat' dir='ltr'>illo</span> <span class='ocrx_word' id='word_1_135' title='bbox 1294 2675 1298 2686; x_wconf 34' lang='lat'><strong>¹</strong></span> 
     </span>
     <span class='ocr_line' id='line_1_18' title="bbox 139 2822 1214 2919; baseline 0.003 -25"><span class='ocrx_word' id='word_1_136' title='bbox 139 2834 205 2897; x_wconf 87' lang='lat' dir='ltr'>est.</span> <span class='ocrx_word' id='word_1_137' title='bbox 224 2822 392 2917; x_wconf 87' lang='lat' dir='ltr'>Epistolae</span> <span class='ocrx_word' id='word_1_138' title='bbox 416 2823 556 2915; x_wconf 91' lang='lat' dir='ltr'>quidem</span> <span class='ocrx_word' id='word_1_139' title='bbox 578 2834 655 2908; x_wconf 75' lang='lat' dir='ltr'>tuae,</span> <span class='ocrx_word' id='word_1_140' title='bbox 677 2845 756 2919; x_wconf 85' lang='lat' dir='ltr'>quae</span> <span class='ocrx_word' id='word_1_141' title='bbox 776 2826 859 2895; x_wconf 92' lang='lat' dir='ltr'>mihi</span> <span class='ocrx_word' id='word_1_142' title='bbox 880 2825 983 2895; x_wconf 92' lang='lat' dir='ltr'>simul</span> <span class='ocrx_word' id='word_1_143' title='bbox 1002 2837 1037 2895; x_wconf 92' lang='lat' dir='ltr'>et</span> <span class='ocrx_word' id='word_1_144' title='bbox 1057 2827 1214 2896; x_wconf 91' lang='lat' dir='ltr'>solamen</span> 
     </span>
     <span class='ocr_line' id='line_1_19' title="bbox 142 2943 1214 3040; baseline 0 -24"><span class='ocrx_word' id='word_1_145' title='bbox 142 2946 252 3017; x_wconf 85' lang='lat' dir='ltr'>attulit</span> <span class='ocrx_word' id='word_1_146' title='bbox 270 2954 306 3017; x_wconf 85' lang='lat' dir='ltr'>el</span> <span class='ocrx_word' id='word_1_147' title='bbox 326 2946 505 3040; x_wconf 91' lang='lat' dir='ltr'>pudorem,</span> <span class='ocrx_word' id='word_1_148' title='bbox 525 2946 558 3015; x_wconf 93' lang='lat' dir='ltr'>in</span> <span class='ocrx_word' id='word_1_149' title='bbox 580 2968 649 3038; x_wconf 88' lang='lat' dir='ltr'>qua</span> <span class='ocrx_word' id='word_1_150' title='bbox 670 2957 704 3016; x_wconf 92' lang='lat' dir='ltr'>te</span> <span class='ocrx_word' id='word_1_151' title='bbox 723 2967 869 3017; x_wconf 88' lang='lat' dir='ltr'>cernens</span> <span class='ocrx_word' id='word_1_152' title='bbox 887 2943 1031 3036; x_wconf 76' lang='lat' dir='ltr'>gaudeo,</span> <span class='ocrx_word' id='word_1_153' title='bbox 1047 2968 1102 3017; x_wconf 93' lang='lat' dir='ltr'>me</span> <span class='ocrx_word' id='word_1_154' title='bbox 1118 2948 1214 3038; x_wconf 81' lang='lat' dir='ltr'>oogi-</span> 
     </span>
     <span class='ocr_line' id='line_1_20' title="bbox 144 3064 1214 3161; baseline 0 -21"><span class='ocrx_word' id='word_1_155' title='bbox 144 3076 217 3141; x_wconf 85' lang='lat' dir='ltr'>tans</span> <span class='ocrx_word' id='word_1_156' title='bbox 228 3068 415 3154; x_wconf 85' lang='lat' dir='ltr'>erubeseo,</span> <span class='ocrx_word' id='word_1_157' title='bbox 430 3068 515 3161; x_wconf 90' lang='lat' dir='ltr'>quid</span> <span class='ocrx_word' id='word_1_158' title='bbox 533 3068 762 3160; x_wconf 85' lang='lat' dir='ltr'>respondeam</span> <span class='ocrx_word' id='word_1_159' title='bbox 775 3089 843 3137; x_wconf 92' lang='lat' dir='ltr'>non</span> <span class='ocrx_word' id='word_1_160' title='bbox 857 3064 986 3150; x_wconf 90' lang='lat' dir='ltr'>habeo,</span> <span class='ocrx_word' id='word_1_161' title='bbox 1001 3067 1067 3137; x_wconf 90' lang='lat' dir='ltr'>nisi</span> <span class='ocrx_word' id='word_1_162' title='bbox 1085 3068 1214 3161; x_wconf 94' lang='lat' dir='ltr'>optima</span> 
     </span>
     <span class='ocr_line' id='line_1_21' title="bbox 140 3186 1214 3282; baseline -0.003 -19"><span class='ocrx_word' id='word_1_163' title='bbox 140 3199 175 3263; x_wconf 88' lang='lat' dir='ltr'>et</span> <span class='ocrx_word' id='word_1_164' title='bbox 193 3189 423 3262; x_wconf 88' lang='lat' dir='ltr'>saluberrima</span> <span class='ocrx_word' id='word_1_165' title='bbox 451 3211 532 3260; x_wconf 88' lang='lat' dir='ltr'>esse</span> <span class='ocrx_word' id='word_1_166' title='bbox 562 3209 643 3282; x_wconf 87' lang='lat' dir='ltr'>quae</span> <span class='ocrx_word' id='word_1_167' title='bbox 662 3186 769 3271; x_wconf 82' lang='lat' dir='ltr'>dicis3</span> <span class='ocrx_word' id='word_1_168' title='bbox 791 3196 827 3259; x_wconf 87' lang='lat' dir='ltr'>et</span> <span class='ocrx_word' id='word_1_169' title='bbox 846 3208 1054 3282; x_wconf 91' lang='lat' dir='ltr'>quamquam</span> <span class='ocrx_word' id='word_1_170' title='bbox 1076 3190 1214 3279; x_wconf 80' lang='lat' dir='ltr'>magnis</span> 
     </span>
     <span class='ocr_line' id='line_1_22' title="bbox 139 3310 1213 3406; baseline -0.005 -21"><span class='ocrx_word' id='word_1_171' title='bbox 139 3312 283 3406; x_wconf 86' lang='lat' dir='ltr'>probata</span> <span class='ocrx_word' id='word_1_172' title='bbox 304 3313 460 3396; x_wconf 89' lang='lat' dir='ltr'>testibus,</span> <span class='ocrx_word' id='word_1_173' title='bbox 478 3334 558 3384; x_wconf 92' lang='lat' dir='ltr'>esse</span> <span class='ocrx_word' id='word_1_174' title='bbox 577 3322 693 3384; x_wconf 89' lang='lat' dir='ltr'>tamen</span> <span class='ocrx_word' id='word_1_175' title='bbox 719 3313 775 3384; x_wconf 92' lang='lat' dir='ltr'>vel</span> <span class='ocrx_word' id='word_1_176' title='bbox 803 3313 877 3384; x_wconf 89' lang='lat' dir='ltr'>sine</span> <span class='ocrx_word' id='word_1_177' title='bbox 902 3321 991 3383; x_wconf 88' lang='lat' dir='ltr'>teste</span> <span class='ocrx_word' id='word_1_178' title='bbox 1017 3310 1213 3384; x_wconf 87' lang='lat' dir='ltr'>verissima.</span> 
     </span>
     <span class='ocr_line' id='line_1_23' title="bbox 139 3435 1215 3522; baseline -0.002 -14"><span class='ocrx_word' id='word_1_179' title='bbox 139 3435 230 3522; x_wconf 86' lang='lat' dir='ltr'>Quid</span> <span class='ocrx_word' id='word_1_180' title='bbox 249 3437 351 3521; x_wconf 90' lang='lat' dir='ltr'>enim,</span> <span class='ocrx_word' id='word_1_181' title='bbox 373 3449 499 3509; x_wconf 87' lang='lat' dir='ltr'>oaetera</span> <span class='ocrx_word' id='word_1_182' title='bbox 518 3448 555 3509; x_wconf 91' lang='lat' dir='ltr'>ut</span> <span class='ocrx_word' id='word_1_183' title='bbox 572 3436 737 3521; x_wconf 90' lang='lat' dir='ltr'>omittam,</span> <span class='ocrx_word' id='word_1_184' title='bbox 753 3436 810 3507; x_wconf 90' lang='lat' dir='ltr'>illa</span> <span class='ocrx_word' id='word_1_185' title='bbox 824 3435 952 3507; x_wconf 88' lang='lat' dir='ltr'>certius</span> <span class='ocrx_word' id='word_1_186' title='bbox 967 3436 1145 3520; x_wconf 89' lang='lat' dir='ltr'>sententia,</span> <span class='ocrx_word' id='word_1_187' title='bbox 1159 3437 1215 3509; x_wconf 90' lang='lat' dir='ltr'>oui</span> 
     </span>
     <span class='ocr_line' id='line_1_24' title="bbox 139 3558 1214 3655; baseline 0.003 -26"><span class='ocrx_word' id='word_1_188' title='bbox 139 3559 367 3655; x_wconf 89' lang='lat' dir='ltr'>adstipulator</span> <span class='ocrx_word' id='word_1_189' title='bbox 401 3558 568 3654; x_wconf 82' lang='lat' dir='ltr'>quaeritur</span> <span class='ocrx_word' id='word_1_190' title='bbox 601 3558 830 3651; x_wconf 77' lang='lat' dir='ltr'>Augustinus,</span> <span class='ocrx_word' id='word_1_191' title='bbox 865 3560 1065 3632; x_wconf 85' lang='lat' dir='ltr'>discordare</span> <span class='ocrx_word' id='word_1_192' title='bbox 1096 3583 1214 3632; x_wconf 88' lang='lat' dir='ltr'>secum</span> 
     </span>
     <span class='ocr_line' id='line_1_25' title="bbox 142 3682 1216 3777; baseline 0.004 -25"><span class='ocrx_word' id='word_1_193' title='bbox 142 3682 257 3754; x_wconf 86' lang='lat' dir='ltr'>studia</span> <span class='ocrx_word' id='word_1_194' title='bbox 276 3682 456 3754; x_wconf 90' lang='lat' dir='ltr'>hominum</span> <span class='ocrx_word' id='word_1_195' title='bbox 473 3694 508 3755; x_wconf 88' lang='lat' dir='ltr'>ot</span> <span class='ocrx_word' id='word_1_196' title='bbox 524 3682 691 3755; x_wconf 79' lang='lat' dir='ltr'>affectus?</span> <span class='ocrx_word' id='word_1_197' title='bbox 708 3683 784 3767; x_wconf 85' lang='lat' dir='ltr'>Qua</span> <span class='ocrx_word' id='word_1_198' title='bbox 801 3684 837 3754; x_wconf 93' lang='lat' dir='ltr'>in</span> <span class='ocrx_word' id='word_1_199' title='bbox 854 3706 891 3755; x_wconf 90' lang='lat' dir='ltr'>re</span> <span class='ocrx_word' id='word_1_200' title='bbox 909 3693 1043 3777; x_wconf 90' lang='lat' dir='ltr'>patere,</span> <span class='ocrx_word' id='word_1_201' title='bbox 1066 3708 1135 3769; x_wconf 90' lang='lat' dir='ltr'>oro,</span> <span class='ocrx_word' id='word_1_202' title='bbox 1159 3708 1216 3756; x_wconf 93' lang='lat' dir='ltr'>me</span> 
     </span>
     <span class='ocr_line' id='line_1_26' title="bbox 143 3805 1215 3902; baseline 0.002 -25"><span class='ocrx_word' id='word_1_203' title='bbox 143 3808 241 3900; x_wconf 88' lang='lat' dir='ltr'>paulo</span> <span class='ocrx_word' id='word_1_204' title='bbox 261 3805 405 3877; x_wconf 91' lang='lat' dir='ltr'>liberius</span> <span class='ocrx_word' id='word_1_205' title='bbox 425 3805 582 3898; x_wconf 79' lang='lat' dir='ltr'>evagari,</span> <span class='ocrx_word' id='word_1_206' title='bbox 609 3817 655 3892; x_wconf 91' lang='lat' dir='ltr'>et,</span> <span class='ocrx_word' id='word_1_207' title='bbox 684 3807 885 3902; x_wconf 92' lang='lat' dir='ltr'>priusquam</span> <span class='ocrx_word' id='word_1_208' title='bbox 911 3809 956 3879; x_wconf 91' lang='lat' dir='ltr'>ad</span> <span class='ocrx_word' id='word_1_209' title='bbox 981 3806 1215 3900; x_wconf 78' lang='lat' dir='ltr'>Augustinum</span> 
     </span>
     <span class='ocr_line' id='line_1_27' title="bbox 143 3927 1214 4024; baseline 0.006 -28"><span class='ocrx_word' id='word_1_210' title='bbox 143 3927 285 4010; x_wconf 90' lang='lat' dir='ltr'>veniam,</span> <span class='ocrx_word' id='word_1_211' title='bbox 309 3928 353 4000; x_wconf 92' lang='lat' dir='ltr'>de</span> <span class='ocrx_word' id='word_1_212' title='bbox 374 3949 451 3999; x_wconf 93' lang='lat' dir='ltr'>meo</span> <span class='ocrx_word' id='word_1_213' title='bbox 471 3928 601 4022; x_wconf 86' lang='lat' dir='ltr'>aliquid</span> <span class='ocrx_word' id='word_1_214' title='bbox 620 3929 728 4024; x_wconf 91' lang='lat' dir='ltr'>loqui,</span> <span class='ocrx_word' id='word_1_215' title='bbox 748 3929 841 4023; x_wconf 91' lang='lat' dir='ltr'>quod</span> <span class='ocrx_word' id='word_1_216' title='bbox 858 3939 893 4001; x_wconf 89' lang='lat' dir='ltr'>et</span> <span class='ocrx_word' id='word_1_217' title='bbox 911 3930 994 4000; x_wconf 90' lang='lat' dir='ltr'>mihi</span> <span class='ocrx_word' id='word_1_218' title='bbox 1011 3929 1214 4002; x_wconf 90' lang='lat' dir='ltr'>delectabile</span> 
     </span>
     <span class='ocr_line' id='line_1_28' title="bbox 142 4049 1215 4126; baseline 0.005 -7"><span class='ocrx_word' id='word_1_219' title='bbox 142 4060 176 4120; x_wconf 88' lang='lat' dir='ltr'>et</span> <span class='ocrx_word' id='word_1_220' title='bbox 193 4049 255 4120; x_wconf 90' lang='lat' dir='ltr'>tibi</span> <span class='ocrx_word' id='word_1_221' title='bbox 276 4051 363 4122; x_wconf 80' lang='lat' dir='ltr'>torte</span> <span class='ocrx_word' id='word_1_222' title='bbox 384 4072 452 4123; x_wconf 90' lang='lat' dir='ltr'>nou</span> <span class='ocrx_word' id='word_1_223' title='bbox 475 4054 659 4124; x_wconf 90' lang='lat' dir='ltr'>molestum</span> <span class='ocrx_word' id='word_1_224' title='bbox 679 4053 790 4124; x_wconf 75' lang='lat' dir='ltr'>fuerit,</span> <span class='ocrx_word' id='word_1_225' title='bbox 813 4053 1019 4124; x_wconf 89' lang='lat' dir='ltr'>Discordant</span> <span class='ocrx_word' id='word_1_226' title='bbox 1043 4054 1112 4122; x_wconf 88' lang='lat' dir='ltr'>otia</span> <span class='ocrx_word' id='word_1_227' title='bbox 1136 4076 1215 4126; x_wconf 90' lang='lat' dir='ltr'>cum</span> 
     </span>
     <span class='ocr_line' id='line_1_29' title="bbox 140 4173 1214 4268; baseline 0.004 -23"><span class='ocrx_word' id='word_1_228' title='bbox 140 4173 302 4258; x_wconf 90' lang='lat' dir='ltr'>omnium,</span> <span class='ocrx_word' id='word_1_229' title='bbox 328 4196 405 4245; x_wconf 88' lang='lat' dir='ltr'>cum</span> <span class='ocrx_word' id='word_1_230' title='bbox 432 4174 536 4246; x_wconf 89' lang='lat' dir='ltr'>etiam</span> <span class='ocrx_word' id='word_1_231' title='bbox 559 4176 773 4268; x_wconf 80' lang='lat' dir='ltr'>singulorum</span> <span class='ocrx_word' id='word_1_232' title='bbox 795 4175 983 4246; x_wconf 92' lang='lat' dir='ltr'>hominum.</span> <span class='ocrx_word' id='word_1_233' title='bbox 1007 4177 1149 4262; x_wconf 84' lang='lat' dir='ltr'>Fateor,</span> <span class='ocrx_word' id='word_1_234' title='bbox 1177 4187 1214 4249; x_wconf 92' lang='lat' dir='ltr'>et</span> 
     </span>
     <span class='ocr_line' id='line_1_30' title="bbox 141 4296 1218 4394; baseline 0.004 -29"><span class='ocrx_word' id='word_1_235' title='bbox 141 4317 270 4387; x_wconf 82' lang='lat' dir='ltr'>negare</span> <span class='ocrx_word' id='word_1_236' title='bbox 290 4320 359 4369; x_wconf 94' lang='lat' dir='ltr'>uon</span> <span class='ocrx_word' id='word_1_237' title='bbox 379 4319 540 4394; x_wconf 92' lang='lat' dir='ltr'>possum;</span> <span class='ocrx_word' id='word_1_238' title='bbox 559 4299 630 4371; x_wconf 86' lang='lat' dir='ltr'>scio</span> <span class='ocrx_word' id='word_1_239' title='bbox 650 4299 736 4369; x_wconf 89' lang='lat' dir='ltr'>alios</span> <span class='ocrx_word' id='word_1_240' title='bbox 757 4309 792 4370; x_wconf 94' lang='lat' dir='ltr'>et</span> <span class='ocrx_word' id='word_1_241' title='bbox 812 4320 867 4369; x_wconf 90' lang='lat' dir='ltr'>me</span> <span class='ocrx_word' id='word_1_242' title='bbox 888 4296 1002 4389; x_wconf 89' lang='lat' dir='ltr'>ipsum</span> <span class='ocrx_word' id='word_1_243' title='bbox 1025 4299 1105 4370; x_wconf 90' lang='lat' dir='ltr'>soio.</span> <span class='ocrx_word' id='word_1_244' title='bbox 1128 4302 1218 4371; x_wconf 87' lang='lat' dir='ltr'>Con-</span> 
     </span>
     <span class='ocr_line' id='line_1_31' title="bbox 141 4419 1215 4514; baseline 0.003 -28"><span class='ocrx_word' id='word_1_245' title='bbox 141 4419 289 4511; x_wconf 88' lang='lat' dir='ltr'>templor</span> <span class='ocrx_word' id='word_1_246' title='bbox 308 4419 520 4506; x_wconf 86' lang='lat' dir='ltr'>catervatim,</span> <span class='ocrx_word' id='word_1_247' title='bbox 539 4431 574 4491; x_wconf 90' lang='lat' dir='ltr'>et</span> <span class='ocrx_word' id='word_1_248' title='bbox 591 4420 790 4511; x_wconf 77' lang='lat' dir='ltr'>singulatim</span> <span class='ocrx_word' id='word_1_249' title='bbox 802 4422 1014 4514; x_wconf 88' lang='lat' dir='ltr'>contemplor</span> <span class='ocrx_word' id='word_1_250' title='bbox 1028 4421 1215 4491; x_wconf 91' lang='lat' dir='ltr'>humanum</span> 
     </span>
     <span class='ocr_line' id='line_1_32' title="bbox 142 4539 1218 4636; baseline 0.005 -26"><span class='ocrx_word' id='word_1_251' title='bbox 142 4560 262 4629; x_wconf 79' lang='lat' dir='ltr'>genus.</span> <span class='ocrx_word' id='word_1_252' title='bbox 284 4539 375 4624; x_wconf 88' lang='lat' dir='ltr'>Quid</span> <span class='ocrx_word' id='word_1_253' title='bbox 395 4565 480 4616; x_wconf 88' lang='lat' dir='ltr'>vero</span> <span class='ocrx_word' id='word_1_254' title='bbox 500 4546 544 4618; x_wconf 92' lang='lat' dir='ltr'>de</span> <span class='ocrx_word' id='word_1_255' title='bbox 565 4543 725 4617; x_wconf 90' lang='lat' dir='ltr'>omnibus</span> <span class='ocrx_word' id='word_1_256' title='bbox 751 4545 880 4630; x_wconf 88' lang='lat' dir='ltr'>dioarn,</span> <span class='ocrx_word' id='word_1_257' title='bbox 907 4555 980 4628; x_wconf 90' lang='lat' dir='ltr'>aut,</span> <span class='ocrx_word' id='word_1_258' title='bbox 1007 4543 1086 4636; x_wconf 89' lang='lat' dir='ltr'>quis</span> <span class='ocrx_word' id='word_1_259' title='bbox 1113 4544 1218 4615; x_wconf 83' lang='lat' dir='ltr'>tando</span> 
     </span>
    </p>
   </div>
   <div class='ocr_carea' id='block_1_3' title="bbox 0 0 1375 5062">
    <p class='ocr_par' dir='ltr' id='par_1_3' title="bbox 0 0 1375 5062">
     <span class='ocr_line' id='line_1_33' title="bbox 0 0 1375 5062; baseline 0 0"><span class='ocrx_word' id='word_1_260' title='bbox 0 0 1375 5062; x_wconf 95' lang='lat' dir='ltr'> </span> 
     </span>
    </p>
   </div>
  </div>
 </body>
</html>
