2738 5062
354 690 447 739 nmen
470 690 936 743 nonusuucluus—solsnonn
959 697 1008 743 xv.
1161 683 1215 743 551

140 829 227 900 inter
246 824 471 918 equitandum
485 825 670 916 cogitasse.
698 827 747 898 lta
769 827 852 896 mihi
871 827 996 898 accidit
1014 839 1049 898 ut
1074 828 1219 919 patriam

139 969 317 1042 nunquam
338 947 465 1018 clarius
485 969 591 1039 quam
610 945 643 1015 in
666 948 942 1040 peregrinatione
960 971 1218 1040 cognoscerem,

139 1082 175 1142 et
194 1069 241 1142 ad
261 1090 432 1140 summam
453 1089 559 1161 quam
578 1069 722 1160 pulchra
742 1079 839 1140 esset
856 1071 952 1141 ltalia
973 1071 1007 1139 in
1034 1071 1219 1145 Germania

140 1190 317 1286 peldidici.
336 1190 379 1261 Et
399 1190 464 1261 hoc
485 1191 567 1261 mihi
602 1192 759 1284 epistolae
792 1191 999 1287 principium
1032 1193 1096 1263 suit
1128 1192 1219 1262 illius

139 1335 246 1407 quam
268 1333 432 1383 reversus
458 1335 584 1404 magno
618 1315 747 1407 impetu
779 1325 928 1407 coeptam
962 1338 1044 1388 mox
1077 1316 1220 1387 destitui

140 1437 230 1508 mole
250 1456 367 1507 rerum
385 1456 531 1528 pressus
551 1447 587 1508 et
606 1437 775 1509 varietate
796 1436 995 1509 distractus.
1017 1439 1149 1532 Nempe
1174 1462 1222 1510 ex

141 1559 198 1631 illo
217 1559 334 1629 nullus
354 1557 439 1629 mihi
460 1561 531 1629 iere
552 1559 758 1652 tranquillus
779 1561 869 1642 dies,
889 1561 1019 1631 nullum
1042 1559 1140 1657 liberi
1162 1584 1222 1632 su-

141 1677 237 1774 spirii
259 1689 397 1772 tempus
417 1680 491 1750 fuit.
512 1681 613 1763 Quod
635 1681 775 1753 minime
800 1693 893 1774 puto,
921 1680 1093 1753 mirabere
1114 1683 1143 1753 si
1165 1683 1221 1753 Li-

140 1803 253 1896 guriae
272 1803 409 1875 labores
430 1814 466 1875 et
496 1804 662 1898 temporis
691 1803 796 1877 huius
829 1815 957 1877 statum
991 1817 1073 1878 unte
1101 1809 1221 1879 oculos

141 1927 252 2020 ponis.
274 1927 310 1997 ln
329 1925 411 1996 navi
431 1925 595 2018 equidem
615 1927 717 1998 tontis
738 1927 861 2000 iactatu
882 1926 1148 2023 tempestatibus
1169 1928 1222 1998 in-

141 2050 314 2146 trepidum
335 2051 422 2121 torte
442 2060 618 2121 vectorem
638 2071 734 2134 esse,
756 2049 1005 2122 inconcussum
1036 2061 1132 2123 certe
1151 2071 1221 2122 non

142 2172 246 2245 licuit.
268 2171 455 2243 Meministi
481 2172 575 2265 quod
595 2171 817 2264 Augustinus
835 2172 879 2245 do
914 2195 952 2245 se
983 2172 1075 2267 ipso,
1109 2170 1223 2266 deque

141 2293 208 2364 hac
229 2294 304 2387 ipsu
325 2292 413 2364 urbe
433 2291 467 2363 in
491 2293 594 2365 simili
615 2316 732 2366 renum
758 2306 853 2368 statu
877 2297 1026 2388 loquens
1052 2295 1114 2367 ait:
1147 2317 1221 2376 not,

143 2416 273 2508 inquit,
301 2414 408 2486 adhuc
431 2415 593 2507 sn'yitiio
621 2422 728 2489 calore
760 2420 894 2512 spiritus
920 2422 971 2489 tui
993 2418 1224 2488 consolamur

145 2547 275 2606 tontum
291 2540 424 2608 civitate
438 2539 582 2610 attonito
598 2551 695 2631 atque
712 2543 851 2611 turbata.
869 2539 969 2623 Quod
989 2539 1017 2608 si
1035 2537 1080 2608 illi
1099 2535 1224 2609 accidit

143 2659 348 2752 alienigenae
367 2672 418 2744 el,
442 2672 479 2733 ut
503 2662 578 2754 ipse
603 2663 663 2744 uit,
690 2663 804 2735 adhuc
829 2661 969 2752 frigido,
996 2658 1081 2751 quid
1108 2658 1222 2729 italico

143 2776 281 2866 homini,
304 2804 368 2855 nec
393 2785 461 2855 inm
482 2785 553 2855 Deo
582 2783 713 2875 gratias
735 2805 755 2853 u
774 2785 889 2855 calore
911 2781 1054 2874 spiritus
1075 2801 1222 2872 prorsus

143 2908 285 2998 algenti,
305 2918 341 2977 et
361 2915 455 2978 cente
475 2906 520 2977 ab
540 2904 641 2977 annis
664 2906 792 2976 teneris
813 2925 929 2975 amore
948 2922 1019 2994 quo
1037 2902 1140 2973 italici
1161 2923 1223 2973 no-

143 3032 246 3102 minis
267 3051 374 3122 supen
389 3040 589 3101 cuoetaneos
609 3047 706 3099 meos
724 3048 846 3097 omnes
862 3046 952 3118 quos
970 3023 1045 3117 ipse
1063 3023 1221 3095 noverim

142 3151 317 3233 aestuanti,
340 3150 510 3222 accidisse
535 3149 713 3221 aestimus‘?
736 3149 909 3218 Coeterum
930 3147 998 3218 iam
1016 3145 1150 3217 coelesti
1173 3146 1224 3214 la-

144 3295 229 3344 vore
245 3273 369 3344 civitas
389 3294 409 3342 e
427 3271 545 3343 multis
564 3272 723 3365 procellis
740 3281 868 3363 optatae
884 3269 1010 3363 quietis
1029 3267 1062 3337 in
1082 3275 1222 3359 portum

143 3396 239 3467 venit
259 3397 367 3466 multu
386 3416 465 3465 cum
492 3393 612 3484 gloria.
643 3394 724 3463 lllihi
751 3404 868 3465 nutem
888 3391 1096 3464 demateria
1116 3411 1222 3484 quum

145 3517 259 3609 poscis
284 3520 393 3588 multa
414 3529 560 3609 utroque
586 3517 665 3588 stilo
691 3536 787 3609 saepe
811 3527 998 3587 occurrunt
1022 3526 1060 3587 ut
1093 3513 1223 3585 scribe-

144 3663 233 3725 rem,
260 3661 351 3733 quae,
372 3651 411 3712 ut
430 3660 593 3732 auguror,
620 3638 756 3712 vidisti:
789 3649 826 3711 et
856 3639 888 3711 si
920 3636 1006 3732 quid
1025 3640 1112 3710 torte
1132 3657 1224 3707 nuno

144 3764 247 3834 etiam
267 3762 323 3834 hio
344 3762 531 3854 scripsero,
553 3773 634 3835 ante
655 3766 740 3836 alios
761 3762 907 3835 videbis.
930 3763 1026 3833 Vale.

285 3907 443 3978 Mediolani,
459 3907 495 3963 II.
512 3906 573 3963 Kal.
592 3907 672 3962 Iunii.
