2738 5062
337 126 421 166 *zoin
451 124 687 165 rotllawrni'rl
766 126 871 164 “riht
907 127 939 163 lt
970 125 989 163 il

144 267 266 329 rionurn
293 261 451 323 lauriana*
471 258 678 345 l'rrligalionis¹
708 259 878 329 nitentes,
909 260 1214 350 irnportunissimu-

142 406 215 454 rum
235 380 413 450 bominum
441 377 592 447 dissonis
617 377 759 449 assidue
792 380 936 450 vocibus
964 390 1134 475 strepere:
1160 404 1217 453 ac-

140 500 261 576 cersiri
289 510 322 572 te
347 500 485 584 millies,
506 509 553 584 et,
575 522 646 594 quo
669 500 753 573 nibil
779 512 834 573 est
860 503 1026 595 graviuS,
1052 527 1132 575 cum
1157 506 1218 577 diu

141 628 359 718 multumque
391 623 638 707 desudaveris,
675 627 730 697 vel
762 635 877 720 coepta
910 626 955 698 ad
986 628 1119 701 exitum
1148 652 1217 702 non

141 747 295 844 perduci,
318 749 374 819 vel
396 745 545 818 subinde
566 747 631 818 alia
651 759 755 841 atque
773 748 839 821 alia
857 771 1047 841 emergere.
1070 752 1121 822 lta
1142 754 1219 824 nul-

143 875 210 944 lum
234 893 273 942 se
291 869 466 943 laboribus
492 867 608 954 finem,
633 872 763 942 nullum
790 884 925 965 portum
952 875 1218 966 tempestatibus

143 995 337 1067 ostendere.
365 992 399 1064 Si
419 993 453 1063 in
475 1003 611 1084 tergum
631 995 713 1087 equi
732 995 866 1086 lugacis
884 996 1092 1081 ascenderis,
1111 999 1220 1068 cluni-

145 1117 208 1188 bus
229 1115 378 1187 haerebit
398 1137 531 1208 sequax
551 1138 649 1199 cura;
671 1117 700 1187 si
714 1118 747 1188 in
762 1118 902 1212 puppim
924 1120 1132 1210 confugeris,
1153 1143 1220 1191 una

145 1251 177 1312 et
195 1240 320 1311 eadem
342 1240 434 1309 scala
456 1238 648 1311 sollicitudo
670 1248 727 1311 tua
755 1250 866 1311 tecum
889 1241 1047 1325 scandet3
1069 1244 1220 1334 donique

147 1364 173 1436 si
194 1384 291 1434 mare
317 1360 516 1446 transieris,
549 1361 616 1433 illie
647 1375 679 1433 te
708 1363 823 1459 ipsum
843 1363 1012 1447 invenies,
1035 1374 1071 1434 ot
1092 1365 1220 1435 senties

147 1511 268 1560 verum
291 1508 373 1558 esse
398 1487 492 1580 quod
517 1486 566 1558 ait
588 1487 744 1572 Flaccus
765 1489 890 1558 coelum
913 1498 946 1558 te
979 1498 1133 1559 mutasse
1153 1508 1220 1558 non

146 1610 428 1682 animum.>iline
460 1610 565 1701 igitur
594 1610 651 1680 illa
682 1632 759 1681 mea
793 1621 862 1683 tuae
894 1609 1064 1682 felicitatis
1085 1609 1221 1683 insueta

147 1733 351 1826 compassio.
373 1732 458 1817 Quis
478 1732 570 1804 enim
591 1731 680 1805 hane
700 1755 782 1805 vere
800 1735 932 1805 felicem
954 1736 1062 1805 vitam
1082 1732 1219 1815 dixerit,

148 1858 224 1952 quis
238 1875 306 1928 non
321 1855 553 1927 miserabilem
567 1856 682 1949 potius
696 1858 847 1929 aestimet
859 1858 1045 1942 fortunam,
1066 1858 1221 1951 quantis-

148 1980 229 2053 libet
247 1980 421 2050 cumulata
439 1979 483 2050 sit
499 1979 703 2064 commodis,
726 1983 862 2073 plenam
884 1980 1074 2064 laboribus,
1095 1979 1221 2074 quietis

149 2114 336 2198 expertem,
363 2103 529 2174 intentam
562 2101 653 2186 aliis,
687 2102 828 2174 oblitam
862 2103 938 2172 sui?
970 2105 1220 2195 Occupatorunr

150 2236 217 2300 tota
237 2238 325 2298 aetas
346 2226 473 2297 bellum
499 2225 576 2296 sine
604 2224 751 2296 induciis
777 2235 848 2306 est3
869 2247 953 2319 paee
976 2224 1068 2295 enim
1090 2234 1221 2295 carent:

148 2351 229 2424 dnm
258 2350 439 2443 ‘tranquilli
471 2348 649 2430 videntur,
684 2347 777 2417 intus
809 2357 974 2428 aestuant,
996 2355 1031 2416 et
1061 2346 1090 2414 si
1122 2365 1223 2438 sopor

149 2474 355 2571 obrepserit,
380 2494 479 2543 mens
504 2471 640 2562 vigilat,
663 2468 861 2560 clausisque
893 2468 1001 2539 oeulis
1031 2468 1224 2562 irrumpunt

149 2597 316 2691 imagines
336 2597 566 2688 agendorum:
588 2594 687 2687 quies
710 2592 867 2664 turbatur
891 2592 926 2662 in
953 2591 1099 2673 somnis;
1123 2594 1222 2663 telam

150 2719 422 2793 inextricabilem
444 2719 626 2811 vigilantes
647 2718 844 2800 ordiuntur,
864 2714 1077 2789 dormientes
1091 2725 1223 2799 texunt,

149 2867 252 2939 qnam
271 2866 350 2915 cum
364 2848 466 2937 'saepo
483 2842 650 2937 coeperint
671 2841 801 2933 diuque
822 2839 1006 2923 traxerint,
1021 2862 1084 2911 nec
1100 2839 1223 2930 vigiles

151 2989 300 3060 unquam
313 2965 502 3060 expediant
514 2988 576 3037 nec
591 2965 701 3057 sopiti.
715 2967 930 3036 Reeasurnm
944 2962 1084 3058 Sisyphi
1098 2984 1222 3034 saxum

151 3090 305 3171 volvunt,
321 3088 405 3158 rotis
419 3087 549 3159 Ixionis
563 3088 752 3180 agitantur:
770 3087 942 3159 adversus
956 3084 1109 3180 Hydram
1123 3085 1223 3155 dimi-

150 3222 242 3294 cant,
256 3233 337 3304 quae
356 3233 436 3282 curn
458 3209 609 3282 creditur
629 3209 812 3293 deiecisse,
832 3208 982 3302 capitum
1007 3207 1152 3277 iocunda
1169 3228 1224 3275 re-

152 3335 315 3407 nascitur.
336 3336 417 3406 Haec
438 3335 527 3404 inter
543 3333 623 3404 anni
643 3334 792 3426 lugiunt,
812 3333 923 3405 duleis
942 3332 1082 3402 iuventa
1103 3328 1224 3402 dilabi-

151 3468 218 3542 tur,
242 3468 405 3529 senectus
425 3459 605 3542 accelerat,
628 3479 722 3527 mors
741 3458 832 3526 illarn
846 3454 1011 3548 praeeedit
1028 3465 1088 3523 aut
1109 3454 1224 3547 sequi-

151 3593 217 3656 tur.
232 3580 324 3665 Quid
341 3581 465 3653 iaciant
484 3581 593 3665 anxii,
616 3601 685 3672 quo
704 3601 742 3650 so
759 3586 909 3661 vortant,
928 3575 1055 3669 quibus
1074 3597 1152 3647 seso
1170 3600 1224 3648 ar-

153 3705 245 3777 tibus
266 3704 476 3798 onpediant‘.i
497 3705 618 3775 Omnia
632 3703 664 3772 in
679 3702 754 3774 dies
776 3721 996 3783 evanescere,
1020 3721 1128 3794 seque
1146 3722 1223 3770 eum

153 3828 319 3898 universo
339 3826 489 3896 sentiunt
510 3823 678 3895 imminui:
706 3824 779 3893 sola
803 3821 983 3915 occupatio
1007 3819 1221 3896 immortalis,

152 3950 373 4044 quotidieque
394 3949 516 4021 crescit
538 3951 624 4020 inter
646 3969 785 4018 otarius:
808 3948 935 4019 lnrstra
956 3947 1033 4016 lima
1060 3940 1226 4035 qorrritnr
