2738 5062
330 742 422 791 crasa
444 742 953 799 ounnrosnaonrus.-srrsronn
976 747 1028 794 vn.
1164 736 1223 797 305

141 891 214 951 tum
228 876 313 947 mihi
323 877 367 949 ad
378 877 454 948 illos
468 877 594 961 veniat,
604 886 643 948 ut
656 874 738 951 dum
752 889 784 950 te
795 890 1005 972 praesentem
1016 880 1063 951 illi
1074 881 1225 955 habeant

140 1000 222 1071 hinc
238 1019 296 1069 me
312 995 440 1068 abesse
452 1020 520 1070 non
535 998 696 1070 sentiant.
711 1000 795 1098 blibi
808 1001 901 1071 enim
918 1002 1054 1097 unipro
1069 1004 1132 1074 bac
1146 1003 1225 1075 bre-

142 1122 288 1194 vissima
303 1120 385 1190 vitae
398 1119 456 1190 via
470 1119 585 1191 viatici
603 1120 690 1192 satis
703 1131 770 1204 est,
785 1120 924 1194 abunde
941 1132 1010 1206 est,
1029 1124 1133 1195 nimis
1153 1135 1222 1207 est,

141 1247 261 1338 nilque
271 1243 421 1337 amplius
436 1242 588 1336 requiro.
603 1243 663 1327 Tu,
679 1244 862 1317 mitissime
875 1253 981 1337 pater,
996 1245 1149 1337 ignosce,
1162 1246 1226 1318 ob·

143 1386 251 1451 seero,
260 1365 290 1437 si
303 1364 448 1436 forsitan
461 1372 500 1436 ut
514 1344 574 1435 tibi
588 1368 711 1437 volens
724 1368 897 1459 laetusque
909 1368 1007 1460 parui
1022 1368 1105 1441 dum
1120 1367 1224 1460 potui,
1287 1347 1292 1354 ¹

143 1489 195 1561 sic
212 1487 351 1559 tandem
369 1486 588 1581 necessitati,
606 1487 661 1558 coi
675 1508 777 1579 reges
790 1510 831 1560 ac
845 1486 1018 1582 principes
1038 1490 1124 1561 colla
1142 1488 1225 1561 sub

144 1611 296 1694 mittunt,
320 1609 429 1680 tristis
444 1619 480 1680 et
496 1609 627 1711 invitos
649 1628 798 1702 paream.
814 1611 907 1694 Vale,
926 1610 1034 1683 decus
1048 1610 1224 1690 Ecclesiae.

287 1752 332 1808 Ad
346 1752 451 1808 iontem
467 1753 579 1823 Sergia.
595 1752 678 1809 Sexto
694 1751 760 1808 Idus
774 1752 947 1809 Novembris.

659 1950 700 1958 ..-
714 1952 720 1957 .

556 2140 734 2205 ntlsrotn
755 2142 822 2206 Vlll.

247 2302 442 2353 renuetsctts
463 2301 633 2353 ebruinus
654 2302 771 2353 PONTIO
794 2304 927 2354 SANSONI
949 2306 1130 2355 Puerostro

497 2407 725 2473 cnvntuceusl
747 2409 772 2459 S.
795 2411 823 2459 P.
845 2411 876 2460 Ι).

225 2547 344 2603 Excusat
356 2562 386 2603 ee
400 2546 475 2621 quod
489 2563 522 2603 co
537 2547 686 2604 insalutato
701 2548 815 2619 abierit,
831 2566 916 2622 seque
931 2550 1038 2607 ltaliam
1052 2567 1147 2607 versus

436 2637 547 2694 nuntiat
559 2637 720 2710 propediem
736 2638 934 2711 proiecturum.

237 2850 363 2923 ¹l’aroat
383 2848 483 2932 mibi,
505 2869 647 2941 quaese,
663 2857 723 2920 tua
739 2848 852 2922 dulcis
869 2848 1078 2932 humanitas,
1100 2850 1227 2944 optime
1329 2858 1332 2863 ’

146 2973 212 3056 vir,
235 2972 265 3042 si
283 2983 317 3044 te
336 2972 523 3044 insalutato
540 2970 624 3056 abii,
644 2968 738 3064 quod
754 2981 790 3041 et
805 2971 1004 3043 devotionis
1020 2970 1173 3064 antiquae
1192 2983 1229 3044 et

145 3093 228 3166 novi
249 3093 412 3185 promissi
443 3093 563 3166 debito
580 3092 800 3186 prohibebar.
819 3093 910 3166 Nihil
927 3093 1094 3187 estquod
1110 3095 1227 3185 magni

146 3213 276 3288 amoris
294 3214 361 3288 sibi
372 3214 536 3288 conscius
553 3214 692 3288 animus
708 3238 778 3289 non
796 3227 998 3312 praesumat:
1013 3214 1154 3309 speravi
1166 3235 1229 3284 ve-

145 3340 253 3425 niam,
265 3342 391 3429 tatem:
403 3339 496 3414 dixi:
512 3339 611 3412 novit
626 3339 682 3412 ille
695 3362 811 3414 moras
824 3361 938 3425 meos,
951 3348 987 3411 et
999 3358 1056 3410 res
1069 3358 1179 3422 meas,
1194 3348 1229 3408 et

144 3485 204 3536 cor
229 3485 364 3535 mcum:
391 3462 530 3534 veniam
556 3462 647 3534 notis
672 3460 956 3558 occupationibus
979 3481 1048 3533 non
1074 3459 1226 3552 negabit.

147 3586 233 3659 Cum
247 3584 338 3658 enim
353 3605 446 3658 novo
459 3595 495 3657 et
507 3586 647 3659 insueto
658 3607 751 3659 nunc
763 3585 1026 3682 occupationum
1040 3605 1179 3676 genere,
1191 3596 1229 3656 ut

148 3706 248 3789 nosti,
269 3706 561 3800 occupatissimus
582 3728 723 3801 semper
740 3705 820 3791 sim,
835 3728 896 3801 per
913 3707 979 3778 bos
995 3705 1086 3789 dies,
1102 3705 1132 3777 si
1149 3705 1228 3797 quis

147 3827 363 3922 superlativo
380 3828 481 3901 altior
498 3828 629 3921 gradus
646 3839 715 3913 est,
735 3839 868 3902 autum
888 3837 1016 3900 memet
1030 3824 1229 3920 occupatior

146 3922 240 4036 sum,
273 3962 312 4025 ut
342 3974 477 4024 mecum
504 3970 600 4044 saepe
618 3950 726 4021 mirer
755 3961 792 4025 et
823 3953 998 4042 indigner,
1021 3970 1229 4041 mecumque

145 4073 340 4168 disquiram
361 4084 433 4147 tam
455 4073 625 4147 brevibus
644 4073 727 4145 vite
743 4066 925 4145 curriculis
943 4092 1110 4163 quorsum
1137 4071 1230 4141 solli·

145 4196 263 4270 citndo
282 4200 350 4271 ista
371 4198 568 4271 mortalium
588 4207 625 4268 et
642 4195 729 4288 quid
746 4203 840 4266 unta
860 4191 927 4264 sibi
949 4194 1031 4265 velit
1050 4194 1228 4265 anxious:

145 4318 214 4390 etsi
233 4340 480 4412 nonnunquam
500 4318 574 4408 ipse
592 4316 676 4387 mibi
694 4312 851 4386 blandiar
867 4314 1110 4410 occupationes
1133 4334 1230 4385 meas

146 4462 249 4514 none
265 4441 441 4515 communi
457 4461 573 4511 rerum
591 4437 787 4528 vulgarium
805 4458 944 4522 acervo,
960 4436 1024 4509 sed
1039 4459 1060 4509 e
1075 4435 1228 4529 quodam

148 4565 261 4656 magis
282 4563 435 4656 ingenuo
456 4563 549 4633 fonte
567 4558 769 4654 procedere3
788 4559 1012 4651 laboremque
1030 4580 1144 4629 meum
1166 4555 1230 4625 boc

153 4736 158 4744 ,
275 4695 301 4735 tr.
1045 4676 1076 4725 ‘20
