2738 5062
145 642 201 703 lud
479 656 519 703 un
540 655 640 704 nauus
663 652 882 702 rnururnnruus

144 790 354 863 lamitatibus
374 791 465 861 onim
486 792 614 861 nostris
632 790 783 882 gaudere
801 799 964 885 poterunt
988 788 1124 874 hostes,
1154 792 1212 863 sed

144 914 283 985 minime
308 913 458 1005 gloriari.
493 915 586 985 Inter
618 923 740 984 cuncta
774 913 936 984 nimirum
956 912 1088 1005 quibus
1109 936 1214 1007 angor

144 1047 205 1108 aut
222 1046 361 1119 terreor,
380 1037 425 1106 nil
444 1037 554 1128 magis
567 1058 671 1129 quam
687 1035 918 1107 intractabiles
932 1037 1067 1107 animos
1084 1047 1122 1108 et
1136 1058 1215 1109 oon·

145 1159 219 1230 silia
241 1158 405 1231 iuvenum
425 1179 584 1254 pavesco.
608 1159 732 1250 lgnara
751 1169 837 1228 aetas
855 1170 912 1228 εει
928 1178 970 1229 ao
988 1158 1140 1231 lortunae
1156 1182 1215 1233 vo

143 1281 258 1352 lubilis
280 1283 473 1376 inexperta,
495 1292 529 1351 et
549 1282 648 1352 cuius
670 1280 798 1373 impetu
819 1301 946 1370 magna
964 1279 1048 1351 olim
1073 1280 1215 1375 imperia

143 1417 357 1477 corruerunt.
376 1405 498 1476 Omnia
518 1405 591 1489 sibi,
611 1427 691 1500 quae
709 1406 859 1498 cupiunt,
875 1406 1093 1498 pollicentur3
1106 1427 1216 1501 eoque

144 1527 338 1621 saepissime
358 1529 530 1599 falluntur.
553 1528 595 1598 Ut
615 1527 705 1599 enim
728 1549 850 1599 verum
870 1526 1037 1621 estquod
1056 1529 1108 1600 ait
1125 1529 1215 1623 apud

142 1651 279 1721 Livium
296 1650 352 1720 ille
372 1651 585 1721 clarissimus
606 1649 696 1722 hello
713 1651 782 1720 vir:
801 1661 920 1719 temere
935 1652 1068 1722 incerta
1083 1670 1215 1721 casm

142 1785 283 1867 reputat,
303 1796 400 1865 ortam
419 1796 590 1864 nunquam
607 1777 743 1863 fortuna
759 1771 898 1866 decepit,
917 1773 966 1844 sio
985 1784 1022 1844 et
1040 1774 1139 1865 quod
1162 1794 1216 1845 se-
1252 1796 1257 1803 ·

142 1897 260 1990 quitur
279 1919 402 1969 verum
421 1907 490 1981 est,
517 1920 678 1990 nusquam
703 1898 812 1966 minus
836 1907 973 1966 eventus
997 1894 1212 1989 respondere,

145 2043 242 2111 quam
262 2023 295 2089 iu
312 2021 402 2088 tullo.
423 2021 507 2091 Falli
528 2021 644 2112 procul
666 2018 772 2091 dubio
785 2039 930 2090 necesse
943 2027 999 2089 est
1012 2016 1213 2113 eosquibus

144 2162 235 2211 unus
255 2143 450 2226 dumtaxat,
474 2143 573 2236 isque
593 2164 738 2215 serenus
759 2163 799 2213 ao
821 2141 1040 2235 tranquillus,
1063 2143 1209 2215 lortunae

142 2264 260 2333 vultus
281 2265 449 2358 apparuit.
469 2264 603 2336 Bilrons
621 2276 676 2337 εει
691 2266 798 2351 enim,
821 2265 1067 2358 aliquantoque
1088 2264 1213 2361 saepius

144 2385 296 2456 violenta
327 2409 431 2478 quam
461 2386 570 2469 mitis;
610 2387 756 2480 ideoque
790 2391 889 2459 laetus
922 2386 1053 2470 audivi,
1089 2398 1124 2459 ιε
1160 2406 1212 2457 res

144 2507 326 2599 ambiguas
355 2510 399 2581 ad
430 2509 537 2580 senile
566 2510 747 2580 consilium
769 2510 942 2582 reiecisse.
968 2511 1041 2580 lloc
1066 2509 1213 2602 pruden-

143 2632 224 2703 tiam
243 2655 428 2726 moresque
446 2643 525 2704 tuos
542 2632 668 2716 decuit,
686 2655 833 2725 quorum
852 2632 1007 2724 gravitas
1020 2641 1128 2725 atque
1144 2650 1214 2703 ma·

144 2756 267 2828 toritas
287 2765 319 2827 te
340 2755 375 2826 in
396 2756 450 2828 illu
468 2756 541 2827 acie
558 2755 707 2851 primum
724 2755 817 2840 lecit,
831 2778 910 2827 cum
925 2755 1040 2826 adhuc
1056 2755 1091 2825 in
1109 2757 1214 2827 altera

143 2878 192 2951 sis
220 2891 332 2952 aetate.
366 2878 619 2952 adolescentiae
651 2879 831 2964 ferociam,
867 2878 963 2950 senio
995 2880 1214 2974 prudentiam

142 3002 358 3087 adscribunt;
379 3015 498 3077 elnon
518 3003 690 3074 immerito
708 3003 754 3074 illi
771 3001 945 3096 quondam
959 3002 1127 3074 Romanae
1137 2999 1215 3073 Rei·

111 3144 115 3153 '
141 3127 288 3220 publicae
300 3127 472 3218 magistri,
488 3148 636 3219 quorum
657 3125 777 3197 virtuti
798 3125 881 3195 nihil
903 3124 1122 3197 inaccessum
1140 3125 1212 3209 lull

142 3250 217 3318 sive
238 3248 283 3318 oh
304 3250 468 3319 honorem
496 3248 572 3318 sive
592 3247 637 3318 ob
659 3248 915 3320 similitudinem
941 3259 1099 3342 paternae
1124 3249 1216 3323 solli·

141 3369 301 3440 citudinis
322 3371 442 3440 Patres
462 3369 558 3454 dicti,
580 3370 626 3441 ob
646 3380 784 3442 aetatem
808 3384 902 3443 certe
920 3374 1129 3445 Senatorum
1153 3394 1215 3445 no-

141 3512 220 3560 men
251 3503 467 3585 acceperunt.
501 3494 577 3576 Qua
606 3515 689 3565 cura
722 3495 905 3566 iuvenibus
938 3495 1105 3587 primum,
1132 3516 1214 3567 mox

140 3624 244 3685 aetate
263 3626 381 3686 nostra
414 3617 531 3709 pueris
564 3639 702 3711 quoquc
730 3618 912 3711 permissa,
941 3640 987 3689 ex
1014 3639 1120 3710 quarn
1145 3619 1216 3690 alto

140 3738 379 3824 ceciderimus,
402 3739 532 3810 utinam
554 3762 621 3812 non
643 3749 711 3810 tam
733 3739 869 3835 publice
889 3749 1007 3811 notum
1026 3742 1124 3812 louet.
1145 3726 1215 3813 Sed

140 3862 185 3933 de
205 3862 270 3936 hoc
290 3864 380 3935 alibi.
403 3865 521 3956 Neque
540 3867 631 3935 enim
653 3866 729 3936 levo
750 3875 805 3935 est
825 3865 934 3937 dolori
956 3888 996 3936 ac
1017 3865 1140 3959 pudori
1167 3864 1216 3937 si-

140 3991 211 4059 mul
239 3989 487 4083 obsequentem
520 4000 554 4059 ct
586 3988 714 4062 dellere
747 3989 936 4082 praeterita,
970 4000 1005 4059 et
1038 3990 1215 4061 venientia

140 4114 335 4215 providere,
357 4115 443 4187 dare
462 4113 590 4185 damno
608 4114 767 4185 lacrimas
784 4121 819 4184 et
837 4113 990 4206 periculo
1007 4113 1216 4185 cautionem.

141 4232 195 4306 Ad
216 4235 249 4305 id
269 4259 365 4327 ergo,
387 4237 481 4329 quod
501 4236 639 4307 venturi
661 4247 753 4307 metu
775 4237 922 4322 crucior,
946 4244 1116 4308 revertor.
1138 4234 1217 4305 Sol-

139 4357 284 4439 licitum,
319 4359 439 4441 fateor,
478 4368 582 4451 atque
621 4357 804 4430 attonitum
849 4380 903 4429 me
941 4358 1051 4429 lralret
1094 4356 1218 4452 patriae

139 4489 213 4554 tum
234 4488 356 4550 status.
378 4481 427 4548 De
450 4490 481 4550 ιε
500 4479 584 4571 quid
605 4480 737 4550 dicam?
755 4479 860 4550 Cuius
881 4478 972 4549 onim
994 4478 1115 4570 gloriae
1135 4500 1218 4569 gra·
