2738 5062
361 650 453 697 LlBEll
474 648 765 702 ocravusnucurus.
777 669 816 730 ἡ
829 651 980 701 nrlsrotu
1003 654 1021 701 l.
1167 643 1222 701 d't'l

155 774 240 852 sum.
256 780 382 851 Multos
396 782 430 851 in
444 780 571 853 bellurn
589 782 722 876 impulit
738 792 941 875 paupertas,
957 785 1074 854 multis
1091 786 1225 857 animos

151 902 255 985 dedit,
270 904 464 994 praesertim
479 903 508 974 si
522 903 748 975 adversarius
760 904 861 976 dives
875 903 930 975 sit.
942 905 1086 977 Divitias
1100 928 1224 1003 nempe

152 1025 235 1092 viris
257 1023 403 1094 sortibus
423 1023 551 1095 bellum
571 1024 660 1097 lacit.
678 1024 724 1096 At
741 1037 857 1097 monet
877 1028 1031 1118 paucitas
1052 1048 1222 1112 meorum,
1351 1106 1355 1111 ,

152 1145 293 1216 comites
314 1145 442 1216 bellum
469 1156 602 1238 parant,
631 1157 737 1219 terret
761 1140 851 1218 lama
872 1149 1040 1241 vulgaris.
1066 1150 1225 1233 Quarun-

150 1267 228 1337 dam
263 1267 480 1339 minimarum
515 1289 631 1339 rerum
665 1268 851 1363 aliquando
880 1293 1045 1362 magnum
1078 1282 1135 1343 est
1162 1292 1225 1342 no-

150 1411 243 1472 men,
266 1399 301 1459 et
317 1409 411 1481 saepe
431 1390 521 1460 lama
541 1389 726 1461 terribilior
741 1414 846 1485 quam
863 1402 1081 1485 conspectus.
1101 1391 1224 1487 Opinio

149 1532 219 1579 rem
242 1531 310 1580 non
336 1518 455 1581 mutat..
477 1510 579 1595 Quod
604 1512 654 1583 tui
678 1522 868 1606 nequeunt,
895 1516 984 1584 oculi
1005 1524 1144 1586 tuorum
1172 1512 1224 1582 vi-

146 1630 241 1715 dent,
257 1654 325 1702 non
339 1632 421 1724 qnia
435 1633 640 1725 vegetiores,
655 1633 719 1705 sed
731 1633 813 1725 quia
824 1633 1098 1728 propinquiores.
1114 1634 1223 1705 blulla

144 1752 189 1823 de
215 1753 403 1846 longinquo
435 1752 657 1826 cernentibus
690 1755 876 1826 metuenda
909 1754 1220 1849 propinquantibus

145 1897 335 1969 apparuere
367 1874 522 1947 ridicula.
555 1877 646 1949 Ecce
678 1899 784 1968 quam
807 1875 866 1948 tibi
892 1878 1000 1949 multa
1020 1878 1137 1949 Caesar
1161 1877 1221 1947 tri·

144 1999 209 2070 bus
234 1997 388 2091 epistolis
410 1997 546 2103 scripsi,
566 1998 597 2068 si
613 1997 757 2070 forsitan
783 2007 836 2069 ter
862 2008 1008 2070 vocatus
1033 1998 1218 2083 exaudias,

142 2133 175 2192 et
196 2130 247 2205 ut,
269 2142 372 2212 quem
405 2142 471 2191 non
505 2129 605 2215 potes
637 2121 749 2204 aliter,
780 2121 815 2189 in
841 2119 896 2191 his
921 2120 1044 2192 litteris
1064 2119 1219 2191 animum

91 2239 98 2257 ’
144 2264 257 2311 meum
290 2262 422 2312 cernas.
456 2242 593 2313 Mallem
627 2263 736 2335 posse
765 2242 825 2313 tibi
857 2243 999 2313 armatis
1020 2239 1216 2333 legionibus
1298 2294 1301 2301 -

142 2360 279 2432 obviarn
299 2363 347 2432 ire
363 2361 530 2455 imperata
547 2365 712 2434 facturus.
731 2363 832 2448 Quod
850 2386 957 2436 unum
975 2364 1087 2448 datur,
1102 2363 1220 2436 animo

141 2495 245 2575 atque
264 2482 562 2557 exhortationibus
588 2506 746 2579 occurro,
776 2506 890 2578 neque
915 2486 983 2557 iam
1010 2486 1096 2556 satis
1122 2486 1216 2567 scio,

140 2606 224 2698 quid
246 2604 391 2677 ulterius
413 2606 547 2699 loquar,
562 2628 685 2700 neque,
701 2609 732 2678 si
750 2606 815 2678 boc
832 2629 900 2678 non
920 2607 1053 2701 sufficit,
1069 2606 1154 2698 quid
1172 2627 1219 2676 ex

142 2750 196 2799 me
217 2729 376 2800 sufficere
397 2729 512 2823 possit
532 2729 695 2819 intelligo.
716 2728 753 2799 ln
775 2738 818 2813 tc,
838 2729 1057 2820 magnanime
1078 2727 1215 2811 Caesar,

143 2852 176 2918 in
197 2861 239 2933 te,
262 2851 412 2943 inquam,
434 2872 515 2922 esse
532 2848 638 2921 debet
656 2849 746 2940 ignis
760 2849 815 2921 ille
830 2857 932 2942 quem
947 2870 1130 2943 speramus
1155 2870 1218 2920 no

143 2969 196 3041 bis
233 2952 432 3063 et'algenti
466 2970 606 3042 iustitiae
637 2991 896 3042 succursurum.
931 2970 1000 3041 Sed
1035 2971 1065 3039 is
1098 2971 1218 3041 forsan

142 3092 317 3164 extinctus
335 3104 404 3165 est:
426 3092 658 3188 nequidquam
680 3092 806 3167 flamus
826 3092 861 3162 in
878 3091 1040 3164 cinerem.
1065 3090 1218 3183 lmprobi

142 3214 208 3285 viri
226 3214 371 3287 verbum
392 3208 461 3301 est,
494 3216 559 3288 sed
588 3216 654 3288 hac
687 3215 721 3286 in
755 3224 852 3310 parte
874 3213 1029 3297 veridici,
1053 3213 1217 3284 virtutem

141 3337 250 3409 verba
281 3360 350 3410 non
381 3338 522 3411 addere.
544 3339 709 3413 Excitare
740 3339 834 3409 illam
863 3346 976 3432 potest
996 3335 1215 3419 adhortatio,

141 3481 209 3531 non
229 3457 325 3531 dare.
346 3460 467 3552 ltaque
487 3460 571 3531 nihil
602 3463 749 3554 amplius
774 3459 885 3532 dicam
912 3460 979 3532 nisi
1013 3458 1049 3533 id
1082 3459 1117 3529 in
1148 3479 1219 3550 quo

142 3582 246 3653 totius
267 3582 396 3673 negotii
414 3582 468 3653 vis
488 3590 557 3654 est:
578 3583 693 3656 omnia
713 3582 865 3667 consilio,
882 3583 1009 3666 Caesar,
1024 3590 1137 3675 egent,
1155 3581 1219 3653 sed

141 3701 226 3771 nihil
245 3701 381 3772 inertia.
403 3702 448 3771 Et
466 3712 524 3773 est
544 3702 602 3776 ubi
629 3726 697 3777 non
725 3705 869 3777 multum
889 3706 1111 3777 consultasse
1136 3722 1219 3774 con-

143 3822 256 3895 silium
278 3823 333 3894 sit.
356 3824 451 3894 Vale.

283 3959 320 4014 lll
335 3958 396 4013 Kal.
412 3960 586 4015 Decembres.
