2738 5062
141 675 179 736 al
483 690 523 736 na
546 688 646 737 uenus
666 687 887 738 assimilamus

139 819 269 902 quanta
292 809 353 877 vix
375 808 409 876 in
431 828 499 877 uno
515 807 710 898 eodemque
731 804 846 876 animo
870 806 938 876 sit?
956 785 1085 877 Rarum
1107 830 1221 899 genus

140 953 209 1000 non
224 927 370 998 inficior:
380 927 443 997 sed
459 926 509 998 sic
521 936 577 996 est
591 947 660 995 non
675 925 710 994 in
723 924 790 997 hoe
803 928 924 1013 solum,
935 928 999 999 sed
1012 928 1045 998 in
1059 929 1223 1002 omnibus

142 1045 248 1124 ferme
275 1073 356 1144 quae
375 1051 441 1122 sub
462 1054 549 1122 coelo
571 1059 667 1135 sunt,
687 1061 726 1121 ut
749 1050 859 1145 pretia
881 1073 1000 1125 rerum
1027 1052 1220 1145 frequentia

141 1198 181 1245 ac
198 1174 322 1245 raritas
344 1175 525 1245 alternent.
548 1173 678 1265 ltaque,
693 1182 731 1243 ut
744 1194 851 1268 prope
869 1174 915 1243 nil
935 1174 1048 1244 rarius
1069 1173 1221 1247 amicitia

142 1317 240 1380 vera,
263 1297 309 1368 ita
329 1317 469 1389 quoque
490 1294 534 1363 nil
562 1293 698 1366 carius:
728 1316 809 1390 quae
836 1295 896 1366 ubi
916 1295 1050 1367 coelesti
1075 1319 1219 1368 munere

140 1419 290 1511 contigit,
314 1440 382 1489 una
403 1418 604 1510 procellosae
631 1416 715 1487 vitae
741 1438 880 1503 ancora,
910 1439 978 1488 una
999 1419 1138 1511 requies
1165 1430 1223 1491 est

141 1540 306 1624 laborum,
326 1562 395 1631 qua
414 1548 449 1609 et
466 1541 544 1609 laeta
564 1539 701 1611 dulcius
722 1549 756 1609 et
778 1539 888 1609 tristia
904 1539 1026 1611 lortius
1047 1541 1217 1613 seruntur.

141 1663 187 1733 llt
209 1662 254 1733 ad
280 1682 465 1745 summam,
486 1661 625 1754 amicus
651 1668 707 1732 est
730 1662 817 1732 alter
842 1659 949 1746 idem,
973 1671 1085 1733 status
1108 1665 1220 1734 nostri

141 1783 246 1869 basis,
269 1783 374 1856 animi
394 1785 465 1865 lux,
487 1782 622 1854 consilii
641 1783 730 1868 dux,
756 1782 859 1854 studii
880 1785 954 1868 fax,
975 1783 1225 1857 dissidentium

144 1929 227 2000 pax,
249 1928 425 1989 curarum,
449 1905 668 1997 negotiorum
694 1905 880 2000 particeps,
903 1906 1222 2002 peregrinationum

143 2050 273 2113 comes
300 2027 517 2118 refrigerium
544 2028 789 2112 domesticum3
814 2051 928 2121 neque
953 2028 1046 2101 domi
1073 2039 1221 2118 tantum,

144 2151 208 2222 sed
225 2149 295 2220 ruri
315 2149 516 2243 militiaeque
533 2151 708 2235 assiduus,
727 2159 763 2221 et
779 2151 881 2221 terris
899 2160 935 2222 et
953 2153 1090 2244 pelago;
1107 2175 1224 2246 neque

144 2274 255 2342 solum
278 2272 389 2365 spatio
405 2271 489 2342 vitae
506 2294 582 2367 par,
602 2274 666 2345 sed
683 2284 762 2367 post
778 2271 883 2344 busta
900 2274 1010 2346 vivax
1036 2285 1140 2368 atque
1157 2273 1224 2346 im-

143 2395 286 2465 mortale
300 2393 477 2474 solatium;
491 2414 603 2485 nsque
612 2393 710 2475 adeo,
720 2393 823 2485 utqui
836 2395 1083 2486 superstitibus
1094 2394 1224 2468 obeunt

144 2515 280 2599 amicis,
303 2527 375 2587 tum
406 2515 559 2585 maxime
583 2515 705 2586 vivere
734 2515 930 2599 videantur,
959 2539 1038 2587 cum
1063 2517 1221 2591 abierint.

144 2639 231 2722 Quae
251 2661 330 2711 oum
352 2640 399 2709 ita
417 2638 498 2722 sint,
514 2637 730 2731 quantalibet
747 2636 898 2729 fingatur
918 2638 1019 2709 amici
1037 2638 1224 2713 liberalitas

143 2782 185 2832 ac
204 2761 361 2852 largitas,
390 2761 419 2831 si
442 2770 558 2832 tamen
584 2759 651 2830 rari
674 2759 779 2830 huius
805 2758 886 2830 boni
908 2771 1012 2830 tenax
1029 2771 1097 2844 est,
1121 2761 1152 2833 si
1176 2762 1225 2833 illi

145 2884 265 2954 similis
287 2884 346 2976 qui
368 2906 432 2955 seu
452 2883 605 2978 proprio,
629 2905 705 2969 seu,
728 2883 821 2975 quod
842 2882 891 2953 ait
911 2882 1098 2978 satyricus,
1118 2886 1225 2975 pectis

144 3006 225 3074 vitio
244 3027 416 3096 nunquam
428 3010 574 3099 partitur
593 3006 747 3088 amicum,
770 3015 806 3076 et
823 3004 889 3075 sibi
910 3007 1004 3076 solus
1016 3004 1137 3091 'habet
1152 3009 1225 3099 plc-

143 3147 223 3198 nam
241 3128 401 3199 amicitiae
420 3129 565 3219 gloriam
582 3151 651 3199 non
674 3137 829 3220 usurpet.
851 3127 890 3198 ld
906 3151 999 3200 nunc
1018 3150 1103 3220 ergo
1121 3151 1225 3221 repu-

144 3260 236 3333 tans,
259 3250 423 3331 amioum,
446 3271 549 3340 quem
569 3270 639 3319 non
660 3248 742 3318 mihi
762 3272 877 3321 meum
898 3250 1059 3322 meritum
1079 3248 1142 3322 sed
1160 3272 1224 3322 sua

145 3370 223 3443 lecit
242 3373 364 3454 virtus
386 3371 505 3464 partiri
520 3381 644 3456 tecum,
663 3372 790 3465 optime
809 3373 922 3458 frater,
945 3373 1087 3444 institui.
1109 3373 1222 3459 latest,

144 3502 184 3564 ut
204 3493 264 3565 tibi
289 3493 383 3563 illum
407 3492 561 3564 breviter
580 3491 765 3587 explicem,
789 3493 912 3565 Petrus
938 3495 1092 3576 nomine,
1114 3493 1224 3587 patria

145 3614 332 3698 Alvernus
354 3614 521 3706 religione
539 3615 746 3700 monachus,
765 3617 877 3688 officio
894 3616 1013 3701 abbae,
1033 3616 1154 3687 habitu
1172 3616 1225 3687 ni-

145 3760 220 3830 ger,
255 3740 370 3812 animo
395 3740 581 3825 candidus,
610 3739 750 3832 ingenio
775 3744 899 3825 velox,
926 3741 1063 3833 eloquio
1094 3739 1221 3824 duleis,

144 3861 290 3932 scientia
314 3862 450 3949 doctus,
474 3863 600 3936 iudicio
619 3862 901 3957 circumspectus,
923 3863 1083 3936 convictu
1104 3863 1222 3935 affabi-

144 3981 197 4067 lis,
218 3993 321 4056 aetate
341 3985 488 4070 iuvenis,
510 3986 682 4079 gravitate
700 4008 819 4071 senex,
842 3986 1023 4058 honestate
1042 3984 1225 4057 venerabi-

145 4105 198 4176 lis.
219 4105 287 4179 Adi
306 4130 400 4191 aum
428 4131 571 4201 quaeso,
606 4111 693 4181 duce
719 4110 799 4194 hoc,
828 4132 932 4201 quem
967 4110 1013 4182 cb
1042 4109 1077 4180 id
1109 4110 1224 4202 ipsum

144 4229 297 4299 maxime
309 4229 354 4300 ad
373 4239 406 4301 te
422 4231 512 4302 misi.
530 4230 707 4322 Agnoscat
722 4232 778 4302 ille
796 4230 884 4303 illico
902 4234 1079 4304 Socratem
1099 4252 1223 4314 meum,

143 4347 280 4442 dequo
301 4353 407 4422 multa
433 4373 528 4444 saepe
550 4374 681 4425 seeum.
709 4352 760 4424 Tu
781 4351 1146 4444 gaudebishominem
1172 4350 1226 4421 in·

146 4472 287 4546 senisse
310 4476 447 4564 qualern
473 4477 601 4547 frustra
625 4476 686 4546 diu
711 4475 876 4567 quaesivi,
901 4484 938 4545 et
967 4473 1050 4543 milri
1076 4471 1224 4563 gratiam
