2738 5062
201 702 262 768 504
542 708 703 763 ruamus
721 706 944 761 ruuurmmus

201 850 373 925 direxisti.
389 847 530 921 Gratias
541 866 612 941 ago
625 855 661 921 st
677 846 845 919 institutae
861 859 974 919 taeum
992 864 1102 940 nuper
1118 845 1283 918 amicitiae

200 971 354 1066 quodam
375 971 450 1041 iure
469 969 626 1054 obsecro,
648 977 687 1041 ut
706 969 950 1040 ardentissimo
970 975 1053 1039 voto
1074 988 1162 1052 meu,
1184 969 1283 1060 quod

202 1094 264 1167 tihi
290 1094 357 1165 iam
381 1093 436 1166 vel
462 1113 509 1163 ex
534 1092 657 1164 litteris
684 1091 781 1175 meis,
804 1093 927 1162 velex
946 1091 1039 1162 vivis
1065 1090 1168 1161 amici
1186 1087 1283 1160 voci-

200 1215 269 1288 bus
297 1225 418 1287 uotum
443 1235 525 1286 esse
557 1237 626 1287 uon
651 1213 788 1298 dubito,
821 1213 933 1307 magis
956 1234 997 1284 ac
1017 1211 1129 1304 magis
1153 1210 1222 1282 hae
1246 1211 1281 1280 in

201 1347 300 1431 parte
320 1350 353 1411 te
373 1337 585 1430 morigerum
605 1346 763 1432 praestes.
784 1336 880 1410 Vale.

343 1487 504 1558 Mediolani,
520 1487 582 1544 Kal.
599 1486 769 1544 Deeembris.

617 1923 795 1989 EPlSlollt
816 1924 874 1989 xv.

270 2127 464 2179 rmucrscus
485 2123 655 2177 aurulam
676 2125 809 2176 rourum
830 2124 872 2175 uu
894 2122 1063 2174 cerrima
1084 2124 1111 2175 s.
1133 2125 1162 2175 r.
1183 2124 1213 2175 u.

439 2330 442 2335 ·
454 2305 572 2360 Miratur
584 2320 650 2361 eum
664 2309 753 2377 poetae
766 2320 869 2363 nomeu
883 2319 1025 2376 respuere.

298 2541 354 2613 Ex
373 2541 491 2613 multis
507 2541 680 2633 epistolis,
698 2561 788 2632 quas
805 2541 861 2612 his
879 2540 1093 2635 temporibus
1111 2549 1191 2612 tuas
1204 2541 1280 2633 legi,

200 2686 307 2738 unum
328 2663 440 2749 elicui,
462 2646 544 2736 esse
564 2672 598 2735 te
619 2661 758 2734 turbido
780 2663 910 2735 animo:
930 2665 1026 2758 quod
1046 2663 1155 2735 miror
1174 2673 1211 2736 et
1231 2665 1282 2735 iu-

199 2785 377 2878 dignaret
395 2785 508 2858 doleo.
530 2784 621 2868 Quid
632 2785 724 2857 euim
738 2805 817 2870 oro,
836 2796 953 2880 potest
972 2786 1168 2878 essequod
1188 2797 1282 2860 tanto

201 2907 332 2992 studio,
347 2915 442 2978 lanta
460 2908 517 2979 vel
530 2907 615 2979 artis
632 2909 689 2979 vel
705 2916 841 2981 uuturae
856 2911 951 2982 calce
965 2907 1147 2980 fundatum
1161 2922 1282 3005 pectus

200 3028 355 3122 quatiat?
379 3026 465 3119 Legi
491 3030 684 3124 Syracusas
717 3037 796 3101 tuas
821 3040 857 3101 et
880 3030 1084 3124 Dionysium
1115 3030 1282 3103 intellexi.

201 3150 271 3222 Sed
295 3149 380 3245 quid
407 3149 510 3221 ideo?
533 3148 618 3242 quid
639 3150 670 3218 si
691 3170 784 3221 mors
813 3149 976 3243 ingruat?
1006 3151 1035 3221 si
1060 3169 1230 3236 aerumna,
1253 3152 1282 3223 si

200 3293 333 3356 career,
360 3271 568 3357 uexillum,
591 3270 620 3342 si
640 3275 846 3364 paupertas?
867 3272 949 3342 Haec
968 3274 1042 3344 lere
1062 3285 1146 3345 sunt
1172 3276 1281 3345 tortu·

202 3412 257 3463 nae
273 3393 400 3466 iacula:
417 3390 502 3484 quid
514 3391 638 3464 horum
659 3391 705 3463 ad
722 3391 927 3465 altissimam
948 3415 990 3466 ae
1012 3393 1280 3464 munitissimam

202 3532 315 3585 arcem
338 3512 462 3585 mentis
487 3513 676 3609 ascendere
695 3514 859 3609 quiverit,
882 3512 948 3584 nisi
970 3526 1007 3585 tu
1029 3524 1151 3610 sponte
1171 3513 1282 3586 hosti-

201 3633 270 3706 bus
294 3636 447 3706 claustra
467 3633 686 3726 prodideris?
710 3635 945 3729 Quamquam,
964 3637 1086 3719 fateor,
1105 3637 1283 3729 aliquanto

202 3754 316 3825 levius
344 3753 508 3826 dicuntur
532 3753 600 3824 ista
631 3777 735 3846 quam
767 3753 870 3841 fiunt,
896 3767 933 3828 et
957 3758 1128 3829 docentur
1148 3757 1280 3830 facilius

202 3897 308 3971 quam
333 3875 523 3949 discuntur.
550 3874 729 3959 irasceris,
753 3883 792 3946 ut
819 3877 952 3971 reliqua
978 3878 1114 3962 sileam,
1147 3880 1229 3972 quia
1249 3888 1281 3950 te

202 4008 341 4090 poetam
358 4000 394 4071 iu
411 3997 534 4072 litteris
553 3998 640 4071 meis
654 4018 753 4069 rouo.
766 3998 909 4070 Mirum:
923 4008 1024 4093 poeta
1036 4020 1118 4070 esse
1130 3998 1280 4083 voluisti,

204 4128 243 4191 ut
262 4133 375 4213 poetae
394 4145 520 4195 nomeu
536 4122 713 4204 horreres,
732 4103 811 4192 cum
824 4131 943 4194 eontra
960 4121 1060 4193 multi
1076 4142 1204 4193 nomeu
1217 4121 1282 4192 hoc

203 4239 318 4333 ipsum
352 4242 504 4315 ambiant
534 4243 583 4314 rei
617 4252 792 4334 expertes.
826 4240 881 4313 An
905 4245 994 4315 sorte
1017 4242 1099 4336 quia
1129 4244 1280 4315 noudum

203 4359 343 4432 Poeneia
363 4361 484 4433 fronde
503 4363 686 4435 redimitus
707 4363 769 4446 sis,
788 4373 891 4457 poeta
906 4385 987 4437 asse
999 4388 1068 4438 nou
1087 4368 1208 4459 potes?
1226 4362 1280 4435 Au

207 4481 237 4554 si
253 4484 373 4555 laums
388 4482 483 4553 nulla
503 4503 653 4577 usquam
672 4495 785 4572 esset,
805 4487 918 4562 Musae
933 4508 1056 4563 omues
1072 4489 1281 4564 cantiaesue·
