2738 5062
407 722 499 772 trusa
521 723 910 773 exurentes-umaronx
933 727 960 773 r.
1165 715 1215 774 ll?

140 881 201 931 seu
223 869 356 930 natura
376 859 459 929 mihi
480 859 649 930 conflante
670 859 752 941 alna,
772 880 834 929 seu
851 860 995 942 lortuna,
1016 861 1218 930 rolarelon-

139 980 372 1073 giusodidici.
387 982 493 1066 Nunc,
511 981 609 1052 vobis
623 980 831 1063 auctoribus,
849 982 1038 1073 primaevus
1051 983 1133 1051 milri
1146 995 1219 1054 lan-

140 1107 222 1179 dem
236 1104 345 1176 nidus
360 1105 520 1199 panditur
532 1126 604 1197 quo
615 1106 771 1175 revolare
787 1126 920 1196 queam,
939 1104 1050 1196 longis
1071 1105 1137 1175 iam
1152 1109 1220 1176 ses-

144 1250 206 1300 sus
219 1225 413 1297 erroribus.
428 1227 552 1317 lllagua
564 1227 641 1296 haee
657 1247 819 1296 essenon
838 1223 977 1309 inficior,
997 1225 1059 1297 sed
1074 1227 1128 1296 illa
1142 1250 1220 1320 per-

144 1348 416 1441 maxima,quod
430 1348 558 1419 donum
572 1347 745 1442 poblicum
756 1358 848 1418 tauto
863 1347 928 1417 mei
942 1349 1099 1430 nominis,
1113 1349 1220 1441 digno

144 1473 289 1554 utinam,
297 1471 478 1562 praeconio,
492 1477 585 1542 tanta
599 1494 737 1564 precum
749 1470 917 1554 instantia,
931 1479 1023 1541 tanta
1035 1471 1220 1542 verborum

145 1592 504 1667 suavitatoconditum
515 1602 578 1678 est,
591 1605 634 1678 ut,
650 1595 714 1663 nisi
730 1594 795 1663 sim
810 1605 1122 1678 saxeus,aeternum
1138 1596 1220 1666 milri

146 1719 213 1790 hoc
232 1728 355 1787 vestro
375 1714 541 1788 beneficio
560 1728 594 1788 et
615 1719 729 1788 lumen
750 1715 793 1787 ad
815 1717 958 1808 gloriam
979 1728 1014 1789 et
1034 1722 1145 1791 calcar
1165 1742 1222 1791 ac-

145 1840 296 1912 cesserit
314 1838 359 1909 ad
379 1839 553 1910 virtutem.
581 1838 716 1922 Quibus
743 1841 845 1910 rebus
873 1841 902 1911 si
928 1841 1078 1933 impares
1105 1853 1221 1931 grates

146 1986 264 2055 agam,
286 1983 356 2032 non
378 1983 466 2031 moae
487 1961 612 2031 montis
633 1961 842 2051 ingratitudo
863 1962 979 2047 luerit,
1003 1963 1067 2034 sed
1093 1975 1220 2034 vostrae

144 2082 392 2156 munificentiae
413 2083 624 2175 magnitudo.
642 2082 718 2172 Ago
736 2093 846 2153 tamen
868 2106 954 2176 quas
977 2107 1127 2178 possum,
1148 2085 1219 2165 sed,

149 2217 190 2278 nt
221 2208 268 2278 ait
300 2206 435 2290 Cicero,
459 2211 606 2277 maiores
628 2205 753 2289 habeo,
777 2206 903 2300 quibus
928 2206 1163 2300 exprimendis
1188 2220 1223 2280 et

155 2328 352 2400 accuratiori
381 2326 460 2399 stilo
486 2339 520 2398 et
541 2329 679 2399 feliciori
701 2351 787 2423 opus
807 2340 903 2402 esset
927 2332 1071 2424 eloquio.
1095 2334 1145 2402 lta
1167 2357 1222 2403 me

155 2449 281 2523 vestris
300 2450 477 2522 beneficiis
498 2450 658 2523 obrutum
684 2475 724 2523 ac
748 2453 1013 2524 circumclusum
1036 2455 1161 2540 sentio,
1186 2466 1222 2526 ut

149 2574 266 2645 minus
287 2572 332 2644 sit
352 2594 453 2643 omne
466 2571 558 2664 quod
575 2572 710 2656 dixero,
730 2595 833 2665 quam
852 2572 944 2667 quod
962 2574 1078 2645 dicero
1091 2576 1222 2646 voluis-

148 2720 237 2771 sem.
258 2697 373 2768 Unum
393 2695 458 2765 hoc
479 2694 512 2764 in
534 2693 635 2765 linem
655 2717 722 2764 non
740 2694 931 2779 omiserim,
952 2696 1045 2786 quod
1066 2719 1156 2766 anno
1174 2701 1224 2767 al·-

148 2830 240 2902 tero,
261 2822 371 2890 Roma
392 2818 566 2901 reducem,
590 2818 676 2888 inter
701 2817 913 2887 clarissimos
940 2819 1016 2887 illos
1043 2819 1137 2889 viros
1162 2822 1220 2912 qui

92 2940 95 2945 ’
153 2954 227 3015 tom
247 2946 341 3015 lrena
362 2940 572 3034 Reipublicae
593 2937 839 3029 gubernabant,
862 2939 997 3009 dixisse
1018 2962 1072 3010 mo
1098 2946 1221 3014 recolo.

153 3065 328 3160 Siquidem
350 3086 392 3136 eo
414 3084 523 3155 usquo
544 3060 663 3155 patriae
683 3080 771 3129 meae
793 3082 848 3130 me
868 3060 991 3129 attollit
1012 3060 1220 3146 humanitas,

151 3200 190 3262 ut
214 3190 297 3260 illud
319 3185 493 3282 quondam
527 3207 588 3279 pro
621 3183 708 3278 parti
742 3182 828 3253 tituli
858 3182 986 3274 gaudio
1007 3181 1222 3276 imperatoris

150 3310 303 3403 Augusti
329 3331 536 3402 responsum
564 3330 643 3377 eum
672 3306 822 3377 lacrimis
854 3305 1028 3379 redditum
1059 3306 1222 3393 Senatui,

149 3434 235 3505 1111111
254 3455 345 3504 nuno
363 3433 513 3502 tantillus
531 3430 726 3512 homuncio,
746 3430 839 3522 apud
859 3452 938 3514 vos,
961 3451 1025 3523 pro
1046 3432 1150 3504 tantis
1171 3455 1226 3504 re-

118 3580 229 3629 -rum
267 3578 308 3626 ae
341 3553 527 3627 verborum
562 3552 765 3638 honoribus,
801 3575 970 3646 usurpare
995 3576 1066 3626 nou
1091 3577 1223 3628 verear.

155 3678 294 3774 Compos
314 3682 402 3748 onim
417 3683 521 3769 [octar
538 3687 688 3746 uotorum
710 3700 868 3760 meorum,
887 3675 1004 3746 Patres
1025 3676 1224 3771 conscripti,

153 3800 232 3893 qaid
246 3803 347 3872 ltolreo
361 3799 452 3871 aliud
469 3800 574 3869 Deum
586 3802 802 3868 immortalem
809 3801 961 3892 procori,
977 3823 1075 3892 quom
1088 3812 1125 3869 ut
1141 3801 1226 3870 tunc

154 3946 350 3996 consensum
371 3935 514 3993 oestrum
539 3920 582 3992 od
601 3924 752 3992 ultimum
770 3924 847 3992 vitm
862 3926 961 4018 finem
983 3927 1065 3994 milri
1079 3930 1227 4017 perferre

153 4050 272 4118 liceat?
289 4045 437 4118 Proinde
454 4046 538 4140 quid
555 4045 659 4115 animi
678 4045 826 4119 habeam
846 4048 891 4119 ad
909 4047 1072 4130 reditum,
1088 4049 1117 4117 si
1136 4051 1227 4120 Deus

155 4171 291 4256 laverit,
314 4181 529 4264 quantumve
552 4169 723 4240 mandatis
747 4171 878 4241 vestris
905 4170 1144 4262 obtemperare
1170 4195 1229 4242 ou-

156 4294 257 4386 piam,
267 4317 311 4364 ne
324 4293 439 4365 omnia
452 4293 587 4387 scripto,
602 4292 665 4364 sed
679 4292 807 4386 aliquid
821 4292 912 4363 vivis
928 4293 1031 4384 legati
1046 4294 1153 4364 rostri
1168 4315 1229 4363 xo-

153 4416 251 4489 cibus
270 4417 496 4503 committam,
520 4418 573 4487 vir
593 4415 758 4507 egregius
784 4416 954 4487 lohannes
980 4417 1139 4498 Boccatii,
1167 4437 1230 4507 por

156 4564 257 4633 quem
276 4518 410 4612 litteras
428 4541 625 4635 etmouitus
648 4550 786 4611 vestros
804 4563 844 4612 ae
862 4540 958 4611 iussa
971 4537 1130 4631 percepi,
1142 4557 1231 4627 prae
