2738 5062
344 673 436 722 utnon
457 673 739 732 uolutusuaoluus
752 693 789 704 -·
801 674 955 724 belsrouu
977 677 1020 725 111.
1161 665 1221 726 343

141 827 299 879 romanas
318 808 390 901 pari
404 809 543 879 infamia
557 809 666 902 premi
684 829 788 902 posse
806 830 873 881 non
890 827 987 900 nego,
1006 809 1220 906 Coeliumque

139 931 359 1026 conspectius
381 941 531 1004 montem
550 953 619 1003 non
637 943 761 1026 suopte
780 931 919 1024 quidem
942 931 1136 1018 infortunio,
1160 956 1218 1005 ne-

140 1075 209 1147 que
229 1052 309 1124 odio
326 1053 554 1136 fulminantis,
574 1053 636 1124 sed
654 1054 808 1125 claritate
826 1035 1004 1146 patientis,
1027 1076 1107 1148 qnae
1125 1075 1220 1148 saepe

139 1176 289 1245 futuram
312 1174 346 1243 in
368 1177 477 1245 altero
497 1174 705 1246 mediocrem
726 1175 874 1258 cladem,
899 1177 1069 1269 insignem
1091 1178 1169 1249 lecit
1185 1178 1220 1248 in

140 1300 261 1368 altero.
297 1297 394 1367 lllum
429 1295 534 1387 igitur
566 1295 611 1368 de
642 1317 712 1390 quo
744 1299 866 1390 loquor
886 1299 1007 1369 collem
1033 1300 1220 1369 infamasse

140 1420 252 1514 potuit
274 1419 328 1489 vel
351 1439 441 1490 unus
463 1416 602 1490 abunde
623 1428 771 1491 moestus
791 1427 826 1490 et
845 1417 1028 1491 horrificus
1041 1419 1139 1493 Tullii
1154 1420 1222 1491 llo

143 1541 223 1612 stilii
245 1541 377 1612 romani
396 1540 489 1632 regis
513 1549 677 1623 eventus,
696 1561 801 1631 quem
819 1550 897 1633 post
914 1543 1143 1633 impetuosam
1161 1562 1222 1611 ve-

142 1683 249 1755 reque
267 1661 467 1732 fulmineam
487 1661 720 1754 vitemusque
737 1659 783 1732 ad
799 1671 996 1734 extremum
1015 1684 1085 1732 uuo
1103 1672 1223 1735 tenore

143 1782 333 1855 traductam
355 1782 406 1876 (ol
425 1785 507 1854 vitae
526 1782 701 1855 hominum
720 1793 988 1854 consentaneum
1009 1783 1137 1877 fineml,
1157 1786 1222 1855 iul-

144 1906 244 1976 minis
260 1904 418 1976 incendio
437 1915 508 1978 tota
526 1904 571 1977 ibi
589 1926 668 1976 cum
686 1905 790 1975 domo
806 1903 1044 1996 conflagrasse
1061 1907 1221 2010 legimus.

143 2028 239 2099 Mitto
259 2027 346 2098 alios
370 2049 511 2099 romano
532 2026 662 2098 nomini
683 2027 900 2098 insultantes.
919 2027 994 2098 Non
1014 2029 1113 2122 pauci
1130 2028 1222 2107 enim

143 2161 225 2222 sunl
248 2160 283 2222 et
309 2160 448 2221 veteres
473 2159 509 2219 et
530 2149 609 2218 novi
631 2159 667 2219 et
686 2157 817 2220 nostrae
837 2149 940 2220 etiam
962 2151 1075 2222 aetatis
1101 2151 1221 2244 aliqui,

142 2294 290 2364 quorum
311 2272 480 2355 nonnulli,
503 2269 597 2364 quod
627 2269 713 2363 ipsis
747 2271 781 2342 in
812 2270 929 2344 verbis
951 2273 1128 2359 elucescit,
1155 2296 1223 2347 non
1355 2289 1362 2303 ·

146 2402 216 2462 tam
238 2393 311 2464 veri
332 2393 462 2478 studio,
484 2414 588 2485 quam
609 2394 685 2463 veri
706 2393 786 2466 odio
806 2402 842 2465 et
863 2376 991 2468 invidia
1019 2395 1222 2481 trahuntur,

143 2511 272 2605 quibus
293 2514 377 2585 nibil
399 2513 678 2607 respondendum
700 2524 795 2609 pnto;
819 2516 904 2589 satis
924 2529 979 2589 est
994 2518 1072 2589 illos
1090 2539 1225 2590 veneno

144 2654 209 2706 suo
231 2633 363 2706 confici.
386 2636 422 2705 Si
442 2637 581 2708 litterati
605 2636 764 2709 homines
788 2647 873 2709 sunt
892 2647 928 2708 et
954 2638 1060 2709 libros
1085 2640 1222 2729 legunt,

142 2756 263 2843 credo,
286 2758 465 2852 suspirare
484 2757 561 2830 illos
582 2769 684 2852 coget
704 2779 766 2852 per
792 2759 949 2850 singulas
976 2759 1084 2829 lineas
1105 2779 1224 2830 occur-

145 2898 226 2949 rens
246 2878 480 2951 clarissimum
497 2880 618 2952 Romae
631 2900 773 2963 nomen,
792 2879 912 2972 idque,
931 2879 1077 2973 nequid
1095 2881 1225 2952 calum-

147 2999 296 3084 nientur,
318 2999 353 3070 in
374 2999 471 3074 libris
491 3022 561 3074 non
582 3022 726 3074 romana
747 3023 852 3073 manu
873 3001 1010 3094 scriptis
1030 3001 1091 3074 sed
1108 3011 1226 3073 exter·-

147 3141 201 3191 na.
234 3120 364 3215 Populo
394 3124 485 3195 enim
520 3145 675 3207 romano,
707 3131 746 3195 ut
773 3124 822 3196 ait
854 3121 1013 3215 CrispuS,
1037 3144 1223 3214 numquam

146 3242 353 3336 scriptorum
386 3243 485 3339 eopia
510 3246 589 3327 luit3
615 3244 743 3341 quippe
770 3245 949 3318 honestius
975 3266 1016 3316 ac
1041 3243 1226 3336 gloriosius

144 3364 318 3438 ducebant
337 3367 424 3439 alios
443 3366 488 3438 de
515 3388 567 3452 se,
593 3388 700 3461 quam
728 3368 835 3439 sede
862 3367 939 3440 aliis
968 3365 1140 3451 scribere,
1169 3387 1226 3438 res

145 3491 241 3584 ipsas
262 3512 451 3584 rerumque
471 3494 599 3564 lamam
620 3477 820 3584 quaerentes
840 3492 956 3585 potius
976 3511 1081 3583 quam
1101 3488 1228 3560 verbo-

146 3633 233 3683 rum.
269 3611 361 3695 Quid
394 3614 526 3684 multa?
546 3612 714 3706 Quisquis
747 3611 870 3684 urbem
904 3614 1047 3683 Romam
1079 3618 1227 3682 eventus

146 3732 339 3826 exceperit,
363 3755 488 3805 nomen
511 3734 608 3806 vivet
626 3733 792 3827 quamdiu
812 3755 1009 3827 graecarum
1027 3742 1087 3804 aut
1108 3732 1229 3802 latina·

146 3875 223 3926 rum
245 3854 411 3927 memoria
445 3856 637 3930 litterarum
672 3859 742 3931 ulla
775 3856 961 3951 supererit,
983 3875 1048 3926 nec
1076 3872 1227 3946 unquam
1268 3850 1272 3855 ’

146 3975 257 4047 deerit
288 3976 416 4049 invidis
450 3979 594 4050 materia
625 3977 837 4051 tabescendi.
859 3975 1057 4067 Augustino
1078 3997 1163 4045 sune
1189 3995 1229 4045 ao

148 4095 370 4193 Hieronymo,
392 4119 481 4191 quos
503 4109 724 4170 contemnere
756 4101 808 4169 las
842 4119 911 4167 non
943 4105 1012 4179 est,
1036 4095 1102 4166 hoc
1126 4097 1230 4168 modo

147 4239 355 4312 responsum
390 4219 443 4290 sit.
479 4220 623 4292 Romam
658 4221 755 4291 velut
786 4220 929 4291 alteram
956 4216 1167 4313 Babylonem
1195 4219 1229 4288 in

146 4342 325 4416 occidente
337 4342 514 4415 fundatam
530 4364 597 4414 non
612 4340 759 4428 inficior,
776 4355 813 4414 ut
831 4342 968 4426 scilicet,
991 4341 1131 4415 iubente
1148 4343 1229 4420 Deo,

148 4464 329 4559 imperium
350 4468 530 4549 orientale,
554 4465 648 4559 quod
681 4467 715 4535 in
745 4466 922 4562 Babylone
950 4466 1067 4539 multis
1094 4459 1232 4534 saeoulis
