2738 5062
168 679 229 744 sol
511 687 552 738 ua
573 686 674 738 ansus
695 686 917 737 rnuuruunus

168 830 369 924 perveniam
396 845 467 918 quo
490 823 612 908 velim,
641 821 732 895 bene
756 825 842 896 erit:
867 823 1019 916 alioquin
1052 821 1142 896 bene
1167 845 1252 897 esse

141 1019 146 1029 χ
169 953 350 1026 voluerim.
371 950 539 1020 Faustum
558 946 654 1030 illud,
677 947 743 1019 hoc
769 945 950 1019 laudabile.
972 945 1060 1017 lllud
1080 957 1136 1019 est
1155 949 1251 1019 enim

169 1078 204 1148 in
225 1073 386 1156 alterius,
406 1069 528 1142 hocin
549 1079 667 1141 nostra
692 1090 799 1141 manu
818 1070 981 1162 positum.
1003 1068 1068 1140 Hic
1087 1072 1251 1141 insistam

169 1210 209 1271 ut
227 1200 344 1268 nullus
365 1195 456 1276 dies,
477 1194 572 1264 nulla
592 1213 678 1275 nox,
698 1212 767 1262 non
788 1191 901 1275 labor,
922 1213 990 1263 noo
1008 1190 1162 1284 requies,
1182 1213 1252 1263 non

170 1320 333 1411 voluptas
354 1317 508 1388 animum
533 1313 578 1387 ab
599 1314 744 1385 honesta
769 1313 958 1385 intentione
983 1311 1173 1386 dimoveat
1203 1314 1253 1384 De

173 1442 306 1533 reliquo·
327 1448 454 1511 sortem
474 1458 587 1510 meam
605 1456 674 1507 non
691 1444 824 1507 tantum
846 1455 958 1528 aequc,
975 1434 1038 1507 sed
1055 1437 1125 1507 alto
1145 1436 1251 1506 etiam

173 1564 288 1635 animo
308 1564 426 1633 feram.
454 1561 489 1631 Si
516 1560 708 1654 posteritati
733 1580 861 1631 noscar
879 1554 1090 1654 probetque,
1111 1557 1251 1650 quidni

174 1685 368 1778 gaudeam?
392 1684 453 1753 Sin
477 1683 607 1768 minus,
635 1691 766 1753 nostrae
790 1693 909 1753 notum
935 1680 1061 1751 sufficit
1085 1680 1190 1751 aetati.
1216 1679 1252 1750 Si

173 1829 216 1879 ne
236 1806 385 1900 idipsum
410 1814 596 1878 assecutus
620 1804 754 1890 videar,
775 1803 896 1900 paucis
917 1815 978 1876 aut
999 1804 1061 1874 uni
1082 1802 1165 1873 mihi
1190 1822 1252 1874 no·

174 1942 247 2001 tum
268 1931 379 2003 fuisse
401 1929 487 2000 satis
507 1929 631 2000 fuerit:
658 1930 758 2000 talem
779 1928 884 2001 modo
908 1948 965 1999 me
983 1928 1140 2000 noverim
1166 1950 1251 2021 qua·

173 2051 217 2122 lis
239 2071 327 2134 sum,
351 2049 499 2141 talisque
522 2054 586 2121 sim
608 2043 721 2143 qualis
741 2070 822 2121 esse
842 2050 953 2145 cupio.
974 2049 1099 2141 Magna
1118 2070 1176 2120 res
1200 2052 1252 2121 fa-

173 2183 247 2244 teor
263 2184 299 2243 et
314 2170 465 2265 optanda
479 2171 613 2243 facilius
631 2191 736 2264 qnam
752 2171 935 2266 speranda.
954 2172 1047 2243 luter
1062 2171 1128 2243 bas
1146 2170 1252 2263 igitur

173 2314 278 2364 curas
298 2314 393 2383 agor,
410 2313 504 2386 saepe
524 2293 655 2364 interea
675 2295 786 2365 Deum
803 2312 909 2365 orans
928 2293 1101 2386 quidquid
1117 2294 1162 2366 de
1181 2303 1254 2365 slu-

172 2414 240 2487 diis
261 2416 425 2506 famaque
450 2413 662 2497 decreverit,
685 2409 723 2485 ut
747 2411 875 2487 bonum
896 2415 1101 2508 facilemque
1126 2427 1163 2489 et
1188 2415 1252 2488 sibi

171 2537 333 2631 placitum
356 2536 416 2608 det
439 2535 589 2618 exitum,
608 2556 676 2608 neu
698 2546 747 2608 tot
767 2559 823 2609 me
844 2538 970 2609 totiens
985 2539 1151 2631 periculis
1172 2560 1252 2609 eru-

173 2671 244 2732 tum
266 2661 300 2730 in
319 2658 387 2732 fine
405 2659 587 2744 destituat,
601 2672 637 2731 et
654 2679 748 2754 saepe
766 2660 945 2753 suspirans
963 2659 1046 2731 illud
1059 2660 1128 2732 sibi
1145 2661 1250 2732 Davi-

171 2782 287 2855 dicum
309 2783 515 2856 insusurret
536 2783 587 2852 Ne
604 2783 765 2876 proficias
781 2805 832 2852 rae
851 2785 888 2853 ic
906 2794 1047 2876 tempore
1066 2788 1251 2869 senectutis,

64 2881 66 2887 ¹
172 2925 247 2975 cum
267 2904 421 2996 defecerit
437 2907 544 2975 virtus
566 2927 637 2975 meo
658 2927 700 2974 ne
716 2903 921 2996 derelinquas
936 2927 1005 2988 me;
1018 2915 1053 2975 el
1069 2904 1172 2978 illud:
1187 2907 1253 2977 Do·

173 3028 269 3096 cuisti
288 3049 340 3096 me
360 3050 382 3097 c
401 3028 574 3097 iuventute
592 3049 668 3098 mac
688 3038 719 3096 et
737 3047 839 3119 usque
858 3047 948 3097 cunc
969 3037 999 3097 et
1018 3048 1121 3119 usque
1144 3030 1183 3098 ic
1201 3050 1254 3099 se·

172 3159 300 3219 extum
314 3160 345 3218 at
359 3151 504 3234 renium,
522 3149 611 3218 Deus
628 3169 670 3219 nc
681 3147 891 3241 derelinques
906 3172 968 3220 me.
983 3150 1253 3222 Nihilaffectuo·

173 3270 249 3342 sius
270 3281 402 3356 tamen,
430 3272 514 3341 nihil
535 3273 664 3365 saepius
691 3293 812 3366 precor
835 3294 938 3364 quam
966 3294 1010 3343 ne
1034 3273 1252 3365 derelinquat

173 3395 207 3463 in
228 3405 348 3464 morte.
369 3394 462 3478 Haec,
481 3395 587 3467 frater
603 3396 745 3488 optime,
766 3417 903 3468 summa
920 3404 976 3465 est
994 3393 1072 3465 eius
1089 3417 1190 3487 quem
1212 3405 1249 3466 tu

173 3525 317 3600 statum,
339 3536 406 3607 ego
426 3539 567 3589 cursum
589 3538 653 3590 seu
673 3521 793 3591 verius
813 3539 934 3590 casum
961 3538 1060 3588 voco.
1082 3516 1149 3588 Sed
1170 3518 1251 3610 quia
1332 3534 1336 3539 ·

172 3639 218 3711 de
232 3637 378 3728 singulis
397 3641 635 3734 scrupulosius
652 3643 794 3733 quaeris,
814 3640 931 3732 accipe
947 3651 1084 3712 caetera.
1100 3640 1252 3734 Corpore

172 3762 275 3833 valeo
294 3781 336 3832 eo
357 3782 481 3853 usque,
495 3770 535 3832 ul
554 3763 638 3832 illud
659 3762 704 3834 ad
725 3764 872 3856 plenum,
889 3783 1005 3855 neque
1024 3761 1094 3833 iarn
1112 3762 1254 3854 gravior

173 3885 311 3956 animus
332 3893 490 3978 aelasqoe
511 3885 732 3977 tranquillior,
755 3906 869 3978 neque
888 3885 1096 3957 abstinentia
1117 3894 1154 3955 et
1172 3887 1253 3976 iuge

172 4004 300 4079 bellum
319 4009 566 4101 perdomuerit,
585 4009 680 4100 quod
696 4007 744 4078 illi
760 4007 1065 4080 contumacissimo
1082 4007 1253 4079 rebellan-

175 4127 268 4216 tique
290 4130 601 4225 mancipio'indixi,
625 4153 688 4203 seu
710 4129 914 4214 calcitranti,
939 4138 977 4201 ut
994 4131 1134 4224 proprie
1154 4130 1252 4202 dixe·

175 4247 255 4328 rim,
277 4253 395 4320 asello.
421 4254 561 4325 Christo
582 4253 720 4326 tandem
742 4254 830 4325 duce
849 4251 1064 4338 domabitur,
1087 4254 1251 4343 sineque

174 4369 308 4463 absque
325 4371 394 4440 ulla
414 4372 628 4447 dubitatione
647 4377 714 4448 sibi
733 4377 1005 4462 succumberem,
1025 4386 1064 4447 ut
1084 4375 1248 4448 solebam.

175 4493 229 4564 Sic
250 4512 304 4564 mc
325 4488 447 4562 crebro
468 4511 513 4560 ex
536 4493 688 4568 hibernis
711 4497 745 4568 in
771 4499 877 4570 aciem
902 4509 1054 4583 revocat,
1089 4500 1253 4590 cogitque
