2738 5062
142 718 201 779 :llll
479 730 518 778 ne
540 730 640 776 anans
663 728 883 777 sallinraniers

141 869 297 941 daturus.
321 867 497 938 Postremo
517 885 772 957 quemeumque
793 863 887 935 illurn
914 861 1048 954 tingere
1070 864 1224 937 volueri-

143 1012 224 1062 mus
245 1009 336 1061 unus
353 996 419 1059 est.
438 986 549 1069 Quam
567 983 665 1056 multi
683 994 799 1057 autem
817 995 937 1057 vestro
954 983 988 1055 in
1008 983 1134 1078 populo
1151 985 1224 1057 lor·
1310 988 1313 993 ’

145 1114 263 1195 tiores,
284 1119 321 1182 et
340 1120 520 1201 gestarum
542 1129 657 1178 rerum
680 1106 988 1198 gloriaclarioreS,
1016 1116 1051 1177 et
1071 1128 1223 1199 quorum

143 1236 178 1306 in
198 1234 331 1304 vertice
352 1232 475 1303 melius
493 1230 655 1304 diadema
671 1229 913 1322 resplendeat?
929 1230 979 1302 lte
990 1229 1101 1320 ,igitur
1117 1230 1226 1302 intre·

144 1356 234 1450 pide.
249 1355 351 1427 Nudo
369 1353 564 1425 vobiscum
583 1353 721 1426 nomine
736 1352 865 1426 bellum
883 1362 949 1427 est.
968 1354 1120 1446 Corpora
1138 1353 1224 1425 vive

143 1478 289 1562 vicistis,
313 1475 455 1548 umbras
477 1497 521 1547 ue
543 1475 729 1559 timebitis?
749 1478 798 1549 lte
819 1475 974 1559 feliciter,
996 1476 1223 1568 nequeenim

143 1600 189 1673 ad
209 1599 336 1672 bellum
356 1599 429 1683 itis,
453 1598 515 1671 sed
536 1597 582 1669 ad
602 1596 683 1668 belli
704 1597 857 1690 praemia.
880 1599 930 1669 lte
955 1597 1114 1670 celeriter
1136 1595 1233 1673 dum.

144 1732 282 1816 tempus
301 1732 368 1793 est.
386 1721 424 1791 ln
441 1722 552 1793 civem
574 1720 667 1791 enim
685 1719 735 1791 uti
753 1719 843 1791 scire
863 1719 1006 1792 victoria
1022 1720 1222 1803 crudelitas,

144 1846 177 1917 in
199 1845 335 1916 hostem
356 1843 491 1916 nescire
516 1841 680 1915 vecordia
706 1851 771 1913 est.
799 1841 861 1914 llio
885 1854 955 1925 est,
982 1841 1139 1934 inquam,
1166 1843 1224 1915 ille

143 1989 205 2038 rex
227 1967 382 2039 insolens
403 1965 573 2037 foederum
593 1972 810 2055 contemptor
826 1985 867 2037 ac
887 1962 981 2047 fidei,
1000 1963 1057 2034 hie
1074 1965 1224 2057 populus

143 2090 239 2183 pacis
260 2089 456 2183 impatiens,
480 2088 556 2158 baec
581 2088 729 2160 scelesta
754 2085 880 2159 classis
904 2085 1025 2178 impia,
1053 2084 1087 2155 bi
1113 2085 1225 2159 vestri

142 2220 178 2281 et
198 2208 325 2304 publici
345 2209 467 2280 hostes
494 2219 585 2280 sunt.
619 2210 664 2279 Et
690 2230 752 2281 vos
782 2207 884 2283 simul
911 2218 946 2278 et
972 2204 1222 2300 rempublicam

144 2330 332 2413 vindicate,
354 2340 390 2400 et
410 2328 473 2400 hos
495 2329 664 2402 barbaros
686 2351 878 2422 agnoscere
898 2329 1025 2420 cogite,
1049 2350 1088 2401 se
1105 2350 1225 2401 amen-

144 2463 198 2524 tes
210 2452 383 2524 adversus
400 2450 564 2522 iustitiam
578 2461 614 2521 et
628 2461 779 2523 armatos
793 2452 888 2524 viros
902 2451 1031 2522 bellum
1043 2450 1224 2542 indignum

144 2597 185 2646 ao
206 2574 372 2647 netarium
395 2573 606 2666 suscepisse.
627 2573 842 2644 Venetorum
862 2596 949 2646 auro
975 2572 1162 2655 attonitos,
1189 2583 1224 2645 et

143 2719 237 2770 caeoa
256 2696 417 2790 cupidine
438 2696 627 2768 alienarum
650 2717 754 2789 opum
775 2696 925 2790 propriae
946 2695 1082 2768 interim
1102 2694 1223 2767 condi·

145 2820 249 2892 tionis
285 2819 430 2903 oblitos,
466 2818 604 2911 publice
635 2818 799 2911 poeniteat
831 2839 1021 2912 pancorum
1053 2818 1218 2897 insaniae,

144 2940 402 3034 praecipitisque
422 2939 570 3026 consilii,
605 2950 640 3012 et
669 2940 704 3011 in
737 2962 821 3014 suos
855 2939 1049 3033 proditores
1075 2948 1221 3031 experta

144 3063 324 3136 vobiscum
345 3064 525 3136 infeliciter
545 3067 613 3136 tela
637 3072 855 3137 convertant:
877 3066 1022 3134 timeant
1052 3063 1088 3133 in
1121 3071 1224 3135 aeter·

143 3210 224 3259 num
244 3209 313 3259 non
335 3196 466 3258 tantum
489 3206 586 3257 arma
607 3197 726 3258 vestra
744 3187 808 3259 sed
828 3207 965 3258 nomen.
988 3186 1115 3258 Contra
1139 3207 1224 3259 con·

143 3311 364 3381 suetudinem
386 3331 500 3381 meam
521 3312 654 3403 loquor,
676 3310 837 3383 ardentes
851 3311 1003 3384 accendo
1015 3321 1051 3384 et
1063 3311 1222 3387 stimulos

143 3429 363 3502 currentibus
384 3433 491 3517 addo;
512 3433 606 3526 quod
625 3433 717 3506 enim
739 3431 871 3506 suadeo
895 3435 963 3505 iam
989 3433 1159 3528 coepistis,
1186 3442 1223 3505 et

144 3552 296 3645 pulchris
313 3552 381 3622 iam
398 3554 534 3626 fortuna
551 3556 726 3649 principiis
743 3554 909 3650 adspirat.
925 3557 1020 3629 lllam
1040 3565 1221 3629 vocantem

143 3672 316 3745 indefessa
338 3675 465 3746 virtute
485 3677 679 3768 sequimini.
701 3679 768 3762 Qui
801 3699 939 3772 semper
972 3679 1067 3772 pacis
1099 3691 1221 3752 auctor

116 3785 224 3869 'esse
245 3799 352 3881 soleo,
376 3820 468 3869 nuno
488 3796 634 3872 tidenter
666 3800 733 3872 boo
765 3800 931 3884 dixerim;
951 3801 1096 3894 expedit
1117 3801 1219 3874 vobis

143 3920 199 3990 vel
220 3919 299 4006 ista,
324 3923 379 3995 vel
401 3922 525 3995 similia
546 3923 638 3993 iusta
658 3921 749 3995 bella
769 3945 838 3998 non
858 3925 956 3997 mori.
978 3924 1116 4016 Rubigo
1135 3924 1222 3997 civi·
1315 3914 1322 3930 '

143 4042 187 4115 lis
204 4055 352 4120 externo
373 4045 491 4119 labore
511 4046 721 4138 detergitur;
742 4048 861 4119 nescio
880 4046 966 4141 quid
991 4044 1094 4119 vobis
1115 4045 1222 4119 animi

141 4175 212 4237 est:
232 4178 364 4242 vestrae
383 4192 452 4254 me,
474 4152 599 4254 lateor,
620 4169 764 4248 iniuriae¹
777 4169 1000 4244 exacerbant.
1023 4171 1144 4263 leque
1163 4189 1223 4262 pe-

141 4310 236 4362 ream
258 4291 289 4361 si
308 4291 343 4361 iu
362 4292 416 4363 bis
437 4291 560 4364 litteris
582 4294 685 4365 ullum
706 4292 803 4387 pacis
823 4292 979 4384 legeritis
996 4291 1221 4367 mentionem.

141 4411 229 4506 Opto
248 4411 350 4485 vobis
370 4414 584 4486 incruentam
605 4413 651 4488 de
670 4413 805 4510 perfido
825 4415 927 4488 hoste
948 4414 1138 4488 victorium.
