2738 5062
147 674 154 690 ’
202 659 261 722 llll
545 671 586 718 nu
608 672 708 721 uanus
730 672 950 722 rnnrnrnnrnus

201 812 274 882 leuc
302 811 528 882 christianum
561 831 672 902 genus
698 830 801 879 omne
826 808 1010 879 contraxit.
1036 806 1083 880 At
1106 830 1150 880 ne
1176 812 1280 885 taedio

204 934 298 1004 solus
319 931 525 1024 peregrinus
541 931 709 1014 afficerer,
728 929 858 1022 aliquot
874 929 958 1001 mihi
976 953 1033 1003 me
1048 931 1195 1005 comites
1210 936 1280 1007 ela

202 1075 334 1144 geram,
357 1076 503 1147 quorum
524 1062 607 1125 natu
625 1050 788 1144 grandior
808 1051 981 1143 religiosae
1002 1054 1193 1126 senectutis
1217 1055 1281 1128 ob·

203 1186 315 1262 tentu,
334 1178 420 1248 alter
433 1175 576 1248 scientia
592 1173 831 1267 lacundiaeque
850 1172 1025 1259 vehiculo,
1040 1177 1281 1272 caeteriexpe-

203 1302 324 1372 rientia
348 1300 525 1392 agibilium
552 1307 587 1371 et
612 1296 705 1369 fideli
729 1296 899 1389 obsequio
918 1298 1056 1369 lenituri
1081 1321 1184 1371 omne
1204 1301 1278 1387 iter,

201 1423 279 1494 licet
295 1421 535 1516 asperrimum,
551 1419 771 1491 videbantur.
793 1416 849 1488 Sic
866 1415 950 1486 mihi
966 1418 1189 1515 provideram
1205 1444 1281 1494 ma-

202 1555 278 1617 turo
299 1544 426 1635 magis,
450 1552 488 1613 ut
507 1555 654 1615 eventus
675 1541 805 1626 docuit,
827 1562 931 1632 quam
949 1541 1041 1614 selici
1060 1544 1214 1617 consilio.
1234 1548 1281 1620 Et

200 1667 292 1738 ibam
305 1667 452 1739 ferventi
466 1666 581 1737 animo
594 1666 770 1758 positurus
783 1665 851 1735 iam
867 1665 1006 1737 tandem
1027 1666 1171 1759 piaculis
1191 1671 1279 1742 meis

200 1788 316 1862 linem.
338 1791 410 1862 Nec
429 1790 536 1871 enim,
559 1798 597 1860 ut
616 1788 665 1859 ait
683 1789 842 1873 Flaccus,

456 1973 564 2036 lusisse
580 1971 687 2054 pudet,
705 1971 759 2039 sod
777 1986 837 2032 non
855 1970 989 2034 incidere
1004 1971 1125 2037 ludum:

197 2161 292 2255 quod
317 2163 467 2254 prolecto
491 2161 721 2256 propositum,
757 2170 796 2232 ut
828 2183 945 2255 spero,
973 2162 1057 2232 nihil
1082 2163 1194 2256 potnit
1217 2175 1279 2237 aut

198 2283 324 2376 poterit
343 2284 528 2356 immutare
543 2286 693 2356 fortuna:
708 2284 827 2355 allidat
845 2284 996 2379 scopulis
1010 2305 1224 2379 quamquam
1240 2299 1278 2361 et

197 2415 342 2478 cruento
366 2407 509 2478 cerebro
542 2428 630 2479 saxa
660 2427 880 2498 respergens
908 2409 1034 2480 laceret
1057 2409 1124 2480 hoc
1151 2410 1277 2485 infesta

196 2528 456 2622 corpusculum,
492 2528 545 2599 sui
574 2527 716 2622 quidem
737 2547 778 2597 ac
803 2547 946 2597 suarum
972 2551 1090 2600 rerum
1116 2530 1275 2626 spiritum

196 2661 466 2744 contemptorem
485 2662 585 2723 eruet
599 2652 762 2736 sortasse,
777 2672 846 2721 non
860 2651 1044 2744 opprimet;
1057 2663 1092 2724 et
1109 2656 1276 2747 languere

196 2781 292 2844 artus
315 2772 492 2867 saepicule,
512 2774 665 2846 animum
684 2784 857 2865 aegrotare
874 2796 1050 2867 nunquam
1068 2786 1181 2866 coget.
1199 2778 1275 2850 Non

194 2896 368 2968 modicum
390 2919 475 2968 sane
495 2920 628 2992 nuper,
650 2918 694 2967 ne
716 2896 863 2991 amplius
883 2898 1125 2992 expectatione
1150 2900 1275 2993 fatige-

194 3019 255 3104 ris,
276 3021 310 3089 in
327 3042 452 3113 corpus
470 3043 587 3092 meum
606 3021 652 3091 illi
670 3021 774 3092 licuit.
797 3019 975 3112 Siquidem
988 3020 1135 3093 Vulsino
1151 3042 1273 3114 egres·

194 3163 269 3226 sus,
284 3144 378 3235 quod
394 3164 486 3214 nunc
503 3166 652 3237 parvum
670 3150 705 3214 et
721 3140 872 3234 ignobile
888 3141 1067 3238 oppidum,
1082 3143 1163 3215 olim
1182 3145 1273 3217 inter

193 3264 343 3335 Etruriae
362 3263 475 3354 capita
495 3273 715 3335 numeratum
740 3274 810 3349 est,
839 3286 972 3336 sacram
1001 3265 1123 3336 urbem
1149 3267 1272 3359 quinto

193 3386 336 3456 visurus
357 3386 514 3456 alacriter
534 3385 750 3458 festinabam.
771 3388 882 3458 Unum
899 3388 965 3459 hoc
981 3387 1171 3461 identidem
1191 3412 1270 3462 cum

194 3510 309 3579 animo
326 3529 404 3578 meo
425 3517 591 3579 tractans:
613 3531 693 3580 cccc
720 3517 757 3579 ut
784 3520 871 3582 aetas
894 3521 1011 3581 nostra
1033 3510 1163 3582 sensim
1186 3511 1271 3584 labi-

193 3639 429 3704 tumescent
454 3651 510 3701 res
536 3639 571 3701 et
595 3631 737 3702 consilia
764 3630 941 3702 hominurn
969 3639 1163 3703 mutantur:
1189 3652 1270 3705 ecco

191 3776 295 3847 quam
317 3774 441 3824 verum
461 3753 630 3846 estquod
650 3754 685 3824 in
706 3752 871 3826 bucolicis
892 3753 979 3824 meis
1001 3753 1140 3849 scripsi:

609 3949 749 4015 Studium
765 3949 900 4013 iuvenile
915 3957 1044 4015 senecta

349 4048 502 4129 Displicet,
521 4057 551 4119 et
568 4049 685 4113 variant
701 4066 784 4112 curae
802 4049 939 4115 variante
956 4047 1071 4129 capillo,

189 4248 340 4331 Quartus
361 4247 516 4320 decimus
538 4270 650 4322 annus
676 4260 801 4320 estex
827 4269 897 4341 quo
922 4250 1066 4320 Romam
1102 4249 1266 4321 miracula

190 4392 305 4441 rerum
330 4369 512 4442 dumtaxat
534 4371 676 4444 videndi
701 4371 876 4443 desiderio
902 4372 1053 4464 primum
1080 4373 1174 4442 veni.
1206 4373 1266 4442 Se-

189 4492 303 4563 cundo
324 4516 379 4565 me
400 4494 480 4577 huc,
502 4495 631 4587 aliquot
650 4494 750 4565 annis
770 4493 973 4577 interiectis,
995 4494 1113 4566 nescio
1133 4515 1176 4565 an
1204 4495 1265 4564 im·
