2738 5062
432 752 524 802 murm
545 753 905 805 necinus—mussona
927 757 969 804 ur.
1203 751 1241 813 75

157 893 331 962 minorum
359 886 537 959 consortio
564 886 811 961 excluduntur.
838 891 965 964 Credo:
992 891 1043 965 sic
1065 895 1157 967 enim
1185 919 1242 970 so·

155 1022 236 1086 nant
255 1009 384 1096 verba,
402 1021 439 1082 et
456 1009 628 1082 bonorum
652 1013 815 1104 exempla
839 1012 885 1086 de
909 1013 1006 1087 libris
1037 1037 1106 1087 non
1131 1038 1240 1109 pauca

153 1132 368 1225 colligimus
389 1152 455 1202 uec
482 1131 518 1205 id
546 1131 685 1225 quidem
717 1133 854 1224 ignoro,
876 1155 991 1228 neque
1012 1136 1239 1230 scriptoribus

154 1253 258 1328 iidem
272 1275 386 1347 nego;
401 1252 473 1338 sed,
489 1254 565 1326 sive
578 1266 772 1347 temporum
791 1256 953 1340 mutatio,
968 1258 1044 1331 sive
1058 1280 1146 1345 sors,
1161 1261 1238 1333 sive

154 1374 371 1470 impatientia
390 1396 469 1448 mea
487 1386 556 1461 est,
575 1397 642 1469 ego
659 1376 787 1450 bonum
802 1400 945 1451 servum
962 1403 1139 1474 nunquam
1153 1384 1237 1457 vidi.

153 1501 284 1585 Quaero
304 1509 438 1585 mmen,
457 1509 495 1571 et
514 1498 544 1571 si
563 1501 651 1572 torte
674 1501 801 1574 obvius
827 1502 941 1581 luerit.
968 1505 1066 1575 velut
1088 1526 1237 1579 occursu

153 1620 307 1717 bicipitis
326 1621 480 1694 hominis
505 1622 761 1716 obstupescam.
782 1625 829 1697 At
844 1647 888 1696 ne
905 1626 985 1719 quis
1005 1625 1072 1699 boc
1087 1629 1148 1700 vel
1169 1649 1237 1701 saa·

152 1744 252 1816 vitiae
277 1746 334 1816 vel
363 1743 511 1816 desidiae
528 1767 617 1818 meaa
642 1746 802 1839 imputet,
820 1748 936 1820 omnia
954 1751 1100 1835 tentavi,
1122 1773 1237 1844 neque

153 1866 271 1939 minus
289 1888 358 1959 ego
375 1889 480 1961 quam
503 1867 653 1940 Lucilius
676 1869 890 1941 familiariter
911 1891 989 1941 cum
1014 1871 1128 1943 servis
1149 1872 1236 1944 meis

152 1989 242 2075 vixi,
259 2000 297 2061 et
314 1987 360 2060 ad
379 1989 561 2062 consilium
579 2000 615 2061 et
634 1991 680 2064 ad
699 1990 1030 2076 contabulationem,
1052 2002 1088 2063 et
1104 1993 1148 2064 ad
1165 2015 1239 2064 em-

153 2131 235 2180 nam
256 2109 335 2181 illos
359 2108 500 2195 admisi,
527 2134 655 2206 meque
682 2112 795 2207 ipsum
820 2124 856 2185 et
884 2136 941 2186 res
971 2136 1068 2186 meas
1098 2114 1235 2187 illorum

152 2233 236 2306 fidei
254 2233 426 2321 commisi,
449 2233 640 2331 fidelesque
662 2247 700 2307 ut
719 2238 883 2322 lacerem,
905 2237 1056 2311 credidi:
1078 2261 1144 2309 nec
1158 2261 1235 2310 cre-

151 2354 269 2427 dendo
296 2355 444 2447 proleci3
478 2357 562 2449 quin
596 2357 712 2450 potius
738 2379 796 2431 ars
819 2359 932 2432 omnis
958 2359 993 2430 in
1019 2359 1233 2431 contrarium

152 2495 261 2545 versa
280 2484 345 2545 est.
371 2475 557 2547 Servorum
581 2477 674 2549 enim
701 2500 722 2549 a
742 2479 912 2574 colloquio
933 2502 1011 2552 meo
1036 2503 1137 2553 nemo
1164 2502 1233 2551 non

151 2594 327 2687 procacior
344 2594 520 2680 discessit,
539 2617 642 2670 nemo
662 2619 732 2671 non
752 2602 988 2673 contumacior
1006 2623 1141 2675 acoena
1155 2623 1233 2673 sur-

148 2717 254 2802 rexit,
272 2725 310 2790 ct
322 2727 361 2790 ut
372 2717 585 2792 familiaritas
602 2719 805 2806 insolentes,
824 2722 876 2794 sic
895 2721 1021 2795 fiducia
1039 2727 1134 2795 iures
1150 2744 1232 2794 esse

148 2840 276 2913 docuit.
295 2841 339 2913 Ut
357 2862 445 2933 ergo
465 2842 609 2915 Senecae
630 2842 674 2914 de
700 2844 790 2928 suis,
819 2844 869 2915 sic
894 2844 979 2914 mihi
1005 2845 1050 2917 de
1077 2845 1164 2913 meis
1197 2853 1232 2914 et

148 2974 352 3035 cunctorum
378 2964 506 3051 servis,
533 2986 657 3037 omnes
676 2965 770 3034 enim
792 2967 878 3048 lere,
903 2965 1021 3035 nescio
1042 2962 1229 3057 quomodo,

147 3097 364 3180 parescunt,
388 3108 474 3159 vera
498 3086 593 3182 loqui
613 3086 724 3160 liceat.
751 3086 829 3176 Ego
854 3084 995 3178 quidem
1021 3086 1131 3155 lateor
1156 3107 1231 3157 ser-

147 3206 209 3278 vili
227 3206 421 3301 pervicacia
443 3211 489 3281 nil
510 3210 689 3282 molestius
710 3205 870 3304 patierin
887 3204 971 3277 vita.
993 3205 1230 3279 Caeteraenim

147 3327 239 3401 bella
259 3328 417 3402 inducias
442 3330 592 3403 habent:
622 3353 703 3403 cum
725 3328 928 3402 domesticis
959 3327 1121 3401 hostibus
1154 3327 1230 3400 sine

146 3448 406 3524 intermissione
438 3474 657 3547 pugnamus3
691 3451 853 3547 quamvis
885 3472 956 3523 non
988 3450 1054 3522 sim
1089 3450 1229 3524 nescius

146 3592 251 3667 raquo
261 3573 377 3646 animo
389 3575 661 3648 serendumesse
672 3574 767 3670 quod
781 3574 945 3647 maximis
960 3574 1046 3645 viris
1059 3573 1229 3646 accidisse

147 3694 263 3767 video.
282 3695 417 3791 Nempe
435 3708 473 3769 et
490 3698 651 3795 Ulyssem
670 3697 726 3770 illa
746 3697 857 3793 prima
877 3708 981 3769 aetata
994 3719 1100 3790 quam
1113 3696 1229 3767 heroi-

148 3836 226 3888 cam
245 3828 382 3903 vocant,
413 3819 501 3890 inter
522 3821 650 3892 multos
670 3840 761 3913 quos
788 3818 954 3891 sustinuit
978 3815 1130 3895 labores,
1153 3838 1229 3888 ser·

147 3960 274 4012 vorum
313 3951 349 4013 et
389 3941 590 4014 ancillarum
627 3964 768 4037 quoque
801 3941 1016 4014 contumeliis
1049 3939 1225 4022 affectum,

144 4063 328 4136 clarissimi
354 4065 544 4157 loquuntur
571 4076 754 4138 auctores:
783 4073 821 4135 et
848 4065 914 4135 hoc
940 4062 1123 4134 recentiori
1147 4083 1227 4134 mvo

144 4184 343 4259 Fridericus
363 4207 530 4259 romanus
549 4187 733 4281 imperator
750 4187 795 4258 de
816 4206 1000 4256 servorum
1022 4182 1172 4267 iniuriis,
1189 4193 1227 4255 ut

142 4308 232 4381 lama
263 4311 346 4394 lert,
379 4309 503 4379 vivens
528 4308 750 4400 moriensque
775 4314 988 4399 conquestus
1021 4316 1087 4378 est.
1116 4306 1227 4377 Caetc-

141 4450 216 4504 rum
237 4433 318 4504 haec
339 4452 523 4505 servorum
541 4430 698 4505 incidens
715 4430 857 4522 querela
874 4428 941 4501 hoc
959 4431 1041 4521 agit,
1055 4441 1094 4501 ut
1108 4437 1141 4499 te
1153 4427 1226 4499 leli-

140 4573 211 4625 cem
234 4553 345 4637 scias,
367 4551 428 4644 qni
447 4552 565 4624 servili
587 4550 771 4648 tyrannide
790 4548 966 4635 liberatus,
989 4549 1168 4623 levissimo
1185 4568 1225 4617 ac
