2738 5062
379 652 474 700 einen
496 652 919 701 occursurus-uersrous
943 655 983 701 ιιι.
1169 646 1223 705 tte

141 790 329 863 deterrere.
353 790 433 880 Ego
456 811 662 879 veroquam
686 791 887 881 longissime
906 803 1054 865 terrores
1080 806 1221 867 cunctos

142 932 276 995 amco,
314 932 547 1002 meorumque
571 911 768 1005 pectoribus
806 913 930 985 abesse
963 917 1077 1009 cupio,
1119 917 1223 1011 idque

139 1035 306 1110 omnibus
327 1034 444 1105 modis
465 1055 545 1124 ago:
566 1046 601 1105 et
621 1035 763 1106 obeam
788 1059 928 1109 causam
950 1040 983 1108 in
1007 1041 1125 1132 primis
1147 1044 1222 1134 pbi-

142 1158 338 1255 losopbiam
357 1180 449 1241 amo,
468 1181 535 1229 non
553 1157 642 1228 illam
662 1162 852 1251 loquacem,
873 1163 1122 1247 scholasticam,
1139 1188 1223 1235 ren-

144 1294 272 1367 tosam,
296 1303 367 1374 qua
390 1281 570 1353 ridiculum
591 1281 624 1351 in
646 1285 784 1353 modurn
808 1285 1011 1356 litteratores
1033 1288 1139 1358 nostri
1164 1311 1222 1357 su-

143 1405 324 1499 perbiunt3
344 1404 408 1474 sed
426 1426 557 1487 veram,
585 1413 620 1473 et
644 1428 712 1475 non
739 1405 774 1475 in
800 1405 897 1476 libris
925 1418 1071 1492 tantum,
1101 1412 1164 1481 sed
1190 1411 1223 1479 in

143 1527 271 1598 animis
297 1525 527 1610 habitantem,
564 1538 668 1619 atque
703 1527 736 1595 in
769 1526 875 1599 rebus
908 1531 1065 1622 positam,
1095 1553 1165 1601 non
1189 1531 1222 1602 in

144 1648 279 1733 verbiS,
300 1647 401 1719 culus
420 1649 501 1720 illud
522 1650 734 1745 praecipuum
756 1676 883 1723 munus
904 1677 998 1737 reor,
1021 1656 1223 1726 Tusculanis

144 1770 441 1867 disputationibus
461 1773 642 1855 insertum,
660 1775 754 1865 quod
769 1775 898 1845 scilieet
916 1776 1071 1846 medetur
1088 1776 1222 1858 animis,

145 1894 267 1967 inanes
288 1894 538 1965 sollicitudines
558 1896 720 1979 detrabit,
743 1896 986 1987 cupiditatibus
1005 1896 1138 1981 liberat,
1155 1901 1225 1991 pel-

145 2019 183 2089 lit
202 2019 360 2090 timores.
383 2018 474 2101 Quid
494 2023 602 2109 orgo?
623 2021 672 2089 lta
695 2020 875 2111 pellendus
894 2033 948 2092 est
966 2021 1066 2092 timor
1086 2032 1125 2093 ut
1144 2044 1225 2093 eau-

146 2140 193 2211 tio
205 2162 274 2213 non
287 2140 448 2231 pellatur.
464 2140 506 2209 L't
519 2140 610 2210 enim
627 2141 793 2226 timidum,
807 2144 972 2235 ignaviae3
988 2146 1036 2223 sic
1051 2146 1222 2216 incautum

147 2260 434 2346 esse,dementiae
447 2273 511 2333 est.
531 2265 681 2334 Putasne
697 2277 811 2336 autem
830 2266 865 2335 in
884 2268 947 2339 bac
960 2269 1015 2340 via
1031 2269 1223 2340 subsistere

152 2386 290 2473 licitum,
312 2398 373 2458 aut
394 2386 528 2477 vagari,
548 2397 607 2459 aut
628 2388 815 2475 divertere,
835 2391 1053 2485 propriisque
1072 2394 1133 2461 vix
1152 2392 1224 2462 usi-

148 2510 211 2583 bus
245 2510 473 2583 suffecturum
507 2510 650 2602 ingratis
684 2514 801 2605 pueris
836 2523 972 2607 tempus
1002 2514 1226 2606 impendere?

145 2634 232 2705 Cum
262 2636 426 2715 molesto,
463 2645 532 2703 tum
567 2635 700 2706 intinito
733 2635 878 2725 negocio
911 2636 1067 2706 addictus
1088 2659 1137 2706 es.
1161 2637 1224 2705 Ubi

145 2759 234 2831 istos
252 2756 442 2838 crudieriS,
466 2768 649 2847 emergent
674 2757 745 2839 alii,
774 2759 958 2847 nullusque
983 2780 1136 2848 unquam
1161 2757 1226 2826 erit

147 2878 243 2965 linis,
262 2880 298 2951 in
320 2891 441 2951 nostra
464 2881 548 2950 urbe
569 2878 777 2973 praesertim,
800 2879 912 2948 omnis
935 2901 1043 2947 sexus
1061 2886 1097 2946 et
1112 2879 1224 2948 aetatis

148 3003 371 3095 maximeque
392 3025 577 3094 puerorum
596 3000 824 3084 feracissima,
847 3011 886 3070 ut
906 3000 1002 3071 sanis
1026 3001 1225 3093 truncisque

146 3148 211 3197 scu
233 3136 341 3199 vento
368 3127 518 3218 genitos,
547 3138 607 3197 aut
632 3128 736 3196 Italos
766 3125 862 3195 dicas
888 3144 968 3194 esse
990 3122 1224 3193 llirmidones.

147 3248 261 3321 Crede
283 3249 382 3319 mibi:
405 3249 448 3319 ad
471 3248 573 3331 aliud,
596 3248 663 3317 nisi
683 3248 893 3331 dissimulas,
916 3256 1019 3316 natus
1040 3267 1134 3329 eras,
1153 3266 1226 3315 ma-

146 3372 275 3467 iusque
297 3372 358 3443 tibi
378 3373 576 3464 clariusque
598 3372 777 3464 negocium
805 3370 1007 3443 debebatur.
1031 3373 1073 3440 Ut
1097 3393 1224 3463 pueros

146 3496 313 3580 docereS,
336 3498 472 3566 lortuna
492 3496 632 3587 quidem
654 3517 734 3565 esse
761 3495 873 3589 potuit
899 3505 973 3566 tua:
1000 3507 1122 3565 natura
1148 3517 1227 3588 pro-

146 3622 251 3704 lecto,
267 3620 354 3691 dum
368 3630 401 3690 tc
416 3619 449 3688 in
465 3620 575 3690 lucem
596 3620 768 3703 educeret,
791 3620 834 3689 ad
857 3620 951 3690 aliud
970 3619 1154 3711 cogitabat..
1176 3618 1227 3687 llli

147 3741 340 3837 parendum
365 3751 401 3811 ut
420 3741 499 3813 duci
519 3754 577 3813 aut
594 3743 749 3833 genitrici
769 3745 922 3837 optimae;
944 3747 1098 3826 fortune,
1116 3742 1227 3813 utho-

148 3866 203 3947 sti,
226 3864 337 3937 libera
358 3865 572 3935 contumacia
606 3866 850 3938 resistendum.
878 3869 976 3938 Dicet
996 3878 1110 3938 autem
1132 3866 1227 3957 quis-

149 3989 256 4083 piam:
280 3991 415 4080 ingrate
436 3988 526 4079 agiS,
549 3991 606 4082 qui
642 3991 869 4061 eruditionem
900 4012 920 4059 a
954 3989 1110 4082 patribus
1132 4010 1228 4059 acce-

149 4122 243 4205 ptam
258 4112 408 4204 postcris
426 4113 673 4184 refundendam
693 4135 813 4202 neges
833 4122 869 4180 ct
886 4112 1025 4203 quando
1043 4111 1077 4180 in
1094 4111 1228 4182 eisdem
1266 4118 1270 4127 '

150 4233 342 4305 individuis
364 4256 430 4305 uon
452 4234 539 4320 licet,
562 4235 596 4305 in
619 4235 741 4305 eodem
762 4256 890 4325 genere
913 4234 1063 4306 humano
1084 4235 1228 4325 gratitu-

153 4356 269 4428 dinem
303 4359 543 4430 exercendam.
576 4361 650 4450 ligo
680 4367 795 4427 autem
828 4357 910 4427 nibil
937 4361 1050 4430 minus
1080 4358 1227 4429 bominis

154 4492 238 4571 puto
258 4504 364 4574 quam
387 4483 513 4553 amoris
531 4493 590 4553 aut
608 4480 765 4553 beneficii
780 4480 946 4565 oblivisci,
964 4484 1144 4572 uicemque
1160 4502 1227 4548 non
