2738 5062
356 624 449 674 utut-:u
471 622 753 675 bectuusrssttrttts
765 644 805 659 ···
815 626 967 675 EPiSTObA
990 628 1029 676 b'i.
1178 616 1234 677 '337

155 760 221 832 etsi
241 758 291 833 ab
309 758 453 831 bomine
471 758 604 833 diserto
621 757 738 854 aliqua
763 759 846 855 fingi
872 762 994 858 possit,
1016 784 1101 833 vera
1123 776 1235 835 tamen

149 907 236 958 esse
253 884 396 978 penitus
428 885 522 955 nulia
553 883 678 976 potest)
715 898 855 978 repente
880 895 1034 971 mutatus
1055 886 1170 958 animo
1196 910 1237 958 ac

146 1006 328 1090 moribus
354 1027 424 1079 uon
450 1006 525 1079 sine
551 1007 651 1099 gravi
678 1007 831 1101 periculo
862 1019 1025 1102 metuque
1052 1009 1235 1092 bonorum,

144 1131 259 1203 malis
286 1130 407 1201 favere
432 1139 612 1222 totumque
640 1152 679 1202 se
705 1131 771 1202 iltis
796 1131 940 1204 credere
970 1132 1111 1227 inoepit3
1132 1145 1238 1226 atque

144 1254 291 1325 utinam
333 1275 380 1324 ex
416 1253 515 1324 maiis
551 1274 621 1324 non
656 1255 828 1349 pessimos
864 1255 1049 1346 elegissem
1092 1257 1136 1328 do
1168 1278 1238 1349 quo

138 1378 222 1449 alia
238 1376 347 1448 etiam
366 1375 411 1449 ad
426 1376 587 1448 eumdem
608 1377 754 1469 epistola
774 1399 852 1449 mea
868 1388 931 1462 est,
951 1378 1104 1449 nondum
1126 1382 1238 1475 prola-

141 1520 235 1593 psa,
255 1498 327 1569 iam
349 1509 490 1570 nutante
511 1497 694 1592 republica.
713 1500 782 1572 Sed
799 1500 876 1571 baec
896 1501 1075 1571 hactenus.
1098 1500 1239 1592 Loquor

139 1623 252 1695 enim
270 1620 450 1693 ardentius
482 1632 518 1693 et
550 1644 611 1717 per
639 1622 796 1714 singulos
817 1622 980 1693 orationis
1002 1643 1091 1694 meae
1112 1644 1239 1715 passus

142 1740 332 1825 subsisto,
355 1752 502 1814 moestus
524 1755 562 1815 ut
584 1744 694 1826 vides
718 1743 833 1835 utqui
855 1743 889 1814 in
910 1743 968 1815 illo
989 1743 1064 1814 viro
1083 1743 1236 1813 ultimam

143 1865 331 1937 libertatis
357 1866 481 1938 itaiioae
502 1888 599 1962 spem
621 1888 820 1961 posueram,
844 1864 1030 1960 quamdiu
1055 1876 1134 1936 ante
1155 1865 1240 1937 mihi

146 1989 338 2082 cognitum
359 1989 601 2083 dilectumque,
621 1998 699 2083 post
715 1989 946 2061 clarissimum
967 1989 1051 2061 illud
1074 2010 1163 2085 opus
1182 2010 1241 2061 as·

149 2124 339 2209 sumptum
377 2113 491 2185 colere
528 2123 609 2183 ante
649 2112 736 2184 alios
777 2110 963 2205 mirarique
999 2117 1237 2206 permiseram.

150 2235 313 2328 Ideoque
333 2248 462 2329 quanto
483 2233 595 2326 magis
616 2235 764 2331 speravi,
786 2247 880 2307 tanto
896 2259 988 2307 nune
1006 2237 1117 2329 magis
1138 2236 1239 2308 doleo

154 2380 226 2452 spe
247 2368 435 2452 praerepta;
457 2361 644 2453 fateorque,
666 2359 928 2453 quaiiscumque
949 2356 1102 2445 sit'finis,
1125 2361 1239 2434 adbuc

155 2502 230 2553 uon
255 2501 398 2577 possum
420 2480 623 2574 principium
649 2504 718 2553 nun
744 2482 873 2554 mirari.
900 2482 1004 2554 Venit
1028 2494 1142 2555 autem
1169 2505 1238 2555 non

159 2603 300 2677 vinetus
317 2628 324 2672 :
343 2603 409 2674 boc
428 2626 536 2674 unum
557 2603 667 2675 defuit
687 2604 823 2698 publico
844 2605 988 2700 pudori3
1009 2615 1174 2674 centorum
1196 2627 1239 2675 eo

162 2727 284 2800 babitu
305 2737 344 2799 ut
364 2725 438 2820 spei
458 2724 542 2797 nihil
560 2736 658 2797 esset
682 2727 717 2796 iu
737 2729 840 2817 fuga:
866 2726 971 2818 inque
992 2726 1067 2818 ipso
1087 2726 1239 2797 civitatis

161 2848 326 2941 ingressu
344 2847 390 2919 de
406 2869 463 2919 me
479 2847 645 2940 quaesivit
662 2847 780 2916 infelix
798 2868 841 2917 an
859 2846 893 2915 in
912 2847 1007 2917 ouria
1023 2867 1155 2930 essem,
1176 2867 1239 2917 seu

163 2990 264 3062 opem
284 2971 371 3039 forte
395 2967 547 3061 aliquam
572 2990 619 3038 ex
639 2989 693 3039 me
719 2988 877 3060 sperans
900 2989 980 3060 quae
1000 2970 1034 3039 in
1061 2990 1123 3053 me,
1144 2969 1239 3060 quod

162 3111 229 3182 ego
250 3090 391 3184 quidem
413 3090 580 3174 noverim,
600 3093 693 3163 nulla
713 3102 776 3174 est,
799 3112 862 3162 seu
880 3092 954 3162 sola
974 3091 1103 3163 veteris
1119 3090 1240 3183 eisque

163 3212 249 3308 ipsis
270 3214 306 3285 in
327 3213 412 3286 locis
432 3223 618 3286 eontraetae
644 3213 724 3285 olim
750 3213 911 3286 amicitiae
937 3213 1115 3286 memoria.
1141 3215 1241 3284 Nunc

161 3358 244 3430 ergo
262 3336 328 3407 viri
347 3339 461 3421 saluS,
476 3336 521 3407 de
538 3336 638 3408 ouius
656 3360 762 3409 manu
782 3346 831 3408 tot
849 3338 1053 3431 populorum
1072 3339 1167 3408 salus
1189 3335 1240 3406 in-

164 3460 415 3553 eolumitasque
448 3458 657 3555 pendebant,
684 3461 728 3532 de
758 3459 918 3533 manibus
947 3460 1075 3557 pendet
1107 3459 1239 3532 alienis.

166 3583 240 3655 Vita
267 3582 370 3655 simui
403 3593 439 3655 et
470 3585 561 3655 sama
587 3583 663 3657 eius
696 3584 732 3655 in
764 3583 928 3677 ambiguo
962 3596 1052 3657 sunt.
1079 3583 1156 3653 Non
1181 3582 1240 3653 ori-

164 3718 266 3777 oertes
304 3717 382 3775 ante
419 3707 569 3777 vibrante
605 3711 771 3780 sententia
809 3709 878 3803 (sia)
916 3711 973 3780 vet
1010 3707 1237 3779 intestabilem

165 3828 255 3903 ilium
296 3830 418 3902 audies
454 3832 511 3902 vel
547 3831 766 3903 extinctum:
805 3832 868 3905 sed
904 3832 1062 3924 extingui
1099 3831 1238 3924 quidem

165 3954 412 4045 cuiuscumque
439 3954 607 4037 mortalis,
631 3954 709 4025 lieet
729 3954 1002 4035 sanctissimum,
1027 3976 1154 4049 corpus
1181 3978 1240 4049 po-

165 4086 248 4151 test:
277 4086 314 4148 at
339 4098 450 4170 neque
476 4089 617 4149 mortem
645 4099 758 4170 neque
783 4076 958 4147 intentam
983 4078 1094 4148 virtus
1122 4078 1237 4149 timet:

163 4191 371 4272 iuviolabitis
411 4210 487 4284 est,
526 4199 608 4271 nulii
646 4221 789 4296 prorsus
827 4199 978 4284 iniuriae,
1015 4202 1119 4273 nullis
1162 4204 1237 4280 telis

160 4320 324 4395 obnoxia.
348 4321 481 4393 Utinam
503 4346 571 4394 non
592 4322 667 4417 ipso
693 4344 794 4393 suum
816 4324 923 4396 decus
945 4327 1000 4396 rel
1021 4325 1156 4398 desidia
1181 4327 1238 4396 uel

159 4444 354 4517 mutatione
382 4444 544 4539 propositi
570 4445 817 4528 deformasset;
844 4448 889 4518 nii
916 4448 980 4518 sibi
1012 4449 1076 4518 nisi
1104 4450 1136 4517 in
1163 4469 1237 4517 cnr-
