2738 5062
137 610 196 671 lte
475 622 516 669 nn
537 618 638 669 annos
659 616 881 668 rettulinmus

139 760 269 831 veritas
281 758 392 840 datur,
409 756 630 848 negliguntur
642 775 757 827 mores
771 754 861 837 boni,
877 774 933 823 res
946 752 1035 845 ipsae
1047 772 1230 845 spernun-

141 892 204 963 tur,
223 878 399 972 inquibus
416 878 635 973 philosophia
651 875 707 946 illa
725 873 848 945 nobilis
865 884 928 955 est,
947 892 1029 964 quae
1046 874 1228 945 neminem

140 1004 232 1073 lallit.
253 1000 418 1072 lnanibus
442 1009 573 1069 tantum
598 997 713 1068 verbis
734 994 932 1068 intenditur.
950 994 1055 1078 Quod
1075 993 1127 1066 ita
1143 1018 1230 1069 esse

140 1123 422 1215 philosophorum
441 1120 512 1191 vita
532 1130 686 1203 testatur,
701 1117 785 1187 nihil
802 1117 948 1213 implens
965 1115 1126 1187 omnium
1145 1136 1229 1210 quae

140 1243 315 1334 praedicat.
336 1271 350 1306 u
370 1241 505 1323 Quotus
523 1242 613 1311 enim
626 1241 775 1333 quisque
790 1238 1074 1332 philosophorum
1091 1238 1230 1311 inveni·

142 1376 210 1448 tur,
229 1390 243 1425 »
265 1373 302 1433 ut
319 1362 352 1432 in
368 1364 563 1433 Tusculano
579 1382 643 1431 suo
658 1359 790 1430 Tullius
804 1358 860 1442 ait,
878 1386 894 1423 u
913 1357 973 1450 qui
988 1356 1096 1429 silita
1110 1380 1229 1431 moru-

147 1510 162 1545 ι)
186 1493 251 1568 tus,
267 1482 313 1553 ita
329 1483 398 1554 vita
411 1493 447 1553 et
460 1480 613 1552 moribus
628 1480 815 1562 institutus,
831 1489 868 1549 ut
882 1477 967 1549 ratio
982 1480 1153 1570 postulat:
1167 1480 1228 1573 qui

146 1634 161 1670 o
185 1603 400 1699 disciplinam
416 1625 515 1675 suam
533 1624 602 1673 non
616 1602 881 1673 ostentationem
896 1600 1066 1683 scientiae,
1090 1602 1156 1673 sed
1180 1606 1229 1675 le-

145 1756 161 1789 n
186 1748 264 1818 gem
285 1726 368 1796 vitae
389 1735 493 1818 putet,
512 1725 571 1816 qui
591 1723 809 1815 obtemperet
827 1723 901 1814 ipse
919 1721 1002 1806 sibi,
1022 1734 1059 1793 et
1075 1724 1228 1797 decretis

146 1878 162 1913 s
187 1844 1228 1941 suispareatividerelieetaliostantalevitateetiaetatione

147 1998 162 2035 n
189 1972 287 2043 uteis
301 1971 403 2041 inerit
416 1956 485 2040 non
504 1970 668 2041 didicisse
687 1966 828 2037 melius:
849 1966 935 2038 alios
951 1969 1113 2059 pecuniae
1130 1968 1228 2061 eupi-

150 2119 165 2155 o
188 2093 262 2173 dos,
278 2091 398 2180 gloriae
413 2093 604 2173 nonnullos,
620 2092 747 2160 multos
757 2086 939 2160 libidinum
951 2110 1088 2173 servos,
1102 2100 1227 2162 uteurn

150 2237 165 2271 n
189 2231 310 2278 eorum
326 2209 606 2281 vitamirabiliter
616 2220 745 2304 pugnet
754 2210 1133 2302 oratio:qu0dquidem
1144 2211 1227 2281 mihi

152 2358 165 2392 a
191 2329 423 2399 videturesse
438 2330 686 2420 turpissimum.
704 2332 746 2401 tt
758 2331 898 2413 enimsi
914 2333 1228 2423 grammaticumse

152 2480 168 2515 ι)
191 2454 370 2544 professus
391 2451 574 2542 quispiam,
595 2450 741 2522 barbare
760 2453 930 2543 loquatur,
949 2463 1010 2524 aut
1026 2452 1058 2525 si
1076 2452 1227 2525 absurde

151 2602 167 2637 n
191 2584 293 2645 canat
311 2571 416 2666 isqui
435 2594 474 2642 se
492 2573 664 2644 musicum
684 2574 766 2644 velit
785 2573 917 2658 baberi,
941 2575 1006 2645 hoe
1030 2575 1165 2667 turpior
1187 2574 1228 2645 sit

154 2723 169 2758 n
193 2694 286 2785 quod
306 2694 340 2764 in
361 2716 403 2765 eo
426 2692 501 2788 ipso
519 2704 646 2787 peccet,
667 2694 766 2765 cuins
780 2693 961 2787 profitetur
975 2695 1167 2781 seientiam,
1181 2694 1227 2767 sie

155 2845 170 2878 o
194 2815 420 2908 philosophus
442 2818 477 2887 in
498 2818 581 2889 vitae
602 2817 733 2887 ratione
756 2837 902 2909 peccans
924 2815 989 2889 hoc
1016 2819 1152 2911 turpior
1174 2827 1227 2887 est

155 2966 170 3001 n
194 2936 289 3030 quod
311 2938 344 3006 in
370 2939 491 3020 officie,
511 2939 610 3009 ouius
629 2938 795 3029 magister
812 2960 893 3009 esse
912 2941 996 3021 vult,
1017 2938 1159 3022 inbitur,
1177 2960 1229 3010 ar·

135 3042 170 3121 ⁰»
196 3069 334 3149 temque
354 3058 437 3128 vitae
458 3061 638 3150 prolessus
657 3056 827 3151 delinquit
847 3060 881 3128 in
903 3060 984 3130 uita.
1011 3088 1027 3124 n
1048 3060 1085 3130 ln
1103 3059 1228 3151 quibus

152 3177 247 3248 Tullii
276 3178 393 3250 verbis
424 3180 508 3249 illud
533 3179 620 3250 inter
647 3181 753 3251 multa
775 3179 939 3263 notabile,
962 3180 1057 3272 quod
1078 3181 1229 3274 pbiloso-

152 3301 270 3394 phium
291 3323 360 3371 non
387 3301 572 3372 verborum
595 3313 705 3373 artem
727 3301 811 3373 dicit
830 3324 926 3385 esse,
951 3302 1015 3373 sed
1037 3303 1132 3373 vilae.
1155 3303 1227 3383 Vis,

152 3418 391 3492 amantissime
411 3424 528 3506 trater,
551 3445 667 3506 nosse,
696 3423 725 3494 si
747 3425 831 3493 sorte
852 3445 920 3494 non
940 3424 1043 3506 nosti,
1067 3444 1232 3516 quaenam

154 3540 370 3634 philosophia
392 3564 475 3611 vera
493 3544 546 3628 sit,
569 3553 606 3612 ut
624 3545 819 3635 intelligens
837 3554 1004 3636 quantum
1024 3546 1117 3617 inea
1135 3546 1232 3618 brevi

156 3675 308 3755 tempore
330 3663 525 3753 proieceris,
559 3666 704 3736 alacrior
735 3687 862 3757 pergas
900 3666 945 3738 ad
979 3666 1137 3758 reliqua?
1174 3669 1235 3741 Vis
1273 3686 1279 3701 ·

155 3781 324 3867 omnibus,
348 3783 407 3876 qui
428 3784 515 3856 laiso
537 3784 763 3877 pbilosopbiae
785 3788 922 3857 nomine
945 3797 1155 3872 tumescunt,
1177 3810 1237 3859 ne-

156 3917 255 3999 gatas
270 3928 374 3980 aures
392 3907 474 3978 mibi
494 3904 660 4001 praebere,
677 3928 801 4000 meque
820 3933 927 3981 unum
947 3910 1001 3981 bio
1017 3908 1153 3993 audire,
1170 3910 1238 3980 imo

157 4053 311 4113 nonme,
347 4031 411 4103 sed
440 4030 725 4125 philosophorum
760 4033 947 4128 principem
981 4035 1179 4119 Platonem,
1204 4043 1241 4105 et

158 4151 283 4223 Christi
305 4155 546 4248 philosophum
566 4154 800 4243 Augustinurn
819 4153 905 4226 libro
923 4157 1093 4248 Supernae
1111 4155 1243 4227 Civita-

160 4273 206 4344 tis
233 4272 436 4346 undeeimo?
464 4305 478 4339 r
504 4276 613 4357 Nune,
642 4274 770 4368 inquit,
794 4276 879 4347 satis
902 4277 947 4347 sit
966 4298 1244 4349 commemorare

163 4394 380 4467 »Platonem
413 4395 666 4469 determinasse
697 4396 801 4468 finem
831 4397 910 4469 boni
936 4420 1018 4471 esse
1043 4401 1243 4473 seeundum
