2738 5062
211 654 270 715 :teu
547 664 587 711 nu
609 663 709 711 nunus
732 662 952 710 rnurururuues

211 820 349 894 quoque
372 797 429 869 tibi
453 797 608 890 piscatus
627 819 717 868 sum.
740 798 873 867 Caetera
892 804 1007 867 tamen
1026 796 1073 866 ita
1090 796 1243 869 veniunt
1261 807 1304 871 ut

211 923 305 1016 apud
326 930 360 992 te
380 929 563 1000 maneant;
585 920 663 990 haeo
683 920 781 992 venit
806 929 844 989 ut
869 918 1001 1001 redeat,
1024 939 1139 1011 neque
1157 917 1302 993 diutius

212 1066 315 1140 quam
338 1055 375 1116 ut
395 1045 513 1115 oeulos
537 1051 615 1113 tuos
637 1045 745 1114 semel
765 1041 975 1136 impleverit,
997 1051 1111 1113 tecum
1136 1040 1194 1113 sit.
1215 1043 1301 1117 Seis

211 1165 468 1258 causamlquia
482 1163 613 1236 veritas
626 1164 743 1235 odium
758 1164 857 1258 parit.
870 1162 970 1247 Quod
984 1162 1095 1234 sliam
1109 1172 1193 1236 tunc
1205 1174 1301 1237 tem-

212 1308 296 1382 pore
317 1285 467 1358 Terentii
489 1308 612 1358 verum
637 1295 727 1372 erat,
749 1286 833 1379 quid
858 1285 962 1358 hodie
981 1283 1187 1357 arbitraris?
1210 1288 1300 1359 Per-

212 1413 289 1503 lege
309 1429 394 1500 ergo
420 1406 448 1478 si
474 1408 570 1491 libet,
596 1409 702 1502 idque
729 1407 920 1480 secretius:
947 1428 989 1479 ac
1009 1407 1160 1491 remitte,
1182 1407 1299 1483 donec

214 1533 364 1605 sciamus
385 1531 469 1625 quid
489 1535 620 1605 mundo
640 1535 735 1605 Deus
755 1541 817 1605 aut
835 1533 972 1604 fortuna
993 1531 1178 1625 paraverit.
1197 1532 1298 1606 Tunc

213 1654 487 1728 consultabimus
508 1655 593 1748 quid
614 1656 695 1728 huic
720 1654 781 1726 fiat
798 1656 969 1750 epistolae,
990 1676 1034 1725 an
1060 1652 1226 1725 donanda
1252 1655 1299 1727 ait

212 1775 423 1861 dammis,uu
438 1776 615 1849 sororibus
634 1777 876 1850 adscribenda.
894 1777 1034 1848 Interim
1052 1773 1149 1859 scito,
1163 1775 1297 1849 ethinc

213 1898 317 1989 fidem
336 1899 459 1970 metire
472 1921 601 1984 meum,
620 1899 724 1971 nullis
742 1921 798 1971 me
813 1902 924 1972 oculis
937 1900 1027 1971 hanc
1039 1897 1117 1972 aliis
1131 1910 1298 1973 ostensu·

213 2044 289 2092 rum
312 2022 420 2092 luisse
439 2043 545 2114 quarn
569 2021 647 2092 tuis.
669 2023 765 2106 Vale,
788 2022 897 2094 decus
918 2042 1044 2093 meum.

355 2165 397 2217 lid
416 2164 532 2219 Fontem
550 2166 663 2237 Sergiae.
684 2168 748 2222 xlx
767 2167 906 2223 Kalendas
924 2166 1061 2236 ianuami,
1077 2167 1190 2224 silentio
1208 2171 1298 2225 noctis

426 2253 605 2324 intempestae.

622 2729 799 2795 EPlSTOLd
820 2731 888 2796 Xlll.

263 2942 456 2994 autucrscus
477 2944 646 2994 Parauaea
667 2944 812 2994 PlllLlPl’O
833 2944 986 2996 EPISCOPO
1008 2948 1243 3001 ctvatnlcssrtSl

693 3050 718 3098 S.
740 3050 768 3098 P.
791 3052 821 3099 ll.

346 3242 512 3314 Epistolum,
528 3257 592 3313 quta
605 3257 677 3313 poue
692 3247 747 3303 ast,
764 3241 909 3313 legendam
924 3243 958 3296 ad
973 3243 1052 3298 illum
1068 3244 1162 3299 mittit.

310 3506 437 3578 Tribus
462 3507 636 3579 hesternis
662 3508 878 3580 munusculis
904 3519 1066 3602 quartum
1101 3508 1231 3584 addere
1260 3512 1295 3583 iu

211 3629 364 3700 animum
384 3627 489 3697 venit.
508 3627 641 3720 Legisti
657 3629 909 3723 confestimque
930 3631 1015 3702 milri
1037 3631 1203 3703 remisisti
1221 3633 1296 3726 epi·

213 3753 335 3821 stolam
354 3749 446 3819 illam
475 3747 533 3820 tibi
555 3752 784 3846 conscriptum
801 3773 844 3825 eo
860 3753 954 3846 quod
973 3764 1005 3825 te
1026 3754 1211 3848 capitalem
1234 3754 1296 3824 bo-

213 3880 301 3941 stem
325 3869 487 3941 vitiorum
515 3871 689 3948 nouerim,
717 3893 821 3964 quum
847 3874 987 3967 quidem
1009 3874 1114 3947 valde
1140 3874 1201 3945 tibi
1222 3877 1296 3971 pla-

211 3993 326 4067 cuisse
337 3992 614 4087 gaudeoltaque
630 3993 714 4065 mihi
729 3995 794 4090 ipsi
807 3997 1003 4069 testimonio
1015 4007 1074 4070 tuo
1086 3996 1297 4091 probabilior

211 4136 253 4188 ac
273 4118 403 4207 gratior
424 4118 512 4189 facta
532 4126 597 4188 est.
619 4116 719 4189 Nunc
740 4119 799 4190 tibi
820 4119 922 4192 aliam
948 4120 1046 4193 mitto
1065 4140 1172 4213 quam
1195 4118 1298 4191 Cleru

210 4240 385 4313 Paduanae
403 4242 571 4313 Ecclesiae
586 4241 725 4326 dictavi,
745 4264 850 4335 super
868 4243 1016 4315 transitu
1034 4262 1146 4314 sucrae
1162 4262 1297 4315 memo·

211 4362 273 4434 riae
290 4362 522 4436 ildebrandini
541 4364 713 4460 Episcopi,
733 4386 837 4459 quem
858 4375 890 4436 te
905 4364 1056 4438 sciebam
1076 4364 1221 4437 laudare
1239 4384 1299 4437 so

210 4484 306 4555 litum
329 4495 363 4556 et
384 4484 511 4572 mirari,
528 4508 742 4579 quamquam
757 4487 842 4580 ipse,
865 4509 919 4559 me
935 4486 1055 4573 iudice,
1070 4508 1212 4559 omnem
1230 4486 1299 4557 ltu-
