2738 5062
359 696 451 744 maun
472 696 990 750 surrtuusuucmus.-ualsroua
1013 703 1032 751 ι.
1172 693 1232 755 ltu

160 845 198 905 ut
214 854 269 903 me
286 852 425 924 quoque
441 830 615 902 custodiat
632 832 823 903 humilitate
836 835 1004 925 parvulus
1017 838 1127 909 iactus
1142 860 1229 909 sum.

157 957 331 1026 Caeterum
358 954 439 1025 huic
463 962 569 1024 tantae
596 955 759 1027 docilitati
786 955 933 1027 idoneus
957 973 1148 1053 praeceptor
1174 983 1231 1032 ac-

155 1080 270 1157 cessit,
292 1079 416 1149 nonin
437 1077 652 1172 philosophis
673 1077 894 1164 Aristoteles,
918 1103 987 1152 non
1011 1083 1229 1176 Pythagoras

157 1210 217 1272 aut
230 1201 337 1281 Plato,
359 1222 427 1270 non
440 1199 474 1270 in
486 1202 563 1291 lege
576 1199 784 1290 Papinianus
802 1200 869 1272 nou
885 1202 1051 1295 Ulpianus
1064 1217 1125 1277 aut
1136 1206 1231 1276 Soae-

156 1325 252 1404 vola,
270 1323 335 1394 sed
352 1320 511 1392 Christus
529 1321 722 1413 utrobique.
742 1322 817 1393 Sub
834 1332 927 1395 tanto
945 1325 1112 1417 magistro
1131 1328 1229 1399 facile

156 1446 321 1518 devotum
341 1455 376 1515 et
396 1443 527 1517 humile
544 1441 764 1515 fructificavit
792 1445 979 1536 ingenium.
1007 1449 1106 1520 lllum
1127 1471 1226 1535 ama,

156 1568 250 1638 illum
277 1570 371 1649 cole,
398 1567 446 1635 illi
472 1565 577 1658 (quia
600 1565 684 1635 nibil
711 1566 805 1638 aliud
833 1567 889 1637 illo
915 1567 1058 1660 dignum
1093 1572 1228 1663 habes)

154 1691 263 1760 multo
279 1687 420 1779 dignius
438 1710 541 1779 quam
560 1687 731 1758 Eschines
749 1689 879 1760 Socrati
898 1689 943 1761 da
961 1699 995 1760 te
1013 1690 1140 1785 ipsum:
1156 1715 1226 1763 me-

155 1810 273 1881 liorem
296 1810 418 1882 reddet
443 1809 498 1880 ille
519 1819 552 1879 te
573 1807 649 1889 tibi;
671 1809 777 1902 quod·
792 1809 962 1903 discipulo
983 1832 1052 1883 sue
1067 1815 1226 1885 Socrates

156 1932 330 2022 pollicetur
354 1931 422 2001 iste
443 1929 633 2022 praestabit.
655 1928 730 2020 Age
750 1930 796 2000 illi
821 1932 951 2022 gratias
973 1954 1125 2026 semper,
1146 1956 1226 2005 cum

153 2075 216 2145 pro
236 2054 365 2137 multis,
389 2062 462 2124 tum
485 2071 547 2144 pro
565 2072 608 2123 eo
625 2051 839 2136 nominatim,
855 2053 949 2145 quod
966 2052 1059 2126 huuc
1072 2054 1133 2126 tibi
1149 2054 1228 2127 aui-

152 2198 247 2245 mum
264 2176 373 2258 dedit,
392 2196 495 2267 quem
514 2184 698 2266 antequam
717 2173 815 2246 daret
838 2195 906 2246 non
923 2176 1092 2261 habebas,
1111 2199 1226 2270 neque

152 2298 209 2367 hio
232 2298 389 2367 verearis
416 2317 458 2367 ue
484 2297 533 2367 sis
566 2295 706 2381 nimius,
735 2318 825 2368 neve
850 2308 889 2370 ut
913 2299 1044 2390 gratias
1067 2300 1223 2392 egeud0,

153 2419 325 2492 laudando
340 2428 377 2489 et
392 2417 540 2490 amando
557 2419 648 2490 illius
661 2418 920 2491 beneficentiam
938 2420 1105 2505 excedas,
1119 2444 1225 2514 quam

150 2561 291 2634 aequare
309 2562 487 2633 nunquam
505 2541 636 2634 poteris
655 2542 850 2635 cogitando.
865 2543 1060 2614 Hoounum
1082 2552 1139 2615 est
1154 2566 1224 2635 quo

149 2663 233 2735 illud
254 2662 402 2733 Terentii
424 2662 513 2734 trabi
534 2662 959 2757 montemorenceio
984 2664 1028 2736 de
1048 2685 1118 2754 quo
1138 2663 1224 2735 illud

151 2784 266 2879 potius
286 2806 372 2856 vere
392 2783 532 2855 dicitur:
554 2808 730 2878 uunquam
750 2785 846 2856 satis.
866 2785 915 2856 Ac
932 2806 975 2856 ne
989 2786 1077 2856 sorte
1091 2795 1160 2856 tam
1174 2787 1224 2856 el-

149 2905 240 2976 licax
260 2906 387 2976 Christi
405 2905 644 2998 magisterium
663 2906 798 2977 mireris
817 2904 910 2999 qnod
929 2906 996 2977 sub
1014 2906 1071 2977 illo
1089 2917 1221 2978 tanturn

148 3025 250 3097 brevi
282 3035 436 3121 tempore
461 3029 667 3120 proieceris,
695 3037 864 3120 quantum
889 3049 954 3099 neo
979 3029 1012 3098 in
1046 3027 1223 3100 academia

147 3146 386 3220 Platonisnec
412 3148 446 3219 in
480 3149 633 3220 omnium
661 3150 942 3243 philosophorum
969 3162 1030 3220 aut
1054 3149 1222 3220 iuriscon-

148 3272 318 3343 sultorum
332 3270 461 3343 scholis
479 3281 550 3343 toto
569 3281 722 3365 tempore
742 3271 1094 3364 profecisses,.cogita
1111 3292 1222 3362 quun·
1319 3336 1341 3361 N

146 3392 265 3465 talibet
276 3393 424 3465 hominis
443 3393 646 3486 magnitudo
658 3396 731 3466 Deo
748 3401 948 3486 comparata
961 3412 1065 3485 quam
1080 3392 1124 3463 sit
1137 3391 1221 3461 nihil

145 3516 294 3588 omuino.
328 3519 424 3588 Plato
448 3539 597 3609 magnus
622 3519 688 3597 vir,
716 3536 864 3608 magnus
888 3516 1119 3611 Pythagoras,
1147 3536 1220 3585 ma-

145 3659 236 3729 gnus
249 3637 463 3723 Aristoteles,
476 3639 758 3732 magnusVerro.
779 3638 828 3709 lta
841 3637 919 3710 dico
931 3636 1216 3730 magnushorum

144 3758 289 3851 quilibet
299 3760 329 3830 si
345 3781 408 3852 per
425 3780 462 3830 se
479 3760 689 3832 consideres.
705 3762 780 3830 Non
799 3780 937 3852 maguae
955 3767 1099 3830 staturae
1110 3755 1218 3828 fuisse

142 3881 253 3952 lertur
272 3881 455 3972 Angustus
476 3883 609 3962 Caesar3
627 3903 751 3952 verum
769 3881 857 3952 adeo
877 3879 1045 3971 elegantis
1063 3888 1102 3948 ut
1121 3877 1217 3950 laoile

142 4004 298 4096 corporis
320 4003 523 4075 brevitatem
545 4012 731 4072 venustate
753 4002 960 4081 redimeret3
983 4001 1018 4070 id
1044 4019 1215 4071 veronen

141 4126 289 4219 amplius
316 4126 455 4219 quando
479 4126 663 4217 quisquam
689 4122 862 4216 procerior
886 4121 1109 4192 accessisset:
1135 4129 1217 4192 tunc

140 4247 281 4340 ingenio
297 4247 514 4320 dissimulata
527 4246 679 4316 brevitas
692 4242 890 4338 apparebat.
904 4242 966 4314 vis
985 4252 1021 4314 tu
1039 4254 1074 4314 et
1090 4244 1213 4314 borum

140 4370 200 4462 qui
213 4371 358 4441 maximi
370 4371 534 4443 videntur
549 4365 819 4458 magnitudinem
833 4388 953 4440 veram
967 4370 1095 4439 nosse?
1108 4388 1212 4438 unum

139 4491 330 4583 quemlibet
346 4514 393 4564 ex
410 4493 476 4562 illis
493 4492 550 4560 vel
563 4488 678 4581 potius
698 4510 818 4559 omnes
835 4490 953 4574 simul,
975 4503 1011 4560 et
1033 4496 1213 4580 quotcum-
