2738 5062
472 920 658 987 Fatuclscl
690 924 893 989 Puluillus

275 1136 354 1213 DE
409 1134 592 1216 REBUS
649 1136 1077 1223 Flulnllulssus

420 1353 569 1425 LIBER
608 1354 948 1427 DUODECllllUS.

569 1845 745 1910 EPlSTOLll
773 1849 792 1910 l.

189 2018 390 2071 rannelscvs
411 2019 577 2069 tullianen
598 2020 723 2070 caluom
743 2023 783 2070 lv.
806 2021 949 2072 AUGUSTO
970 2022 1164 2073 lululln'lonl

487 2125 685 2175 noulnuut'u
708 2126 733 2174 S.
756 2127 783 2174 P.
806 2128 835 2176 Ι).

225 2285 361 2341 Hortatur
376 2283 477 2338 iterum
492 2285 567 2338 utin
582 2284 688 2339 ltaliam
703 2286 850 2343 descendat
863 2294 891 2343 ct
906 2288 1008 2344 Urbem
1024 2291 1131 2345 romani

407 2380 490 2446 caput
503 2375 610 2447 imperii
624 2377 752 2447 praesenti
766 2394 817 2450 ope
833 2379 954 2451 sospitet.

235 2637 327 2708 Olim
351 2634 426 2719 tibi,
450 2635 607 2732 princeps
628 2637 763 2734 inclyte,
786 2640 880 2730 quod
905 2641 1007 2709 lamae
1035 2650 1103 2710 tuae
1124 2643 1217 2710 salu-

139 2757 235 2851 tique
252 2750 412 2851 publicae
428 2755 613 2828 convenire
631 2757 746 2827 visum
763 2769 828 2841 est,
849 2758 972 2852 scripsi
990 2760 1216 2830 familiaritate

140 2880 308 2974 quadam,
331 2891 489 2950 nontam
515 2879 560 2951 de
586 2878 725 2969 ingenio
750 2900 828 2949 meo
859 2901 965 2971 quam
991 2881 1036 2953 dc
1062 2879 1216 2951 moribus

144 3002 217 3074 tuis
236 3012 372 3097 sumpta
391 3001 528 3075 fiducia.
555 3000 697 3072 Deinde·
713 3009 829 3071 autem
855 3022 992 3072 mecum
1017 3003 1091 3095 ipse
1117 3024 1218 3095 repu-

143 3138 222 3198 tans
244 3125 466 3198 difficultates
498 3127 625 3197 multas
649 3134 685 3196 et
711 3124 827 3196 varias
860 3122 1101 3195 communibus
1127 3124 1217 3194 votis
1244 3210 1248 3222 Ι

142 3249 329 3343 oppositas,
346 3248 488 3345 imperio
506 3251 664 3333 lorlunae,
687 3269 776 3342 quae,
795 3257 834 3320 ut
850 3248 955 3332 aiunt,
974 3244 1136 3318 omnibus
1153 3246 1218 3316 im-

144 3384 240 3465 perat
259 3372 426 3467 imperiis,
448 3395 513 3444 nec
532 3371 694 3445 dubitans
720 3392 767 3442 ex
792 3372 942 3444 adverso
968 3393 1030 3464 per
1049 3380 1084 3441 le
1105 3381 1219 3442 tuum-

144 3517 210 3588 quc
229 3496 413 3568 consilium
439 3494 512 3567 fieri
542 3495 658 3566 omnia
691 3516 771 3589 quae
804 3496 955 3567 humano
975 3495 1120 3567 consilio
1141 3493 1216 3565 fieri

146 3628 302 3711 possent,
331 3627 368 3690 et
391 3618 500 3691 oculis
526 3619 594 3691 tuis
622 3630 658 3690 et
683 3619 764 3690 huic
789 3622 923 3691 calamo
947 3621 1130 3713 plusquam
1157 3641 1219 3690 an-

147 3762 232 3814 nuas
252 3741 409 3815 inducias
425 3743 523 3826 dedi,
542 3765 752 3837 quamquam
769 3765 838 3814 non
856 3743 932 3815 sine
949 3765 1096 3814 moerore
1113 3742 1217 3814 animi

149 3874 282 3961 tempus
301 3865 370 3937 labi
391 3888 581 3950 cernerem,
603 3878 640 3937 ot
659 3866 940 3960 tranquillitatem
958 3868 1146 3937 multorum
1167 3865 1220 3935 in-

152 3987 243 4057 terim
261 3988 465 4080 populorum
480 3988 681 4082 prolatando
698 3999 758 4060 aut
776 3989 1060 4083 procrastinando
1077 3987 1218 4058 differri.

153 4107 214 4181 Sed
230 4110 470 4183 difficultatum
491 4110 589 4183 obice
616 4111 885 4205 impossibilitati
911 4111 1086 4206 proximo,
1110 4122 1147 4181 ut
1168 4112 1220 4183 di-

153 4231 198 4315 xi,
213 4232 408 4305 tarditatem
423 4234 647 4306 excusabam.
661 4235 759 4305 Nunc
777 4234 914 4305 tandem
932 4245 1148 4328 praeparanlc
1168 4233 1221 4303 di-

154 4353 226 4427 vina
252 4356 469 4453 providentia
490 4357 566 4429 vias
599 4370 692 4443 tuaS,
727 4368 762 4428 et
794 4355 906 4428 tidelis
933 4357 1049 4450 populi
1071 4359 1219 4429 salutem

155 4477 415 4552 misericorditer
434 4479 628 4567 ordinante,
657 4482 703 4554 ita
728 4480 917 4572 dispositus
941 4492 996 4552 est
1021 4479 1129 4551 ltaliae
1151 4487 1220 4547 tuae
