2738 5062
281 669 373 719 ttuuu
393 669 695 720 SEPTIMUSDECIHUS.
707 689 744 700 -
756 670 909 720 Erlsrota
930 672 961 719 X.
1102 658 1161 721 459

88 806 189 887 satio,
210 804 305 896 quod
324 803 392 877 etsi
413 824 512 891 verae,
528 804 641 876 laudis
661 805 825 896 cupidum
852 827 906 877 me
931 828 999 878 non
1018 827 1161 898 negem,

87 926 176 996 hanc
201 934 317 994 tumen
346 944 426 1017 quae
452 944 508 994 me
533 924 659 1015 premit
678 944 840 1017 pompam
861 925 1067 1018 concupisse
1095 947 1164 996 non

87 1043 238 1114 memini.
256 1046 431 1116 Hactenus
449 1044 667 1137 colloquendi
686 1044 802 1116 studio
814 1055 984 1138 evagatus
999 1069 1076 1118 sum
1087 1071 1095 1128 3
1108 1044 1165 1117 hic

88 1165 226 1236 tandem
247 1166 408 1259 colloquii
427 1166 507 1237 finis
526 1175 617 1250 esto,
653 1175 692 1237 ut
723 1166 896 1259 intelligas
928 1168 997 1239 etsi
1025 1168 1163 1241 labores

87 1286 143 1357 alii
163 1309 209 1358 ex
230 1288 321 1372 aliis,
342 1299 379 1359 et
399 1287 486 1360 inter
505 1287 645 1360 labores
665 1309 769 1360 novae
790 1289 875 1375 mihi
894 1290 1049 1381 quotidie
1069 1290 1164 1363 labo·

88 1432 164 1479 rum
185 1429 303 1480 causae
324 1409 550 1501 malcriaeque
570 1421 770 1495 nascantur,
790 1433 846 1482 me
864 1420 979 1482 tamen
995 1413 1040 1484 de
1061 1412 1165 1491 liber·

88 1539 158 1601 tate
177 1532 236 1600 vel
256 1531 291 1600 in
311 1529 460 1601 vinculis
482 1529 511 1600 si
533 1552 612 1602 sors
634 1542 750 1622 cogat,
772 1532 816 1603 dc
839 1554 919 1603 rure
944 1534 979 1603 in
1000 1531 1161 1615 urbibus,

87 1655 121 1723 in
140 1652 316 1724 laboribus
328 1652 374 1724 dc
386 1654 518 1745 quiete,
532 1662 716 1745 postremo,
734 1663 771 1724 ut
784 1654 901 1725 tritum
914 1653 998 1725 illud
1011 1651 1163 1723 Africani

87 1775 154 1847 mei
174 1775 304 1846 dictum
326 1786 476 1858 vertam,
499 1776 535 1845 in
555 1776 705 1867 negotiis
731 1776 775 1847 dc
799 1777 869 1847 otio
888 1775 1051 1867 cogitare.
1072 1776 1164 1844 lute-

88 1901 151 1969 rim
172 1898 257 1969 mihi
280 1920 343 1970 seu
363 1910 437 1971 arte
458 1898 609 1992 quadam
631 1919 696 1979 seu
720 1910 842 1970 natura
866 1897 984 1969 datum
1012 1896 1099 1969 scito
1125 1905 1164 1967 ut

87 2020 158 2112 iugi
177 2031 214 2092 et
231 2021 349 2093 valida
369 2019 592 2094 meditatione
613 2021 682 2093 vile
703 2021 786 2091 milri
807 2020 929 2092 inciam
949 2018 1044 2113 quod
1063 2038 1163 2089 asse·

86 2144 146 2235 qui
167 2165 315 2236 nequeo,
334 2143 437 2215 dulce
456 2151 573 2214 autem
594 2142 689 2235 quod
705 2143 839 2217 evitare
857 2164 925 2214 non
943 2145 1051 2214 valeo.
1073 2139 1163 2212 Vive

86 2262 196 2335 nostri
216 2272 402 2336 memoret
423 2265 513 2335 vale.

228 2407 383 2477 Mediolani,
398 2408 530 2465 Kalendis
544 2407 673 2464 ianuarii.
