2738 5062
196 635 257 697 aab
535 641 576 689 na
597 640 698 689 nunus
720 638 942 689 raanmnmus

198 785 287 856 vinci
302 792 446 876 potuere
463 780 631 862 victores3
645 789 680 851 et
696 780 837 851 vincere
853 786 891 849 ct
908 776 999 850 vinci
1013 776 1180 849 bellicum
1194 800 1293 873 opus

197 919 261 977 est.
283 904 449 995 Quisquis
488 905 601 992 longae
635 901 703 972 vire
733 900 925 991 accingitur
957 898 1045 970 sciat
1077 898 1227 971 alicubi.
1248 922 1292 973 se

197 1032 398 1122 lapsurum:
426 1026 455 1097 si
478 1047 579 1096 secus
600 1022 777 1107 evenerit,
803 1045 908 1115 supra
932 1024 1106 1093 fortunam
1120 1014 1290 1095 'viatoris

198 1150 363 1223 evenisse
381 1149 529 1232 noverit,
551 1157 832 1240 eventurumque
851 1144 951 1216 aliter
976 1145 1005 1215 si
1032 1145 1175 1236 longius
1203 1168 1290 1239 prc-

197 1270 374 1342 cessisset.
392 1270 487 1351 Quos
509 1278 675 1359 perpetuo
700 1267 850 1338 victores
876 1266 978 1355 legis,
1002 1264 1090 1337 scito
1115 1264 1196 1339 illos
1223 1266 1289 1340 ad·

197 1390 311 1463 versis
332 1390 472 1461 casibus
498 1390 554 1459 vel
584 1389 780 1459 secessione
805 1387 852 1457 ab
880 1388 1003 1467 armis,
1037 1387 1134 1479 quod
1162 1392 1287 1461 forsan
1312 1478 1322 1501 .

198 1512 357 1583 Africano
371 1533 447 1584 meo
461 1510 599 1593 accidit,
616 1512 673 1581 vel
690 1510 813 1581 festina
832 1520 944 1581 morte
956 1518 1167 1603 praereptum
1185 1512 1286 1603 quod

198 1634 329 1718 multis,
350 1633 462 1705 sedin
481 1632 600 1725 primis
616 1633 729 1704 cidem
748 1631 796 1701 illl
813 1630 1025 1713 Alexandro,
1046 1652 1154 1721 quem
1175 1634 1287 1725 paulo

198 1766 279 1831 nate
310 1756 498 1837 nominavi,
527 1754 712 1848 plurimum
744 1753 984 1825 admirationis
1018 1752 1156 1825 addidit
1187 1754 1285 1847 apud

197 1879 375 1964 indoctos,
402 1887 440 1949 et
459 1899 569 1969 pauca
589 1886 789 1969 pensantes,
810 1878 859 1946 De
876 1897 947 1968 quc
965 1874 1106 1946 Livius:
1133 1903 1149 1941 a
1175 1876 1283 1949 Haud

202 2030 218 2065 u
244 1996 1284 2094 equideminquit,abnuoegregiumducemluisserllexan-

202 2150 217 2185 a
245 2122 357 2204 drum,
377 2123 441 2192 sed
456 2123 636 2193 clariorem
658 2133 772 2194 tamen
793 2143 872 2192 eum
891 2120 971 2191 lecit
986 2120 1082 2212 quod
1104 2142 1198 2191 unus
1216 2121 1284 2191 t‘oit

201 2270 216 2303 u
246 2242 306 2332 qui
331 2242 534 2312 adolescens
567 2243 602 2311 in
627 2242 839 2314 incremento
872 2262 987 2313 rerum
1016 2218 1171 2313 nondum
1196 2243 1283 2315 alte-

207 2392 220 2425 n
249 2383 323 2432 ram
344 2365 516 2432 fortunam
538 2376 706 2454 expertus
726 2364 895 2435 decessit:
921 2373 961 2433 ut
979 2363 1067 2434 alios
1087 2386 1193 2457 reges
1212 2368 1283 2439 cla·

201 2514 217 2549 t
247 2507 304 2557 ros
328 2483 507 2575 'ducesque
526 2485 694 2563 omittam,
721 2508 848 2576 magna
864 2489 1023 2580 exempla
1044 2508 1193 2558 casuum
1215 2489 1282 2561 bu·

202 2636 217 2671 u
246 2629 447 2688 manorum,
483 2607 611 2703 Cyrum
646 2630 749 2701 quern
784 2609 938 2679 maxime
972 2607 1082 2679 Graeci
1116 2609 1280 2683 laudibus

200 2759 215 2794 u
244 2730 432 2813 celebrant,
454 2731 538 2823 quid
555 2731 622 2801 nisi
640 2732 741 2822 longa
768 2731 854 2815 vita,
882 2731 973 2801 sicut
992 2753 1158 2823 magnum
1178 2732 1280 2805 modo

201 2882 215 2919 a
243 2854 451 2946 Pompeium,
475 2855 622 2925 vertenti
644 2854 794 2948 praebuit
818 2855 989 2923 fortunae?
1008 2882 1023 2917 ι
1044 2856 1129 2924 llaec
1146 2854 1278 2927 Livius.

196 2977 366 3047 Caeterum
393 2976 459 3046 hoc
491 2976 664 3047 advcrsus
695 2975 829 3046 variam
863 2974 1133 3069 instabilemque
1172 2980 1280 3049 sortu-

196 3122 275 3171 nam
296 3099 379 3171 vitae
399 3098 518 3169 brevis
539 3098 706 3169 arixilium
734 3096 923 3188 optandum
945 3098 1038 3168 votis
1058 3098 1279 3171 inconcussa

196 3224 365 3295 felicitatis
383 3244 508 3293 nomen
534 3219 732 3313 optantibus
756 3220 903 3312 siugulis
935 3222 1023 3292 sorte
1048 3220 1196 3311 regibus
1219 3230 1280 3291 aut

196 3344 344 3416 ducibus
365 3345 477 3436 possit
495 3342 674 3423 accidere;
701 3344 818 3435 regnis
840 3355 943 3435 atque
962 3342 1106 3415 urbibus
1123 3366 1195 3416 nou
1215 3344 1277 3415 ita:

197 3477 376 3559 quaesunt
396 3487 465 3536 non
485 3467 596 3537 dicam
633 3466 857 3549 immortales,
891 3478 927 3536 ut
953 3466 1086 3549 Cicero,
1115 3466 1181 3537 sed
1205 3471 1277 3539 lou·
1356 3548 1360 3555 .

197 3608 321 3681 gaevae.
357 3588 466 3656 'lanto
499 3586 603 3677 igitur
644 3588 809 3681 temporis
841 3610 1016 3671 excursu,
1051 3597 1147 3658 tanta
1181 3590 1279 3659 velut

196 3722 299 3782 aetate
317 3707 516 3799 reipublicae
535 3707 770 3781 difficillimum
789 3721 845 3779 est
868 3710 1028 3802 quemvis
1048 3709 1277 3782 victoriosum

197 3833 361 3924 populum
383 3840 564 3923 utramque
581 3834 728 3902 fortunae
747 3830 868 3902 faciem
891 3855 959 3904 non
986 3832 1133 3914 vidisse,
1160 3844 1201 3905 ut
1217 3854 1279 3903 ne-

196 3955 322 4025 minem
342 3954 432 4025 vinci
461 3953 598 4046 pudeat.
630 3954 739 4024 Roma
773 3954 1083 4027 victrixomnium
1112 3958 1277 4059 quotiens

197 4076 288 4147 victa
306 4081 391 4149 est‘l
411 4078 531 4148 Testes
553 4087 636 4149 sunt
655 4077 839 4149 infelicium
862 4078 1058 4171 praeliorum
1076 4076 1164 4157 dies,
1187 4098 1277 4172 quos

196 4197 231 4265 in
251 4199 433 4271 annalibus
453 4201 651 4284 damnatos,
673 4214 779 4282 atros,
802 4201 985 4284 infaustos
1008 4196 1278 4273 innominabiles

195 4339 237 4389 ac
256 4319 420 4425 lunebres
453 4336 600 4395 vocant:
632 4334 803 4396 testantur
830 4322 937 4394 tristis
964 4325 1037 4393 loca
1071 4323 1276 4405 memoriae,

196 4438 295 4523 Allia,
322 4442 499 4527 Cremera,
523 4446 692 4525 Ticinum,
721 4447 856 4529 Trebia,
880 4446 1119 4527 Trasimenus,
1134 4446 1276 4527 Cannaer
