2738 5062
169 703 228 764 546
502 713 544 763 ou
564 712 665 763 nunus
687 713 910 765 rnnuuruous

169 848 341 943 spondero
361 849 464 921 visus
483 860 550 933 ost,
572 858 612 920 ut
628 850 736 921 multo
760 848 845 921 mihi
875 850 1027 943 suspirio
1048 863 1248 933 renovaret.

169 972 319 1045 sednon
340 971 443 1043 itaut
464 969 618 1043 nonsibi
637 993 777 1064 quoquo
796 974 903 1043 mutto
922 993 1157 1067 responsurus
1173 975 1252 1046 fno-

169 1097 248 1180 rim,
268 1095 298 1166 si
316 1091 496 1166 nobiseum
517 1104 648 1187 ageret.
670 1094 780 1177 Nunc,
794 1103 833 1167 ut
848 1104 943 1188 puto.
960 1097 1017 1167 vel
1038 1094 1179 1168 tuoitum
1197 1097 1251 1168 in·

169 1218 300 1310 telligit.
319 1217 419 1300 Vale,
442 1236 575 1288 mernor
594 1202 715 1289 nostri.

310 1361 470 1425 Mediolani,
486 1360 548 1416 vll.
564 1360 626 1415 Kal.
642 1360 724 1415 Iunii.

584 1822 763 1889 EPISTOLA
784 1823 841 1887 ΧΠ.

220 2031 416 2082 ruuuclscus
437 2006 608 2083 PE'i'RARCA
630 2030 755 2081 CAROLO
775 2031 817 2079 lv.
839 2031 1035 2081 monstruni
1056 2030 1199 2083 AUGUSTO

647 2135 673 2185 S.
695 2136 724 2185 P.
745 2134 776 2185 lt.

279 2282 284 2295 '
304 2315 462 2371 Discessum
478 2317 538 2372 eius
552 2316 587 2372 ab
602 2315 681 2372 ltalia
695 2316 816 2388 graviter
829 2317 922 2389 argunt
934 2321 964 2373 ot
977 2316 1115 2391 obiurgat.

267 2568 372 2639 ltulos
393 2565 482 2638 finos
501 2578 537 2639 et
556 2569 708 2640 claustra
729 2568 839 2640 nostri
860 2569 957 2641 orbis
980 2571 1121 2641 intranti
1140 2591 1249 2663 nupor

167 2692 282 2764 animo
312 2690 373 2763 tibi
394 2689 523 2762 obvius
557 2700 592 2762 et
617 2690 740 2763 litteris
760 2692 824 2775 sui,
852 2712 918 2762 neo
942 2693 1052 2763 multo
1077 2703 1156 2785 post
1173 2715 1196 2764 u
1215 2700 1250 2764 to

166 2822 314 2887 vocotus
330 2824 367 2886 et
385 2833 542 2907 corporo.
560 2811 756 2884 Abeuntem
778 2813 895 2886 animo
914 2835 1054 2906 quoque
1071 2834 1201 2906 sequor
1214 2826 1251 2887 et

167 2935 302 3007 littoris.
323 2938 395 3008 Hoc
415 2937 561 3007 interest
588 2935 684 3027 quod
704 2946 787 3008 tuno
819 2939 910 3008 taetae
933 2938 1058 3015 littoris
1078 2937 1249 3029 laetusquu

168 3057 304 3129 unimus
321 3058 397 3142 suit,
419 3078 512 3129 nunc
532 3066 658 3129 moesta
678 3063 762 3127 sunt
777 3059 903 3129 omniu.
933 3060 1028 3150 Ergo
1046 3068 1095 3142 tu,
1118 3060 1247 3145 Caesar,

168 3181 262 3274 quod
282 3201 372 3252 avus
394 3190 476 3252 tuus
496 3179 738 3272 innumerique
758 3179 815 3250 alii
836 3188 932 3252 tauto
952 3180 1125 3272 sanguine
1152 3203 1250 3274 qum-

168 3304 302 3376 siorunt
322 3302 496 3396 tantisque
513 3300 701 3387 laboribus,
721 3299 796 3373 sino
817 3301 936 3374 laboro
952 3302 1102 3396 adeptus
1119 3313 1155 3375 et
1170 3326 1250 3376 son·

168 3426 289 3516 guine,
306 3428 558 3518 complanatum
582 3435 808 3520 opertumque
829 3424 974 3509 italiam,
996 3437 1119 3519 patens
1145 3427 1248 3499 limen

170 3545 266 3618 urbis
292 3547 423 3630 Rornae,
455 3558 631 3642 sceptrum
653 3547 764 3631 focile,
788 3546 1075 3642 imperturbatum
1097 3572 1139 3622 uu
1158 3550 1252 3643 psoi-

170 3668 273 3741 ficum
291 3667 493 3760 Imperium,
513 3668 692 3741 incruenta
712 3669 920 3749 diademato,
935 3672 992 3742 voi
1008 3680 1183 3745 tantorum
1201 3673 1252 3744 in-

169 3802 291 3885 gratus
312 3812 496 3863 munerum
517 3793 573 3862 vei
599 3812 715 3862 rerum
738 3812 808 3862 non
828 3791 976 3864 idoneus
996 3795 1200 3877 aestimator,
1218 3804 1253 3867 et

169 3915 246 3988 haec
266 3915 406 4009 linquis,
428 3924 466 3985 ot
486 3913 520 4009 (o
540 3924 700 3986 naturam
720 3925 858 3988 mutare
880 3938 1029 4008 magnus
1050 3916 1149 3988 tabor
1160 3916 1182 4010 i)
1208 3916 1253 3988 ud

169 4036 350 4111 barbarico
383 4060 522 4110 rursum
547 4059 658 4131 regna
682 4038 900 4110 involveris?
919 4039 995 4110 Nun
1020 4039 1135 4111 arndeo
1159 4041 1252 4111 eiuro

172 4155 231 4227 tibi
263 4157 380 4233 dicore
404 4159 499 4254 quod
524 4180 624 4231 mens
658 4181 786 4253 resque
816 4161 977 4251 exigunt,
1006 4183 1049 4233 ne
1082 4170 1115 4233 te
1141 4160 1251 4233 verbo

169 4278 384 4365 contristem,
411 4285 470 4376 qui
497 4306 552 4356 rue
580 4291 617 4354 et
649 4284 816 4356 mundum
842 4287 932 4355 facto
959 4284 1147 4357 contristas
1174 4297 1247 4356 tuo:

170 4424 240 4475 non
260 4404 355 4495 quod
377 4406 424 4476 ob
450 4408 642 4481 invectivas
668 4429 709 4479 uc
729 4419 867 4503 satyras
888 4407 1015 4501 quibus
1041 4409 1164 4481 merito
1188 4429 1251 4503 pu-

172 4524 373 4622 nogyricum
392 4527 574 4611 debeatur,
594 4540 654 4601 aut
670 4531 771 4602 ulium
790 4529 837 4602 ob
851 4552 993 4603 oausam
1013 4552 1137 4603 verum
1155 4532 1249 4623 ioqui
