<?xml version="1.0" encoding="UTF-8"?>
<!DOCTYPE html PUBLIC "-//W3C//DTD XHTML 1.0 Transitional//EN"
    "http://www.w3.org/TR/xhtml1/DTD/xhtml1-transitional.dtd">
<html xmlns="http://www.w3.org/1999/xhtml" xml:lang="en" lang="en">
 <head>
  <title>
</title>
<meta http-equiv="Content-Type" content="text/html;charset=utf-8" />
  <meta name='ocr-system' content='tesseract 3.04.00' />
  <meta name='ocr-capabilities' content='ocr_page ocr_carea ocr_par ocr_line ocrx_word'/>
</head>
<body>
  <div class='ocr_page' id='page_1' title='image "./epistolaederebu02fracgoog_0447.png"; bbox 0 0 2738 5062; ppageno 0'>
   <div class='ocr_carea' id='block_1_1' title="bbox 151 652 900 715">
    <p class='ocr_par' dir='ltr' id='par_1_1' title="bbox 151 652 900 715">
     <span class='ocr_line' id='line_1_1' title="bbox 151 652 900 715; baseline 0.003 -2"><span class='ocrx_word' id='word_1_1' title='bbox 151 652 210 713; x_wconf 82' lang='lat' dir='ltr'>tae</span> <span class='ocrx_word' id='word_1_2' title='bbox 494 666 534 713; x_wconf 85' lang='lat' dir='ltr'>us</span> <span class='ocrx_word' id='word_1_3' title='bbox 557 666 657 715; x_wconf 82' lang='lat' dir='ltr'>nauus</span> <span class='ocrx_word' id='word_1_4' title='bbox 679 666 900 715; x_wconf 82' lang='lat' dir='ltr'>rnurtnruuus</span> 
     </span>
    </p>
   </div>
   <div class='ocr_carea' id='block_1_2' title="bbox 139 798 1252 4573">
    <p class='ocr_par' dir='ltr' id='par_1_2' title="bbox 139 798 1252 4573">
     <span class='ocr_line' id='line_1_2' title="bbox 149 798 1252 895; baseline 0.001 -24"><span class='ocrx_word' id='word_1_5' title='bbox 149 799 204 871; x_wconf 91' lang='lat' dir='ltr'>bis</span> <span class='ocrx_word' id='word_1_6' title='bbox 224 798 434 895; x_wconf 78' lang='lat' dir='ltr'>exprimere,</span> <span class='ocrx_word' id='word_1_7' title='bbox 456 800 624 870; x_wconf 79' lang='lat' dir='ltr'>excusavi</span> <span class='ocrx_word' id='word_1_8' title='bbox 659 808 754 871; x_wconf 89' lang='lat' dir='ltr'>tante</span> <span class='ocrx_word' id='word_1_9' title='bbox 785 800 926 891; x_wconf 81' lang='lat' dir='ltr'>negotio</span> <span class='ocrx_word' id='word_1_10' title='bbox 960 810 1108 893; x_wconf 90' lang='lat' dir='ltr'>tempus</span> <span class='ocrx_word' id='word_1_11' title='bbox 1136 822 1252 893; x_wconf 80' lang='lat' dir='ltr'>angu-</span> 
     </span>
     <span class='ocr_line' id='line_1_3' title="bbox 150 919 1248 1015; baseline 0.004 -24"><span class='ocrx_word' id='word_1_12' title='bbox 150 933 252 992; x_wconf 91' lang='lat' dir='ltr'>stum.</span> <span class='ocrx_word' id='word_1_13' title='bbox 274 919 328 992; x_wconf 82' lang='lat' dir='ltr'>Ad</span> <span class='ocrx_word' id='word_1_14' title='bbox 350 921 441 1004; x_wconf 84' lang='lat' dir='ltr'>haeo,</span> <span class='ocrx_word' id='word_1_15' title='bbox 462 934 498 992; x_wconf 91' lang='lat' dir='ltr'>et</span> <span class='ocrx_word' id='word_1_16' title='bbox 518 923 552 991; x_wconf 91' lang='lat' dir='ltr'>in</span> <span class='ocrx_word' id='word_1_17' title='bbox 572 922 718 993; x_wconf 90' lang='lat' dir='ltr'>auribus</span> <span class='ocrx_word' id='word_1_18' title='bbox 742 921 949 993; x_wconf 89' lang='lat' dir='ltr'>miserorum</span> <span class='ocrx_word' id='word_1_19' title='bbox 972 922 1088 1015; x_wconf 90' lang='lat' dir='ltr'>pluris</span> <span class='ocrx_word' id='word_1_20' title='bbox 1110 922 1248 996; x_wconf 89' lang='lat' dir='ltr'>domini</span> 
     </span>
     <span class='ocr_line' id='line_1_4' title="bbox 149 1042 1247 1140; baseline 0.007 -29"><span class='ocrx_word' id='word_1_21' title='bbox 149 1042 297 1113; x_wconf 92' lang='lat' dir='ltr'>verbum</span> <span class='ocrx_word' id='word_1_22' title='bbox 320 1044 406 1127; x_wconf 93' lang='lat' dir='ltr'>fore,</span> <span class='ocrx_word' id='word_1_23' title='bbox 430 1064 534 1136; x_wconf 89' lang='lat' dir='ltr'>quarn</span> <span class='ocrx_word' id='word_1_24' title='bbox 560 1042 729 1136; x_wconf 89' lang='lat' dir='ltr'>quidquid</span> <span class='ocrx_word' id='word_1_25' title='bbox 755 1043 801 1117; x_wconf 85' lang='lat' dir='ltr'>ab</span> <span class='ocrx_word' id='word_1_26' title='bbox 824 1044 891 1115; x_wconf 89' lang='lat' dir='ltr'>alio</span> <span class='ocrx_word' id='word_1_27' title='bbox 916 1044 984 1115; x_wconf 88' lang='lat' dir='ltr'>diei</span> <span class='ocrx_word' id='word_1_28' title='bbox 1009 1056 1153 1140; x_wconf 89' lang='lat' dir='ltr'>posset,</span> <span class='ocrx_word' id='word_1_29' title='bbox 1181 1068 1247 1121; x_wconf 91' lang='lat' dir='ltr'>nec</span> 
     </span>
     <span class='ocr_line' id='line_1_5' title="bbox 150 1164 1244 1262; baseline 0.007 -29"><span class='ocrx_word' id='word_1_30' title='bbox 150 1187 204 1234; x_wconf 91' lang='lat' dir='ltr'>me</span> <span class='ocrx_word' id='word_1_31' title='bbox 239 1164 351 1234; x_wconf 77' lang='lat' dir='ltr'>fefelli.</span> <span class='ocrx_word' id='word_1_32' title='bbox 387 1167 436 1235; x_wconf 92' lang='lat' dir='ltr'>lta</span> <span class='ocrx_word' id='word_1_33' title='bbox 473 1166 565 1236; x_wconf 91' lang='lat' dir='ltr'>enim</span> <span class='ocrx_word' id='word_1_34' title='bbox 605 1166 659 1237; x_wconf 92' lang='lat' dir='ltr'>ille</span> <span class='ocrx_word' id='word_1_35' title='bbox 692 1166 871 1262; x_wconf 76' lang='lat' dir='ltr'>respondit</span> <span class='ocrx_word' id='word_1_36' title='bbox 897 1176 933 1236; x_wconf 92' lang='lat' dir='ltr'>ut</span> <span class='ocrx_word' id='word_1_37' title='bbox 959 1167 1095 1259; x_wconf 89' lang='lat' dir='ltr'>aliquis</span> <span class='ocrx_word' id='word_1_38' title='bbox 1123 1172 1244 1243; x_wconf 79' lang='lat' dir='ltr'>forsan</span> 
     </span>
     <span class='ocr_line' id='line_1_6' title="bbox 147 1286 1244 1380; baseline 0.006 -23"><span class='ocrx_word' id='word_1_39' title='bbox 147 1286 317 1368; x_wconf 91' lang='lat' dir='ltr'>ornatius,</span> <span class='ocrx_word' id='word_1_40' title='bbox 340 1286 513 1358; x_wconf 86' lang='lat' dir='ltr'>efficacius</span> <span class='ocrx_word' id='word_1_41' title='bbox 543 1308 655 1358; x_wconf 93' lang='lat' dir='ltr'>nemo.</span> <span class='ocrx_word' id='word_1_42' title='bbox 687 1287 793 1359; x_wconf 88' lang='lat' dir='ltr'>Cuius</span> <span class='ocrx_word' id='word_1_43' title='bbox 821 1287 1064 1380; x_wconf 86' lang='lat' dir='ltr'>responsionis</span> <span class='ocrx_word' id='word_1_44' title='bbox 1092 1290 1244 1364; x_wconf 82' lang='lat' dir='ltr'>effeetus</span> 
     </span>
     <span class='ocr_line' id='line_1_7' title="bbox 146 1408 1243 1501; baseline 0.008 -24"><span class='ocrx_word' id='word_1_45' title='bbox 146 1408 225 1479; x_wconf 89' lang='lat' dir='ltr'>fuit:</span> <span class='ocrx_word' id='word_1_46' title='bbox 247 1429 315 1479; x_wconf 94' lang='lat' dir='ltr'>nen</span> <span class='ocrx_word' id='word_1_47' title='bbox 337 1429 376 1478; x_wconf 91' lang='lat' dir='ltr'>se</span> <span class='ocrx_word' id='word_1_48' title='bbox 396 1408 440 1479; x_wconf 93' lang='lat' dir='ltr'>dc</span> <span class='ocrx_word' id='word_1_49' title='bbox 463 1409 609 1501; x_wconf 87' lang='lat' dir='ltr'>propriis</span> <span class='ocrx_word' id='word_1_50' title='bbox 632 1408 765 1480; x_wconf 88' lang='lat' dir='ltr'>viribus</span> <span class='ocrx_word' id='word_1_51' title='bbox 792 1420 897 1501; x_wconf 89' lang='lat' dir='ltr'>atque</span> <span class='ocrx_word' id='word_1_52' title='bbox 926 1410 1146 1495; x_wconf 89' lang='lat' dir='ltr'>virtutibus,</span> <span class='ocrx_word' id='word_1_53' title='bbox 1176 1414 1243 1485; x_wconf 87' lang='lat' dir='ltr'>sed</span> 
     </span>
     <span class='ocr_line' id='line_1_8' title="bbox 146 1529 1242 1629; baseline 0.001 -25"><span class='ocrx_word' id='word_1_54' title='bbox 146 1532 190 1604; x_wconf 91' lang='lat' dir='ltr'>de</span> <span class='ocrx_word' id='word_1_55' title='bbox 210 1529 328 1601; x_wconf 91' lang='lat' dir='ltr'>divina</span> <span class='ocrx_word' id='word_1_56' title='bbox 348 1539 480 1601; x_wconf 92' lang='lat' dir='ltr'>tantum</span> <span class='ocrx_word' id='word_1_57' title='bbox 513 1551 580 1624; x_wconf 93' lang='lat' dir='ltr'>ope</span> <span class='ocrx_word' id='word_1_58' title='bbox 611 1530 795 1614; x_wconf 87' lang='lat' dir='ltr'>confisum,</span> <span class='ocrx_word' id='word_1_59' title='bbox 825 1554 938 1624; x_wconf 88' lang='lat' dir='ltr'>neque</span> <span class='ocrx_word' id='word_1_60' title='bbox 972 1533 1043 1604; x_wconf 91' lang='lat' dir='ltr'>ulla</span> <span class='ocrx_word' id='word_1_61' title='bbox 1069 1533 1242 1629; x_wconf 90' lang='lat' dir='ltr'>cupidine</span> 
     </span>
     <span class='ocr_line' id='line_1_9' title="bbox 147 1652 1240 1748; baseline 0.005 -24"><span class='ocrx_word' id='word_1_62' title='bbox 147 1654 311 1725; x_wconf 87' lang='lat' dir='ltr'>terminos</span> <span class='ocrx_word' id='word_1_63' title='bbox 345 1652 551 1747; x_wconf 88' lang='lat' dir='ltr'>prolatandi,</span> <span class='ocrx_word' id='word_1_64' title='bbox 587 1653 648 1723; x_wconf 91' lang='lat' dir='ltr'>sed</span> <span class='ocrx_word' id='word_1_65' title='bbox 682 1654 803 1725; x_wconf 87' lang='lat' dir='ltr'>amicae</span> <span class='ocrx_word' id='word_1_66' title='bbox 837 1654 952 1744; x_wconf 81' lang='lat' dir='ltr'>gentis</span> <span class='ocrx_word' id='word_1_67' title='bbox 985 1658 1240 1748; x_wconf 82' lang='lat' dir='ltr'>compassione</span> 
     </span>
     <span class='ocr_line' id='line_1_10' title="bbox 145 1774 1237 1873; baseline 0.002 -26"><span class='ocrx_word' id='word_1_68' title='bbox 145 1775 342 1855; x_wconf 77' lang='lat' dir='ltr'>dumtaxat,</span> <span class='ocrx_word' id='word_1_69' title='bbox 370 1796 442 1844; x_wconf 89' lang='lat' dir='ltr'>rem</span> <span class='ocrx_word' id='word_1_70' title='bbox 470 1774 675 1845; x_wconf 82' lang='lat' dir='ltr'>laboriosam</span> <span class='ocrx_word' id='word_1_71' title='bbox 707 1785 812 1866; x_wconf 89' lang='lat' dir='ltr'>atque</span> <span class='ocrx_word' id='word_1_72' title='bbox 837 1775 983 1847; x_wconf 88' lang='lat' dir='ltr'>arduam</span> <span class='ocrx_word' id='word_1_73' title='bbox 1015 1778 1237 1873; x_wconf 84' lang='lat' dir='ltr'>suscepisse.</span> 
     </span>
     <span class='ocr_line' id='line_1_11' title="bbox 144 1894 1236 1992; baseline 0.005 -25"><span class='ocrx_word' id='word_1_74' title='bbox 144 1897 310 1989; x_wconf 84' lang='lat' dir='ltr'>Recipere</span> <span class='ocrx_word' id='word_1_75' title='bbox 342 1896 447 1989; x_wconf 83' lang='lat' dir='ltr'>igitur</span> <span class='ocrx_word' id='word_1_76' title='bbox 479 1918 518 1968; x_wconf 89' lang='lat' dir='ltr'>se</span> <span class='ocrx_word' id='word_1_77' title='bbox 552 1896 626 1967; x_wconf 92' lang='lat' dir='ltr'>illos</span> <span class='ocrx_word' id='word_1_78' title='bbox 661 1897 696 1965; x_wconf 92' lang='lat' dir='ltr'>in</span> <span class='ocrx_word' id='word_1_79' title='bbox 730 1916 828 1967; x_wconf 85' lang='lat' dir='ltr'>suam</span> <span class='ocrx_word' id='word_1_80' title='bbox 864 1894 984 1980; x_wconf 88' lang='lat' dir='ltr'>fidem,</span> <span class='ocrx_word' id='word_1_81' title='bbox 1011 1909 1048 1969; x_wconf 87' lang='lat' dir='ltr'>et</span> <span class='ocrx_word' id='word_1_82' title='bbox 1078 1900 1236 1992; x_wconf 89' lang='lat' dir='ltr'>polliceri</span> 
     </span>
     <span class='ocr_line' id='line_1_12' title="bbox 142 2019 1243 2116; baseline 0.004 -25"><span class='ocrx_word' id='word_1_83' title='bbox 142 2019 311 2113; x_wconf 85' lang='lat' dir='ltr'>quidquid</span> <span class='ocrx_word' id='word_1_84' title='bbox 346 2020 479 2093; x_wconf 91' lang='lat' dir='ltr'>consilii</span> <span class='ocrx_word' id='word_1_85' title='bbox 514 2020 749 2116; x_wconf 74' lang='lat' dir='ltr'>potentiaeque</span> <span class='ocrx_word' id='word_1_86' title='bbox 783 2040 859 2089; x_wconf 79' lang='lat' dir='ltr'>suae</span> <span class='ocrx_word' id='word_1_87' title='bbox 890 2019 995 2090; x_wconf 91' lang='lat' dir='ltr'>fuerit</span> <span class='ocrx_word' id='word_1_88' title='bbox 1028 2020 1243 2113; x_wconf 77' lang='lat' dir='ltr'>reipublicae·</span> 
     </span>
     <span class='ocr_line' id='line_1_13' title="bbox 143 2138 1230 2234; baseline 0.008 -28"><span class='ocrx_word' id='word_1_89' title='bbox 143 2162 242 2234; x_wconf 89' lang='lat' dir='ltr'>opem</span> <span class='ocrx_word' id='word_1_90' title='bbox 264 2151 430 2233; x_wconf 89' lang='lat' dir='ltr'>quantam</span> <span class='ocrx_word' id='word_1_91' title='bbox 452 2142 575 2233; x_wconf 88' lang='lat' dir='ltr'>possit,</span> <span class='ocrx_word' id='word_1_92' title='bbox 596 2140 686 2233; x_wconf 88' lang='lat' dir='ltr'>plebi</span> <span class='ocrx_word' id='word_1_93' title='bbox 704 2138 855 2212; x_wconf 80' lang='lat' dir='ltr'>infirmae</span> <span class='ocrx_word' id='word_1_94' title='bbox 870 2142 1027 2213; x_wconf 90' lang='lat' dir='ltr'>faverem</span> <span class='ocrx_word' id='word_1_95' title='bbox 1044 2144 1230 2227; x_wconf 80' lang='lat' dir='ltr'>eximium,</span> 
     </span>
     <span class='ocr_line' id='line_1_14' title="bbox 142 2261 1231 2355; baseline 0.006 -24"><span class='ocrx_word' id='word_1_96' title='bbox 142 2261 302 2332; x_wconf 80' lang='lat' dir='ltr'>omnibus</span> <span class='ocrx_word' id='word_1_97' title='bbox 335 2262 511 2332; x_wconf 88' lang='lat' dir='ltr'>iustitiam.</span> <span class='ocrx_word' id='word_1_98' title='bbox 546 2264 653 2333; x_wconf 92' lang='lat' dir='ltr'>Orare</span> <span class='ocrx_word' id='word_1_99' title='bbox 694 2284 774 2333; x_wconf 91' lang='lat' dir='ltr'>sese</span> <span class='ocrx_word' id='word_1_100' title='bbox 811 2264 922 2333; x_wconf 88' lang='lat' dir='ltr'>Deum</span> <span class='ocrx_word' id='word_1_101' title='bbox 961 2274 1069 2355; x_wconf 88' lang='lat' dir='ltr'>atque</span> <span class='ocrx_word' id='word_1_102' title='bbox 1108 2286 1231 2337; x_wconf 84' lang='lat' dir='ltr'>omnes</span> 
     </span>
     <span class='ocr_line' id='line_1_15' title="bbox 141 2376 1230 2475; baseline 0.008 -22"><span class='ocrx_word' id='word_1_103' title='bbox 141 2376 323 2464; x_wconf 77' lang='lat' dir='ltr'>eelicolaS,</span> <span class='ocrx_word' id='word_1_104' title='bbox 348 2382 381 2454; x_wconf 93' lang='lat' dir='ltr'>iu</span> <span class='ocrx_word' id='word_1_105' title='bbox 402 2382 531 2475; x_wconf 83' lang='lat' dir='ltr'>quibus</span> <span class='ocrx_word' id='word_1_106' title='bbox 554 2384 753 2453; x_wconf 90' lang='lat' dir='ltr'>nominatim</span> <span class='ocrx_word' id='word_1_107' title='bbox 776 2384 1002 2455; x_wconf 83' lang='lat' dir='ltr'>recensendis</span> <span class='ocrx_word' id='word_1_108' title='bbox 1023 2407 1095 2457; x_wconf 94' lang='lat' dir='ltr'>non</span> <span class='ocrx_word' id='word_1_109' title='bbox 1119 2388 1230 2461; x_wconf 91' lang='lat' dir='ltr'>modi·</span> 
     </span>
     <span class='ocr_line' id='line_1_16' title="bbox 141 2505 1228 2603; baseline 0.006 -26"><span class='ocrx_word' id='word_1_110' title='bbox 141 2528 216 2577; x_wconf 89' lang='lat' dir='ltr'>cam</span> <span class='ocrx_word' id='word_1_111' title='bbox 248 2515 379 2600; x_wconf 91' lang='lat' dir='ltr'>partem</span> <span class='ocrx_word' id='word_1_112' title='bbox 408 2505 575 2577; x_wconf 89' lang='lat' dir='ltr'>orationis</span> <span class='ocrx_word' id='word_1_113' title='bbox 605 2505 815 2599; x_wconf 81' lang='lat' dir='ltr'>absumpsit,</span> <span class='ocrx_word' id='word_1_114' title='bbox 840 2515 877 2578; x_wconf 93' lang='lat' dir='ltr'>ut</span> <span class='ocrx_word' id='word_1_115' title='bbox 898 2507 992 2601; x_wconf 92' lang='lat' dir='ltr'>quod</span> <span class='ocrx_word' id='word_1_116' title='bbox 1014 2508 1093 2603; x_wconf 92' lang='lat' dir='ltr'>ipse</span> <span class='ocrx_word' id='word_1_117' title='bbox 1116 2512 1172 2603; x_wconf 90' lang='lat' dir='ltr'>pie</span> <span class='ocrx_word' id='word_1_118' title='bbox 1190 2532 1228 2583; x_wconf 87' lang='lat' dir='ltr'>ac</span> 
     </span>
     <span class='ocr_line' id='line_1_17' title="bbox 142 2625 1228 2720; baseline 0.004 -21"><span class='ocrx_word' id='word_1_119' title='bbox 142 2627 287 2699; x_wconf 87' lang='lat' dir='ltr'>fideliter</span> <span class='ocrx_word' id='word_1_120' title='bbox 312 2629 528 2720; x_wconf 89' lang='lat' dir='ltr'>concepisset</span> <span class='ocrx_word' id='word_1_121' title='bbox 546 2625 579 2696; x_wconf 94' lang='lat' dir='ltr'>id</span> <span class='ocrx_word' id='word_1_122' title='bbox 593 2628 736 2698; x_wconf 85' lang='lat' dir='ltr'>feliciter</span> <span class='ocrx_word' id='word_1_123' title='bbox 753 2641 1011 2701; x_wconf 85' lang='lat' dir='ltr'>consumerent.</span> <span class='ocrx_word' id='word_1_124' title='bbox 1033 2632 1130 2716; x_wconf 88' lang='lat' dir='ltr'>Quid</span> <span class='ocrx_word' id='word_1_125' title='bbox 1150 2636 1228 2705; x_wconf 83' lang='lat' dir='ltr'>vis?</span> 
     </span>
     <span class='ocr_line' id='line_1_18' title="bbox 140 2744 1225 2842; baseline 0.006 -22"><span class='ocrx_word' id='word_1_126' title='bbox 140 2751 206 2820; x_wconf 91' lang='lat' dir='ltr'>Per</span> <span class='ocrx_word' id='word_1_127' title='bbox 222 2751 381 2821; x_wconf 68' lang='lat' dir='ltr'>amicitiae</span> <span class='ocrx_word' id='word_1_128' title='bbox 398 2744 605 2833; x_wconf 75' lang='lat' dir='ltr'>fldem&#39;iuro,</span> <span class='ocrx_word' id='word_1_129' title='bbox 627 2753 787 2842; x_wconf 87' lang='lat' dir='ltr'>loquente</span> <span class='ocrx_word' id='word_1_130' title='bbox 805 2752 872 2835; x_wconf 91' lang='lat' dir='ltr'>illo,</span> <span class='ocrx_word' id='word_1_131' title='bbox 890 2753 966 2823; x_wconf 88' lang='lat' dir='ltr'>sine</span> <span class='ocrx_word' id='word_1_132' title='bbox 985 2754 1142 2827; x_wconf 84' lang='lat' dir='ltr'>lacrimis</span> <span class='ocrx_word' id='word_1_133' title='bbox 1159 2778 1225 2829; x_wconf 91' lang='lat' dir='ltr'>uon</span> 
     </span>
     <span class='ocr_line' id='line_1_19' title="bbox 140 2871 1225 2966; baseline 0.007 -23"><span class='ocrx_word' id='word_1_134' title='bbox 140 2874 199 2943; x_wconf 92' lang='lat' dir='ltr'>fui.</span> <span class='ocrx_word' id='word_1_135' title='bbox 221 2871 333 2943; x_wconf 88' lang='lat' dir='ltr'>Credo</span> <span class='ocrx_word' id='word_1_136' title='bbox 353 2873 471 2944; x_wconf 89' lang='lat' dir='ltr'>itidem</span> <span class='ocrx_word' id='word_1_137' title='bbox 493 2873 634 2945; x_wconf 85' lang='lat' dir='ltr'>affectos</span> <span class='ocrx_word' id='word_1_138' title='bbox 652 2873 753 2956; x_wconf 90' lang='lat' dir='ltr'>alios,</span> <span class='ocrx_word' id='word_1_139' title='bbox 774 2874 868 2966; x_wconf 88' lang='lat' dir='ltr'>quod</span> <span class='ocrx_word' id='word_1_140' title='bbox 886 2875 968 2944; x_wconf 89' lang='lat' dir='ltr'>mihi</span> <span class='ocrx_word' id='word_1_141' title='bbox 988 2878 1147 2949; x_wconf 91' lang='lat' dir='ltr'>omnium</span> <span class='ocrx_word' id='word_1_142' title='bbox 1166 2878 1225 2951; x_wconf 88' lang='lat' dir='ltr'>im·</span> 
     </span>
     <span class='ocr_line' id='line_1_20' title="bbox 144 2995 1225 3073; baseline 0.009 -10"><span class='ocrx_word' id='word_1_143' title='bbox 144 3004 234 3066; x_wconf 90' lang='lat' dir='ltr'>mota</span> <span class='ocrx_word' id='word_1_144' title='bbox 254 2997 349 3065; x_wconf 89' lang='lat' dir='ltr'>frons</span> <span class='ocrx_word' id='word_1_145' title='bbox 370 3006 406 3065; x_wconf 93' lang='lat' dir='ltr'>et</span> <span class='ocrx_word' id='word_1_146' title='bbox 426 2995 568 3068; x_wconf 90' lang='lat' dir='ltr'>intentio</span> <span class='ocrx_word' id='word_1_147' title='bbox 593 3007 629 3065; x_wconf 93' lang='lat' dir='ltr'>ct</span> <span class='ocrx_word' id='word_1_148' title='bbox 654 2996 828 3065; x_wconf 91' lang='lat' dir='ltr'>silentium</span> <span class='ocrx_word' id='word_1_149' title='bbox 856 2996 1063 3069; x_wconf 89' lang='lat' dir='ltr'>indicabant.</span> <span class='ocrx_word' id='word_1_150' title='bbox 1093 3001 1152 3073; x_wconf 89' lang='lat' dir='ltr'>Sic</span> <span class='ocrx_word' id='word_1_151' title='bbox 1173 3003 1225 3073; x_wconf 92' lang='lat' dir='ltr'>ille</span> 
     </span>
     <span class='ocr_line' id='line_1_21' title="bbox 145 3117 1225 3215; baseline 0.006 -26"><span class='ocrx_word' id='word_1_152' title='bbox 145 3124 197 3189; x_wconf 90' lang='lat' dir='ltr'>vir</span> <span class='ocrx_word' id='word_1_153' title='bbox 218 3118 392 3189; x_wconf 80' lang='lat' dir='ltr'>maximus</span> <span class='ocrx_word' id='word_1_154' title='bbox 414 3117 635 3187; x_wconf 88' lang='lat' dir='ltr'>lanuensium</span> <span class='ocrx_word' id='word_1_155' title='bbox 658 3119 824 3189; x_wconf 80' lang='lat' dir='ltr'>aerumnis</span> <span class='ocrx_word' id='word_1_156' title='bbox 844 3120 1008 3211; x_wconf 90' lang='lat' dir='ltr'>compati,</span> <span class='ocrx_word' id='word_1_157' title='bbox 1029 3120 1082 3192; x_wconf 91' lang='lat' dir='ltr'>sie</span> <span class='ocrx_word' id='word_1_158' title='bbox 1100 3144 1225 3215; x_wconf 81' lang='lat' dir='ltr'>magno</span> 
     </span>
     <span class='ocr_line' id='line_1_22' title="bbox 142 3242 1222 3329; baseline 0.008 -17"><span class='ocrx_word' id='word_1_159' title='bbox 142 3245 257 3312; x_wconf 84' lang='lat' dir='ltr'>animo</span> <span class='ocrx_word' id='word_1_160' title='bbox 270 3243 359 3312; x_wconf 89' lang='lat' dir='ltr'>velle</span> <span class='ocrx_word' id='word_1_161' title='bbox 373 3263 576 3312; x_wconf 87' lang='lat' dir='ltr'>succurrere</span> <span class='ocrx_word' id='word_1_162' title='bbox 587 3242 687 3312; x_wconf 90' lang='lat' dir='ltr'>visus</span> <span class='ocrx_word' id='word_1_163' title='bbox 704 3251 768 3326; x_wconf 87' lang='lat' dir='ltr'>est,</span> <span class='ocrx_word' id='word_1_164' title='bbox 788 3252 828 3313; x_wconf 92' lang='lat' dir='ltr'>ut</span> <span class='ocrx_word' id='word_1_165' title='bbox 844 3244 873 3313; x_wconf 89' lang='lat' dir='ltr'>si</span> <span class='ocrx_word' id='word_1_166' title='bbox 889 3243 960 3313; x_wconf 88' lang='lat' dir='ltr'>vita</span> <span class='ocrx_word' id='word_1_167' title='bbox 973 3265 1093 3315; x_wconf 91' lang='lat' dir='ltr'>comes</span> <span class='ocrx_word' id='word_1_168' title='bbox 1109 3246 1222 3329; x_wconf 86' lang='lat' dir='ltr'>fuerit.</span> 
     </span>
     <span class='ocr_line' id='line_1_23' title="bbox 144 3362 1226 3463; baseline 0.009 -31"><span class='ocrx_word' id='word_1_169' title='bbox 144 3366 176 3433; x_wconf 91' lang='lat' dir='ltr'>in</span> <span class='ocrx_word' id='word_1_170' title='bbox 196 3362 259 3433; x_wconf 88' lang='lat' dir='ltr'>hac</span> <span class='ocrx_word' id='word_1_171' title='bbox 275 3365 366 3432; x_wconf 84' lang='lat' dir='ltr'>emm</span> <span class='ocrx_word' id='word_1_172' title='bbox 386 3385 499 3435; x_wconf 92' lang='lat' dir='ltr'>rerum</span> <span class='ocrx_word' id='word_1_173' title='bbox 519 3375 589 3436; x_wconf 92' lang='lat' dir='ltr'>tota</span> <span class='ocrx_word' id='word_1_174' title='bbox 608 3366 662 3435; x_wconf 88' lang='lat' dir='ltr'>vis</span> <span class='ocrx_word' id='word_1_175' title='bbox 680 3366 843 3448; x_wconf 87' lang='lat' dir='ltr'>vertitur,</span> <span class='ocrx_word' id='word_1_176' title='bbox 860 3366 905 3437; x_wconf 89' lang='lat' dir='ltr'>sit</span> <span class='ocrx_word' id='word_1_177' title='bbox 917 3367 974 3437; x_wconf 88' lang='lat' dir='ltr'>vel</span> <span class='ocrx_word' id='word_1_178' title='bbox 990 3388 1132 3458; x_wconf 81' lang='lat' dir='ltr'>magnae</span> <span class='ocrx_word' id='word_1_179' title='bbox 1144 3390 1226 3463; x_wconf 88' lang='lat' dir='ltr'>spes</span> 
     </span>
     <span class='ocr_line' id='line_1_24' title="bbox 141 3484 1226 3581; baseline 0.008 -27"><span class='ocrx_word' id='word_1_180' title='bbox 141 3494 233 3554; x_wconf 88' lang='lat' dir='ltr'>certa</span> <span class='ocrx_word' id='word_1_181' title='bbox 254 3484 409 3553; x_wconf 86' lang='lat' dir='ltr'>victoriae</span> <span class='ocrx_word' id='word_1_182' title='bbox 430 3488 484 3555; x_wconf 91' lang='lat' dir='ltr'>vel</span> <span class='ocrx_word' id='word_1_183' title='bbox 506 3487 665 3558; x_wconf 79' lang='lat' dir='ltr'>honestae</span> <span class='ocrx_word' id='word_1_184' title='bbox 687 3489 793 3581; x_wconf 87' lang='lat' dir='ltr'>pacis.</span> <span class='ocrx_word' id='word_1_185' title='bbox 817 3489 849 3557; x_wconf 89' lang='lat' dir='ltr'>Si</span> <span class='ocrx_word' id='word_1_186' title='bbox 871 3488 963 3559; x_wconf 91' lang='lat' dir='ltr'>enim</span> <span class='ocrx_word' id='word_1_187' title='bbox 978 3492 1226 3577; x_wconf 87' lang='lat' dir='ltr'>mutatoduee,</span> 
     </span>
     <span class='ocr_line' id='line_1_25' title="bbox 144 3609 1228 3707; baseline 0.013 -32"><span class='ocrx_word' id='word_1_188' title='bbox 144 3616 308 3677; x_wconf 87' lang='lat' dir='ltr'>mutatam</span> <span class='ocrx_word' id='word_1_189' title='bbox 324 3626 418 3696; x_wconf 86' lang='lat' dir='ltr'>saepc</span> <span class='ocrx_word' id='word_1_190' title='bbox 436 3609 608 3680; x_wconf 89' lang='lat' dir='ltr'>fortunam</span> <span class='ocrx_word' id='word_1_191' title='bbox 628 3610 705 3680; x_wconf 88' lang='lat' dir='ltr'>belli</span> <span class='ocrx_word' id='word_1_192' title='bbox 728 3611 890 3695; x_wconf 79' lang='lat' dir='ltr'>uidimus,</span> <span class='ocrx_word' id='word_1_193' title='bbox 910 3611 993 3704; x_wconf 89' lang='lat' dir='ltr'>quid</span> <span class='ocrx_word' id='word_1_194' title='bbox 1012 3618 1228 3707; x_wconf 59' lang='lat' dir='ltr'>sperandum</span> 
     </span>
     <span class='ocr_line' id='line_1_26' title="bbox 143 3728 1229 3828; baseline 0.012 -28"><span class='ocrx_word' id='word_1_195' title='bbox 143 3741 242 3823; x_wconf 89' lang='lat' dir='ltr'>putes</span> <span class='ocrx_word' id='word_1_196' title='bbox 277 3736 325 3799; x_wconf 91' lang='lat' dir='ltr'>tot</span> <span class='ocrx_word' id='word_1_197' title='bbox 358 3728 499 3821; x_wconf 92' lang='lat' dir='ltr'>insuper</span> <span class='ocrx_word' id='word_1_198' title='bbox 533 3732 728 3823; x_wconf 75' lang='lat' dir='ltr'>legionibus</span> <span class='ocrx_word' id='word_1_199' title='bbox 764 3744 927 3826; x_wconf 86' lang='lat' dir='ltr'>tantaque</span> <span class='ocrx_word' id='word_1_200' title='bbox 959 3740 1137 3828; x_wconf 78' lang='lat' dir='ltr'>potentia?</span> <span class='ocrx_word' id='word_1_201' title='bbox 1171 3742 1229 3813; x_wconf 88' lang='lat' dir='ltr'>llle</span> 
     </span>
     <span class='ocr_line' id='line_1_27' title="bbox 140 3851 1230 3948; baseline 0.015 -26"><span class='ocrx_word' id='word_1_202' title='bbox 140 3851 279 3943; x_wconf 91' lang='lat' dir='ltr'>quidem</span> <span class='ocrx_word' id='word_1_203' title='bbox 303 3853 331 3923; x_wconf 90' lang='lat' dir='ltr'>si</span> <span class='ocrx_word' id='word_1_204' title='bbox 354 3874 436 3945; x_wconf 87' lang='lat' dir='ltr'>spes</span> <span class='ocrx_word' id='word_1_205' title='bbox 467 3861 605 3924; x_wconf 87' lang='lat' dir='ltr'>nostras</span> <span class='ocrx_word' id='word_1_206' title='bbox 627 3853 835 3948; x_wconf 89' lang='lat' dir='ltr'>impleverit,</span> <span class='ocrx_word' id='word_1_207' title='bbox 864 3869 1034 3929; x_wconf 76' lang='lat' dir='ltr'>aeternum</span> <span class='ocrx_word' id='word_1_208' title='bbox 1056 3861 1170 3935; x_wconf 89' lang='lat' dir='ltr'>decus</span> <span class='ocrx_word' id='word_1_209' title='bbox 1195 3874 1230 3937; x_wconf 84' lang='lat' dir='ltr'>et</span> 
     </span>
     <span class='ocr_line' id='line_1_28' title="bbox 142 3974 1230 4068; baseline 0.016 -28"><span class='ocrx_word' id='word_1_210' title='bbox 142 3974 366 4047; x_wconf 88' lang='lat' dir='ltr'>immortalem</span> <span class='ocrx_word' id='word_1_211' title='bbox 382 3976 526 4068; x_wconf 80' lang='lat' dir='ltr'>gloriam</span> <span class='ocrx_word' id='word_1_212' title='bbox 546 3999 593 4047; x_wconf 74' lang='lat' dir='ltr'>eu</span> <span class='ocrx_word' id='word_1_213' title='bbox 614 3976 725 4048; x_wconf 88' lang='lat' dir='ltr'>aliena</span> <span class='ocrx_word' id='word_1_214' title='bbox 747 3979 812 4049; x_wconf 84' lang='lat' dir='ltr'>siti</span> <span class='ocrx_word' id='word_1_215' title='bbox 835 3980 1034 4052; x_wconf 87' lang='lat' dir='ltr'>calamitate</span> <span class='ocrx_word' id='word_1_216' title='bbox 1051 3986 1230 4057; x_wconf 87' lang='lat' dir='ltr'>conflave-</span> 
     </span>
     <span class='ocr_line' id='line_1_29' title="bbox 142 4095 1231 4192; baseline 0.016 -29"><span class='ocrx_word' id='word_1_217' title='bbox 142 4095 201 4175; x_wconf 91' lang='lat' dir='ltr'>rit;</span> <span class='ocrx_word' id='word_1_218' title='bbox 223 4098 364 4189; x_wconf 85' lang='lat' dir='ltr'>quodsi</span> <span class='ocrx_word' id='word_1_219' title='bbox 386 4099 554 4170; x_wconf 89' lang='lat' dir='ltr'>voluntati</span> <span class='ocrx_word' id='word_1_220' title='bbox 575 4101 715 4191; x_wconf 70' lang='lat' dir='ltr'>optimus</span> <span class='ocrx_word' id='word_1_221' title='bbox 736 4102 849 4192; x_wconf 89' lang='lat' dir='ltr'>aliqua</span> <span class='ocrx_word' id='word_1_222' title='bbox 873 4104 1022 4173; x_wconf 73' lang='lat' dir='ltr'>fortunae</span> <span class='ocrx_word' id='word_1_223' title='bbox 1044 4105 1101 4175; x_wconf 93' lang='lat' dir='ltr'>vis</span> <span class='ocrx_word' id='word_1_224' title='bbox 1119 4106 1231 4179; x_wconf 89' lang='lat' dir='ltr'>obsti-</span> 
     </span>
     <span class='ocr_line' id='line_1_30' title="bbox 141 4216 1228 4315; baseline 0.017 -30"><span class='ocrx_word' id='word_1_225' title='bbox 141 4216 233 4299; x_wconf 89' lang='lat' dir='ltr'>terit,</span> <span class='ocrx_word' id='word_1_226' title='bbox 256 4218 332 4310; x_wconf 92' lang='lat' dir='ltr'>ipse</span> <span class='ocrx_word' id='word_1_227' title='bbox 365 4220 503 4312; x_wconf 88' lang='lat' dir='ltr'>quidem</span> <span class='ocrx_word' id='word_1_228' title='bbox 539 4221 585 4314; x_wconf 92' lang='lat' dir='ltr'>pii</span> <span class='ocrx_word' id='word_1_229' title='bbox 619 4222 783 4315; x_wconf 87' lang='lat' dir='ltr'>prepositi</span> <span class='ocrx_word' id='word_1_230' title='bbox 819 4224 941 4293; x_wconf 88' lang='lat' dir='ltr'>merito</span> <span class='ocrx_word' id='word_1_231' title='bbox 975 4246 1045 4296; x_wconf 92' lang='lat' dir='ltr'>non</span> <span class='ocrx_word' id='word_1_232' title='bbox 1079 4230 1228 4303; x_wconf 86' lang='lat' dir='ltr'>carebit.</span> 
     </span>
     <span class='ocr_line' id='line_1_31' title="bbox 140 4339 1230 4442; baseline 0.019 -35"><span class='ocrx_word' id='word_1_233' title='bbox 140 4339 229 4409; x_wconf 83' lang='lat' dir='ltr'>Eece</span> <span class='ocrx_word' id='word_1_234' title='bbox 251 4362 328 4409; x_wconf 91' lang='lat' dir='ltr'>eum</span> <span class='ocrx_word' id='word_1_235' title='bbox 347 4339 484 4411; x_wconf 90' lang='lat' dir='ltr'>duabus</span> <span class='ocrx_word' id='word_1_236' title='bbox 499 4343 657 4434; x_wconf 90' lang='lat' dir='ltr'>epistolis</span> <span class='ocrx_word' id='word_1_237' title='bbox 672 4348 777 4417; x_wconf 88' lang='lat' dir='ltr'>multa</span> <span class='ocrx_word' id='word_1_238' title='bbox 790 4344 996 4432; x_wconf 80' lang='lat' dir='ltr'>dixerimus,</span> <span class='ocrx_word' id='word_1_239' title='bbox 1011 4352 1116 4442; x_wconf 85' lang='lat' dir='ltr'>plura</span> <span class='ocrx_word' id='word_1_240' title='bbox 1136 4378 1230 4429; x_wconf 80' lang='lat' dir='ltr'>natue</span> 
     </span>
     <span class='ocr_line' id='line_1_32' title="bbox 139 4461 1230 4573; baseline 0.022 -44"><span class='ocrx_word' id='word_1_241' title='bbox 139 4461 243 4531; x_wconf 85' lang='lat' dir='ltr'>etiam</span> <span class='ocrx_word' id='word_1_242' title='bbox 266 4470 347 4530; x_wconf 89' lang='lat' dir='ltr'>sunt</span> <span class='ocrx_word' id='word_1_243' title='bbox 360 4482 440 4553; x_wconf 81' lang='lat' dir='ltr'>qum</span> <span class='ocrx_word' id='word_1_244' title='bbox 455 4474 596 4533; x_wconf 86' lang='lat' dir='ltr'>restant.</span> <span class='ocrx_word' id='word_1_245' title='bbox 611 4466 776 4537; x_wconf 76' lang='lat' dir='ltr'>Praeteriti</span> <span class='ocrx_word' id='word_1_246' title='bbox 792 4468 947 4541; x_wconf 91' lang='lat' dir='ltr'>ordinem</span> <span class='ocrx_word' id='word_1_247' title='bbox 967 4478 1230 4573; x_wconf 75' lang='lat' dir='ltr'>praesentisque</span> 
     </span>
    </p>
   </div>
   <div class='ocr_carea' id='block_1_3' title="bbox 0 0 1374 5062">
    <p class='ocr_par' dir='ltr' id='par_1_3' title="bbox 0 0 1374 5062">
     <span class='ocr_line' id='line_1_33' title="bbox 0 0 1374 5062; baseline 0 5"><span class='ocrx_word' id='word_1_248' title='bbox 0 0 1374 5062; x_wconf 95' lang='lat' dir='ltr'> </span> 
     </span>
    </p>
   </div>
  </div>
 </body>
</html>
