2738 5062
143 685 203 746 480
488 695 529 742 nu
551 695 652 743 nanus
673 695 894 744 rrunumnus

144 843 238 914 runt,
262 831 441 901 incudem
463 830 639 922 republica
658 833 790 901 versati
812 842 911 916 sunt,
935 851 1003 900 non
1023 830 1157 902 eisdem
1175 842 1229 901 ta-

144 976 222 1025 men
241 953 413 1023 honorum
434 951 617 1042 gradihus,
633 953 806 1045 altiusque
823 952 979 1023 ascendit
992 953 1121 1023 Cicero.
1135 950 1228 1033 Quid

143 1078 273 1146 multa?
303 1076 398 1144 Bene
430 1072 720 1165 concorditerque
738 1074 996 1145 cohabitabunt.
1030 1074 1086 1154 Et,
1122 1073 1227 1144 crede

143 1198 240 1280 mihi,
264 1218 393 1290 paucos
415 1198 500 1266 tales
521 1196 665 1287 iungere
686 1207 824 1287 poteras
852 1218 899 1267 ex
924 1196 1084 1268 omnibus
1111 1197 1227 1266 saeclis

143 1342 183 1390 ac
202 1319 379 1410 gentibus,
399 1318 478 1389 licet
497 1318 552 1389 illc
568 1318 715 1401 doctior,
738 1319 794 1389 ille
815 1319 992 1390 disertior:
1020 1339 1149 1410 sequor
1176 1320 1227 1388 sa-

143 1464 253 1513 mam:
274 1442 424 1533 denique
446 1441 475 1511 si
496 1442 589 1533 loqui
610 1442 739 1524 ausim,
762 1463 802 1510 ac
827 1440 907 1533 quis
933 1441 1077 1511 deornm
1098 1439 1226 1532 quisve

143 1563 321 1634 hominum
343 1586 411 1634 non
431 1563 545 1634 dicam
579 1562 665 1632 inter
699 1570 812 1634 tantas
849 1584 903 1632 mc
932 1561 1081 1633 iudicem
1103 1571 1225 1656 partes

143 1696 287 1770 statuat,
302 1686 365 1756 sed
383 1689 472 1756 ultro
493 1685 792 1757 iudicara'ausum
809 1685 987 1756 inoffensis
1001 1684 1144 1755 auribus
1158 1707 1224 1755 au-

142 1809 226 1893 diat,
248 1808 388 1901 quando
408 1783 521 1878 tamen
542 1808 589 1878 ita
610 1809 674 1879 lert
693 1809 831 1880 animus
852 1810 988 1900 loquar,
1008 1818 1047 1877 ut
1074 1806 1135 1878 tibi
1160 1809 1225 1879 uni

143 1934 177 2002 in
198 1931 374 2002 sinistram
393 1952 512 2002 aurern
536 1932 788 2014 insussurrem,
809 1929 974 2022 quicquid
990 1928 1027 2001 id
1048 1940 1112 2000 cst.
1134 1928 1225 2001 eum

141 2055 303 2148 equidem
325 2055 440 2144 magni
463 2052 578 2138 ambo,
600 2064 661 2125 aut
680 2075 736 2123 me
757 2074 855 2123 amor
874 2062 910 2124 et
926 2051 1142 2123 familiaritas
1160 2053 1226 2123 lal-

142 2179 228 2260 lunt‚
252 2189 312 2247 aut
332 2176 425 2246 omni
446 2198 493 2245 ex
511 2183 610 2266 parte
631 2175 741 2244 maior
757 2184 812 2246 est
829 2174 958 2246 Cicero.
976 2175 1005 2244 O
1021 2173 1107 2271 quid
1122 2173 1225 2245 dixi?

140 2318 356 2392 quorsumve
376 2306 411 2366 cl·
432 2306 682 2389 praerumptum
700 2298 864 2368 inlocum
887 2295 1020 2389 prodii?
1040 2296 1111 2368 Sed
1129 2295 1223 2377 dixi3

144 2419 205 2490 sed
229 2417 358 2509 prodii;
388 2430 493 2510 atque
518 2420 649 2490 utinam
682 2441 751 2490 non
785 2419 899 2490 minus
929 2417 1099 2504 audaciae,
1119 2441 1224 2513 quam

145 2541 261 2614 iudicii
281 2539 469 2612 discrimen
489 2540 645 2614 adierim.
667 2542 762 2612 Vale.

573 2969 754 3033 uplsuonu
775 2970 808 3033 V.

260 3154 453 3204 runuclscus
476 3155 644 3205 Pulsanda
666 3157 816 3207 Gnnnnno
836 3155 953 3205 suarm
975 3156 1000 3203 S.
1024 3156 1052 3203 P.
1075 3157 1105 3204 D.

203 3330 285 3385 lllittit
304 3332 452 3400 Augustini
471 3331 674 3401 consessiones,
694 3333 836 3402 multaque
854 3332 964 3387 disserit
982 3333 1016 3387 de
1035 3334 1167 3390 mendosa

547 3420 682 3477 librorum
701 3421 825 3476 lectione.

244 3631 455 3701 Promissum
490 3633 674 3723 Augustini
701 3635 962 3706 Conlessionum
990 3635 1114 3705 librum
1145 3658 1221 3706 cum

146 3754 200 3824 his
222 3753 342 3823 litteris
356 3753 400 3825 ad
415 3763 447 3824 te
465 3755 554 3836 misi,
573 3776 677 3845 quem
696 3757 989 3828 correctissimum
1008 3761 1124 3828 forsan
1144 3779 1223 3851 spc-

145 3897 202 3947 ras
219 3898 261 3948 cc
279 3877 374 3968 quod
394 3898 494 3947 meus
511 3878 627 3946 luerit:
650 3877 700 3947 sic
718 3879 810 3948 enim
829 3879 888 3950 tibi
907 3902 1116 3981 persuasum
1136 3881 1220 3963 scio,

145 4020 200 4068 me
221 4003 298 4092 plus
325 4000 456 4093 aliquid
481 4022 561 4071 esse
586 4023 691 4094 quarn
718 4003 858 4094 vulgus.
887 4002 925 4073 ld
952 4003 986 4071 in
1013 4025 1132 4074 aurern
1164 4001 1221 4073 tibi

144 4140 333 4211 persuasor
352 4124 504 4216 optimus
525 4146 622 4195 amor
643 4125 824 4217 eloquitur.
847 4124 922 4194 Noli
947 4125 997 4195 sic
1024 4128 1131 4196 frater
1152 4123 1222 4216 opi·

144 4243 232 4312 nari:
254 4245 323 4313 noli
341 4266 464 4335 quaeso
484 4256 519 4317 te
538 4248 670 4327 fallere,
690 4267 802 4339 neque
820 4257 854 4317 te
875 4245 921 4317 ab
941 4248 1007 4318 alio
1024 4249 1092 4317 falli
1116 4249 1220 4317 sinas.

144 4365 179 4434 Si
199 4364 256 4434 tihi
278 4366 341 4437 lroc
362 4390 460 4440 amor
475 4368 560 4440 dicit
577 4369 729 4441 mendax
746 4381 812 4440 est:
835 4370 863 4440 si
882 4372 979 4452 alius,
996 4369 1138 4460 ignarus
1156 4367 1221 4439 mei

143 4497 211 4558 est:
239 4489 269 4559 si
296 4491 440 4585 tuipse,
463 4512 603 4583 possem
626 4489 686 4562 tibi
707 4492 847 4564 credere
875 4493 940 4565 nisi
963 4514 1111 4566 amares.
1134 4490 1222 4577 Quid
