2738 5062
336 726 427 775 crona
449 725 730 784 oururusneuruus.
743 723 947 774 -rrrrsrouu
969 727 1030 774 xrr.
1163 715 1222 777 353

144 874 180 936 et
200 862 331 933 rnilitiae
352 873 481 933 nostrae
500 862 661 955 princeps
674 861 719 932 ad
736 873 884 953 superos
903 862 988 932 calle
1004 864 1218 954 planissimo.

141 988 196 1057 Sic
218 1005 339 1055 omnes
361 982 427 1053 sibi
447 982 667 1054 difficultates
686 993 791 1074 atque
816 983 926 1054 ardua
950 1004 1100 1077 quaeque
1126 1006 1221 1056 com-

141 1112 356 1202 planaverat,
376 1104 573 1197 durumque
590 1107 715 1176 malleo
731 1103 877 1176 fervidae
894 1105 1032 1175 virtutis
1053 1105 1119 1176 iter
1132 1116 1221 1177 stra-

140 1237 255 1312 verat,
276 1239 314 1298 ut
339 1227 422 1296 nihil
443 1225 698 1318 omnino‘quod
717 1225 839 1319 pedem
861 1225 1055 1317 gradientis
1071 1227 1221 1299 offende-

140 1360 201 1433 ret,
221 1347 417 1419 occurrisse
435 1369 522 1418 rear.
541 1347 610 1417 lvit
627 1356 743 1417 autem
766 1368 904 1417 summo
924 1346 1052 1438 gaudio
1071 1348 1219 1420 felicium

140 1469 350 1549 animarum,
372 1467 564 1538 dulcisonis
584 1465 744 1537 cantibus
765 1466 968 1556 angelorum
982 1478 1077 1539 astra
1095 1479 1132 1539 et
1150 1490 1221 1542 οω-

140 1593 211 1662 lum
232 1610 335 1660 omne
356 1587 603 1670 mulcentibus,
632 1589 666 1657 in
693 1588 772 1659 sinu
792 1598 962 1682 exceptus
988 1589 1140 1660 Abrabae
1164 1593 1221 1661 vei

140 1712 251 1804 ipsius
267 1711 399 1804 'potius
423 1709 459 1779 in
480 1709 614 1801 gremio
638 1710 717 1780 lesu
744 1709 883 1791 Christi;
910 1711 938 1780 si
964 1732 1033 1802 qua
1060 1732 1162 1804 spes,
1190 1712 1220 1783 si

140 1855 210 1927 qua
242 1832 330 1904 fides
364 1853 449 1903 vera
476 1840 545 1916 est,
567 1832 754 1923 episcopus
776 1840 896 1901 noster
916 1832 1106 1924 empireum
1129 1833 1221 1904 unde

140 1977 317 2049 nunquam
351 1954 574 2026 meditatione
604 1952 816 2025 discesserat
850 1953 975 2024 coelum
1011 1961 1112 2024 tenet.
1150 1955 1221 2026 Hoc

143 2088 274 2151 tantum
295 2079 440 2148 interest
461 2076 555 2168 quod
582 2076 639 2146 ubi
666 2075 833 2147 hactenus
860 2097 963 2148 curus
990 2096 1074 2147 suas
1099 2097 1221 2148 omnes

140 2201 276 2282 babuit,
298 2199 345 2269 ibi
366 2221 457 2270 nunc
477 2207 583 2269 totum
607 2197 712 2269 babet
732 2197 895 2281 animam,
917 2206 953 2269 et
972 2199 1127 2292 corporis
1149 2220 1223 2270 ser-

131 2322 230 2424 ⁸vitio
255 2342 295 2392 ac
321 2333 459 2392 terreno
490 2341 629 2391 carcere
663 2319 842 2402 iiberatus,
869 2320 937 2391 iilic
958 2322 1059 2392 iaetus
1080 2321 1222 2414 votique

141 2463 283 2536 compos
305 2440 437 2512 habitat
455 2462 526 2534 quo
547 2443 655 2512 muita
674 2441 756 2512 oiim
778 2442 929 2536 suspiria
951 2451 1069 2515 sancta
1087 2443 1224 2534 praemi-

142 2577 245 2637 serat.
264 2563 315 2633 lbi
333 2572 390 2634 est
405 2563 498 2634 unde
517 2565 611 2633 nulia
627 2586 708 2635 eum
726 2563 782 2634 vis
799 2563 950 2647 hostilis,
973 2567 1105 2635 nubum
1127 2564 1221 2636 taedii

141 2686 293 2781 ponduS,
315 2687 410 2757 nulla
431 2694 609 2768 senectus,
634 2687 726 2757 nulla
749 2706 842 2756 mors
863 2685 1046 2767 distrabat3
1075 2687 1133 2756 ubi
1154 2709 1222 2758 non

140 2808 297 2879 crucient
317 2806 450 2889 morbi,
469 2827 538 2876 non
556 2815 662 2898 angat
679 2806 807 2898 inopia,
826 2818 895 2876 no'n
909 2806 1046 2878 fastidia
1064 2807 1221 2891 afficiant,

142 2949 211 2998 non
232 2938 415 3019 torqueant
434 2948 541 3009 curae,
561 2948 630 2997 non
648 2927 738 2999 belia
755 2936 986 3018 perterreant;
1008 2912 1066 2998 ubi
1086 2950 1154 3000 non
1170 2930 1222 3002 ira
1327 2960 1330 2964 ·

143 3049 297 3120 animum
331 3050 508 3132 accendat,
543 3071 612 3120 non
645 3049 725 3121 odia
758 3048 987 3134 inflamment,
1022 3072 1089 3121 non
1115 3053 1223 3124 luxus

142 3170 312 3263 inquinet,
334 3192 402 3242 non
423 3172 505 3263 gula
522 3170 682 3254 solicitet;
710 3171 767 3242 ubi
793 3192 861 3242 non
879 3170 988 3242 tristis
1004 3172 1106 3243 rodat
1123 3174 1221 3257 livor,
1255 3177 1265 3195 ‘

142 3291 356 3385 prosperitas
378 3315 468 3364 vana
489 3296 715 3386 permulceat,
743 3303 877 3388 pungat
901 3292 1110 3378 adversitas,
1139 3295 1225 3366 iaeti-

142 3415 189 3484 tiu
209 3415 376 3501 effundat,
400 3416 498 3487 inflet
515 3417 630 3501 eletio,
654 3437 736 3510 spes
758 3417 904 3499 attollat,
927 3415 1067 3488 deiiciat
1086 3428 1221 3501 metus,

141 3536 451 3620 dolorcontrabat,
470 3537 632 3611 conficiat
650 3560 791 3621 moeror,
811 3538 1009 3634 desperatio
1022 3538 1221 3634 praecipitet.

142 3658 277 3742 Quibus
298 3661 397 3731 malis
413 3682 628 3754 quamquam
646 3661 702 3731 bic
726 3661 828 3733 etiam
855 3670 953 3734 esset
968 3661 1131 3733 immunis
1151 3683 1222 3734 coe-

142 3781 264 3850 lestem
285 3801 430 3872 prorsus
455 3780 490 3852 in
517 3782 619 3854 terris
645 3782 752 3885 uitam
778 3804 902 3874 agens,
938 3794 1054 3855 tamen
1084 3788 1223 3875 propter

143 3900 315 3972 humanas
349 3902 521 3988 miserias,
557 3904 647 3976 inter
671 3927 760 3998 quas
786 3904 985 3977 necessario
1005 3904 1221 3986 versabatur,
1271 3902 1275 3908 ’

142 4020 258 4093 anima
279 4023 336 4093 ilia
359 4024 579 4094 sanctissima
605 4045 674 4095 non
702 4026 834 4095 moveri
865 4046 935 4095 non
964 4034 1099 4116 poterat
1117 4025 1222 4095 inter·

119 4141 239 4225 dum,
261 4144 460 4236 optimeque
479 4146 599 4214 valens
616 4145 651 4214 in
669 4164 710 4214 se
725 4145 817 4235 ipsa,
837 4165 1084 4236 nonnunquam
1102 4146 1222 4217 alienis

141 4272 313 4354 egrotare
332 4264 522 4356 cogebatur
547 4265 693 4346 morbis,
715 4265 874 4359 compati,
897 4266 1042 4347 mederi,
1064 4270 1224 4340 consule-

143 4405 192 4468 re,
214 4407 430 4468 succurrere,
449 4385 618 4457 laborare.
636 4386 735 4455 Nunc
749 4385 885 4458 tandem
901 4389 1000 4481 piene
1011 4391 1094 4460 felix
1108 4388 1154 4458 ibi
1168 4395 1224 4457 est

142 4505 201 4576 ubi
220 4529 283 4578 nec
300 4507 375 4578 suis
390 4528 453 4578 nec
466 4506 589 4577 alienis
604 4515 786 4599 torquetur
798 4508 1002 4599 angoribus,
1017 4511 1101 4603 quin
1117 4508 1221 4578 etiam

274 4636 299 4673 u.
1036 4627 1069 4676 ΞΒ
