2738 5062
351 607 443 656 ornan
463 606 955 665 uuoruusruuutus.-ttrrsroun
980 613 1030 661 ru.
1163 602 1222 664 ltu

149 756 214 818 tur.
232 742 328 828 Quid
340 763 433 833 ergo,
452 744 592 837 quaudo
612 767 727 838 noque
747 767 766 817 a
789 744 972 818 scribendo
988 768 1139 836 cessare,
1161 773 1222 823 ue-

148 888 214 961 que
232 864 389 957 requiem
411 863 480 957 pati
500 871 665 961 possum?
685 866 838 938 Scribam
858 866 930 952 tibi,
952 891 1021 941 nou
1038 872 1131 964 quod
1148 894 1221 944 ma-

148 1008 302 1081 gnopere
334 996 368 1056 te
399 987 467 1057 ista
498 987 716 1080 contingant,
751 988 813 1061 sed
844 992 926 1082 quia
957 1015 1071 1086 neque
1103 1018 1219 1068 rerum

147 1110 304 1204 cupidior
323 1130 492 1182 novarum
512 1121 547 1182 et
566 1112 739 1206 praecipue
757 1134 921 1197 mearum,
940 1138 1052 1209 neque
1071 1121 1221 1191 occulta-

146 1257 223 1307 rum
240 1233 484 1326 vestigantior,
501 1255 614 1327 neque
631 1234 816 1306 difficilium
834 1235 1084 1328 intelligentior,
1106 1264 1219 1334 neque

147 1356 399 1431 incredibilium
433 1356 686 1429 examinantior
713 1357 803 1428 alius
832 1358 914 1427 mihi
940 1368 1009 1430 tam
1039 1363 1219 1455 proximus

146 1502 238 1552 nuno
262 1490 371 1551 extet.
399 1479 534 1553 Audisti
565 1502 645 1552 ecce
665 1481 733 1551 iam
753 1491 886 1573 partem
908 1490 1019 1553 status
1037 1485 1104 1554 mei
1124 1485 1219 1559 labo

147 1603 300 1696 riosique
320 1602 437 1687 animi,
462 1612 498 1674 et
521 1603 681 1676 tabellam
705 1605 910 1674 interseram
935 1626 1016 1697 quae
1042 1618 1076 1678 te
1101 1609 1218 1681 mirari

146 1726 295 1819 amplius
318 1736 432 1819 cogat,
459 1748 585 1820 meque
608 1748 693 1797 vera
721 1728 871 1799 locutum
897 1726 1028 1822 probet.
1059 1729 1218 1803 Amicum

146 1847 251 1919 habui
269 1848 305 1919 in
322 1848 480 1920 sublimis
496 1848 656 1921 amicitiae
674 1870 810 1920 summo
823 1848 944 1941 gradu.
959 1851 992 1921 ls
1009 1873 1052 1923 eo
1066 1864 1219 1946 tempore

146 1991 214 2062 quo
238 1969 483 2043 ardentissime
510 1971 659 2061 Africam
684 1992 799 2043 meam
823 1972 1019 2064 ingressus,
1048 1983 1216 2067 quantum

146 2115 321 2186 uunquam
343 2096 416 2164 sote
437 2096 571 2167 leonem
594 2093 768 2168 obtinente
788 2095 886 2179 arsit,
913 2094 1034 2186 Afriooe
1052 2118 1140 2193 opus
1162 2098 1214 2169 in-

144 2238 314 2311 ceperam,
333 2218 427 2310 quod
444 2218 533 2289 iuter
549 2239 674 2290 manus
690 2239 786 2290 meas
806 2217 936 2290 diutius
954 2219 1021 2291 iam
1039 2222 1214 2316 pependit,

144 2350 178 2412 et
200 2340 299 2436 quod
324 2364 444 2426 unum,
474 2343 504 2412 si
531 2364 601 2436 qua
633 2364 715 2438 spes
741 2344 861 2415 salutis
886 2352 955 2427 est,
980 2345 1095 2417 anheli
1125 2346 1216 2417 sitim

145 2464 294 2557 pectoris
315 2476 397 2556 puto
412 2466 471 2535 vel
488 2465 592 2536 leniet
608 2468 662 2537 vet
682 2467 871 2560 extinguet,
890 2492 968 2542 eum
989 2470 1138 2543 vidisset
1154 2469 1216 2539 im·
1312 2524 1319 2536 .

145 2586 278 2660 modico
302 2586 419 2659 labore
441 2590 645 2674 conlectum,
672 2588 861 2682 improviso
887 2614 1047 2664 sermone
1073 2614 1129 2663 me
1153 2614 1216 2685 ag-

144 2732 298 2804 gressus,
317 2711 412 2805 petiit
428 2733 554 2783 munus
573 2713 637 2784 sibi
655 2723 801 2803 gratum,
824 2713 908 2784 mihi
927 2715 1103 2806 pertaoile:
1121 2714 1217 2807 quod

143 2852 219 2905 oum
240 2833 384 2923 ignarus
405 2832 613 2916 annuissem,
633 2844 671 2903 ut
685 2833 741 2903 oui
760 2854 891 2924 negare
911 2833 993 2904 nihil
1011 2855 1162 2926 possem,
1180 2845 1217 2905 et

143 2976 244 3049 quem
266 2954 392 3026 scirem
411 2955 459 3025 nil
477 2954 546 3025 uisi
565 2953 774 3026 amicissimo
794 2953 908 3026 animo
928 2955 1114 3049 petiturum
1130 2981 1137 3039 ;
1159 2956 1213 3044 da,

143 3076 262 3173 iuquit,
283 3077 367 3149 mihi
386 3080 504 3150 olavus
524 3076 663 3149 armarii
679 3076 742 3160 tui;
759 3098 848 3170 quas
867 3099 946 3148 cum
962 3077 1137 3151 dedissem
1154 3081 1216 3153 ad-

142 3202 289 3287 mirans,
315 3200 362 3271 ibi
388 3202 545 3296 protinus
569 3199 675 3272 libros
701 3221 823 3271 omnes
847 3180 944 3271 meos
970 3211 1075 3295 atque
1100 3202 1216 3275 omnia

142 3325 184 3398 ad
229 3323 450 3397 scribendum
493 3322 722 3394 instrumenta
761 3323 929 3395 eouolusit
968 3324 1215 3421 obseravitque

142 3447 294 3532 sollicite,
317 3457 421 3539 atque
441 3445 541 3530 abiit3
572 3454 609 3516 et
627 3445 758 3529 decem,
780 3446 903 3540 inquit,
925 3447 987 3519 tibi
1007 3447 1144 3521 dierum
1164 3451 1214 3521 fe-

140 3569 209 3643 rias
231 3567 359 3651 iudico,
380 3578 415 3641 et
434 3590 481 3640 ox
502 3581 602 3662 pacto
618 3567 721 3641 iubeo
740 3590 784 3640 ne
800 3568 885 3662 quid
904 3570 970 3644 hoo
991 3582 1146 3666 tempore
1167 3573 1214 3643 le

140 3710 203 3783 gas
229 3705 291 3763 aut
316 3690 458 3763 scribas.
483 3692 620 3782 Agnovi
643 3692 774 3764 ludum.
801 3693 941 3765 Otiosus
966 3692 1046 3777 sibi,
1070 3716 1212 3766 mancus

139 3812 222 3884 mihi
239 3835 420 3885 remanere
432 3814 532 3886 visus
549 3835 653 3885 eram.
670 3815 760 3899 Quid
773 3818 960 3909 expectas?
973 3817 1122 3888 Transiit
1137 3816 1212 3889 dies

140 3931 193 4009 ille
222 3957 314 4007 anno
340 3937 473 4028 longior
499 3957 567 4007 non
593 3936 666 4006 sine
694 3937 817 4020 taedi0;
843 3938 900 4010 die
924 3939 1034 4009 altero
1058 3936 1210 4010 dolorem

140 4055 259 4152 eapitis
280 4078 300 4127 a
322 4078 422 4128 mane
444 4057 488 4129 ad
508 4078 692 4152 vesperam
719 4078 846 4151 passus
868 4080 966 4141 sum;
990 4056 1211 4130 tertiusdies

142 4177 302 4252 illuxerat
322 4188 357 4250 et
376 4181 545 4273 quasdam
570 4177 676 4251 febris
696 4179 924 4252 motiunculas
944 4178 1072 4251 sentire
1097 4202 1212 4274 empe-

142 4320 229 4375 ram:
251 4303 352 4377 rediit
371 4305 436 4386 ille,
459 4302 666 4396 recognita,
687 4305 873 4395 clavesque
893 4303 1052 4378 restituit.
1075 4306 1125 4375 lta
1144 4325 1211 4394 ego

144 4437 281 4520 repente
303 4428 475 4512 convalui,
497 4437 533 4497 et
555 4426 630 4520 ipso
652 4426 870 4520 postmodum
887 4450 943 4499 me
965 4426 1140 4499 laboribus
1166 4425 1208 4494 ali
