2738 5062
240 692 278 752 86
574 697 615 745 DE
636 694 736 745 subus
759 696 981 746 raderamnus

241 837 389 929 ideoque
405 834 625 927 potissimum
647 841 686 903 ut
706 831 766 903 tibi
787 831 993 915 mitteretur,
1014 827 1180 901 obtinuit:
1202 832 1320 905 nescio

240 957 381 1052 quidem
398 978 443 1028 an
460 978 522 1050 pro
548 957 685 1040 solatio,
708 977 753 1028 an
774 976 837 1052 pro
861 952 1105 1048 impedimento
1131 955 1248 1027 solatii
1271 956 1319 1028 tui

241 1081 364 1154 dicam.
398 1079 467 1152 Sed
494 1079 656 1172 quoniam
688 1078 722 1150 id
748 1100 861 1172 genus
884 1077 1063 1171 estquod
1084 1074 1156 1149 nisi
1175 1097 1226 1151 ex
1244 1078 1319 1172 ipso

242 1202 302 1297 qui
321 1201 474 1274 condidit
493 1202 659 1286 auditum,
678 1200 826 1292 intelligi
848 1223 917 1272 non
937 1199 1061 1294 possit,
1079 1219 1125 1270 ne
1140 1210 1176 1272 te
1193 1198 1320 1272 inutili·

244 1335 296 1397 ter
314 1326 453 1416 fatiges,
485 1324 598 1419 primo
622 1322 706 1415 quid
725 1321 857 1406 dicam,
878 1321 1003 1394 deinde
1023 1320 1108 1415 quid
1127 1321 1316 1406 intendam,

241 1448 409 1521 brevibus
429 1445 620 1540 explicabo.

339 1573 415 1641 Duo
432 1579 593 1665 pastores
614 1568 839 1650 inducuntur,
865 1569 1039 1661 pastorius
1064 1567 1235 1642 enimest
1259 1570 1319 1642 sti·

242 1698 310 1777 lus;
331 1693 411 1765 ideo
429 1690 626 1785 pastoribus
643 1691 771 1762 dantur
789 1689 928 1762 nomina
945 1701 1123 1785 pastorum
1136 1691 1267 1764 Silvius
1278 1713 1317 1766 uc

242 1818 409 1890 Monicus.
427 1815 557 1888 Silvius
577 1835 662 1904 ergo
682 1812 854 1884 Monicum
873 1815 985 1884 solum
1000 1821 1037 1884 et
1055 1812 1231 1888 invidioso
1249 1816 1316 1889 otio

241 1940 375 2011 felicem
389 1938 525 2022 videns,
541 1935 608 2008 sub
619 1945 719 2007 antro
728 1935 879 2028 quodam
888 1934 1125 2026 quiescentem
1132 1937 1317 2031 alloquitur

241 2062 343 2154 quasi
363 2063 535 2132 fortunam
559 2060 649 2130 illius
675 2056 850 2129 admirans
876 2066 912 2128 et
932 2079 1031 2130 suam
1050 2056 1197 2145 dedens,
1223 2060 1316 2155 quod

242 2181 300 2252 ille
320 2203 428 2273 grege
449 2204 488 2252 ac
514 2203 595 2252 rure
626 2181 824 2276 posthabito
854 2181 1008 2275 requiem
1034 2183 1221 2270 invenerit,
1242 2182 1316 2281 ipse

216 2283 221 2293 ⁶
244 2325 329 2375 vero
350 2324 494 2397 asperos
516 2304 621 2375 colles
638 2304 746 2374 multo
775 2326 854 2375 cum
883 2303 1002 2376 labore
1020 2304 1224 2391 circumeat3
1248 2328 1317 2402 quo

241 2448 285 2499 eo
304 2426 416 2516 magis
450 2426 595 2503 miratur
624 2433 752 2501 tantam
780 2446 861 2497 esse
885 2426 1124 2499 diversitatem
1154 2431 1314 2517 fortune,

242 2547 415 2643 quoniam,
431 2557 470 2618 ut
481 2547 572 2628 dicit
588 2570 658 2618 una
671 2548 863 2640 eademque
875 2551 987 2619 fuerat
999 2548 1180 2623 amborum
1196 2562 1315 2636 mater,

242 2685 282 2745 ut
296 2672 399 2744 detur
419 2670 562 2762 intelligi
578 2692 763 2763 germanos
788 2693 869 2745 esse
893 2683 1064 2769 pastores.
1090 2676 1251 2750 Monicus
1273 2676 1318 2751 ad

242 2796 331 2880 haec,
360 2804 467 2866 totam
493 2795 634 2865 fraterni
660 2792 787 2869 laboris
808 2798 942 2891 culpam
968 2798 1004 2867 in
1027 2797 1188 2870 eumdem
1208 2811 1318 2873 rcton

241 2930 338 3012 quet,
362 2921 455 2990 nulla
476 2919 511 2990 vi
532 2930 688 2991 coactum
715 2918 849 3004 dicens,
873 2926 996 3012 sponte
1022 2939 1086 2989 sua
1111 2940 1233 2993 errare
1257 2944 1317 3020 per

242 3043 345 3115 devia
369 3044 535 3114 silvarum
557 3043 797 3135 montiumque
825 3042 1016 3112 cacumina.
1046 3041 1108 3112 Cui
1130 3045 1318 3137 respondet

242 3166 372 3237 Silvius
404 3187 563 3236 errorum
597 3186 740 3236 causam
773 3184 855 3234 esse
886 3184 1060 3247 amorem,
1094 3172 1131 3235 et
1161 3187 1317 3238 amorem

241 3307 365 3369 musae,
387 3307 456 3356 non
477 3285 597 3367 alium;
614 3286 709 3378 quod
729 3294 768 3354 ut
787 3295 903 3380 pateat
922 3284 1175 3378 longiusculam
1201 3288 1319 3384 incipit

241 3407 413 3491 fabellam,
441 3407 590 3479 duorum
612 3408 742 3482 scilicet
765 3421 942 3504 pastorum
964 3410 1172 3503 perdulciter
1190 3432 1317 3484 canen-

242 3531 340 3613 tium,
362 3553 509 3625 quorum
529 3532 674 3604 alterum
694 3533 727 3603 in
747 3533 892 3627 pueritia
913 3533 1055 3606 audisse
1075 3555 1116 3605 se
1132 3542 1316 3617 memorat,

242 3656 387 3726 alterum
409 3663 543 3746 postea,
561 3675 752 3749 eorumque
770 3678 809 3727 se
835 3667 971 3750 captum
998 3655 1169 3728 illecebris
1191 3666 1318 3729 caetera

242 3777 356 3851 omnia
376 3776 566 3868 negligere:
587 3800 675 3869 quos
695 3780 779 3852 dum
797 3802 860 3874 per
879 3789 1014 3852 montes
1032 3780 1239 3853 avidissime
1262 3800 1318 3852 se-

240 3900 367 3994 quitur,
390 3900 457 3969 iam
478 3921 602 3971 canere
616 3901 780 3976 didicisse
793 3905 841 3976 ita
854 3916 892 3976 ut
905 3905 1065 3977 laudetur
1077 3902 1123 3975 ab
1135 3903 1223 3988 aliis,
1237 3904 1318 3976 licet

240 4024 315 4117 ipse
336 4022 401 4094 sibi
422 4022 575 4094 nondum
595 4026 738 4119 placeat.
762 4029 880 4119 ltaque
901 4026 1117 4123 propositum
1143 4024 1210 4097 sibi
1235 4048 1319 4099 esse

240 4147 286 4218 ad
303 4169 477 4219 summurn
494 4146 564 4233 niti,
583 4159 619 4218 et
650 4151 707 4219 vel
728 4150 924 4244 pervenire,
947 4153 1004 4222 vel
1024 4148 1114 4221 inter
1135 4149 1317 4223 nitendum

240 4269 338 4340 mori.
360 4270 486 4340 Contra
502 4270 672 4356 Monicus,
695 4280 733 4341 ut
757 4278 894 4342 antrum
921 4295 1024 4344 suum
1045 4271 1175 4345 Silvius
1200 4272 1318 4365 ingre·

239 4392 355 4464 diatur
376 4394 525 4465 suadere
542 4394 671 4490 incipit,
692 4395 881 4469 dulciorem
899 4395 944 4467 ibi
960 4406 1100 4468 cantum
1113 4397 1316 4480 auditurum

240 4538 323 4588 mox
342 4526 491 4612 eoeptum
511 4541 704 4591 sermonem
725 4521 937 4614 inexpletum
951 4520 1085 4613 linquit,
1101 4522 1202 4616 quasi
1216 4523 1315 4612 signa
