2738 5062
352 715 444 763 Lluutt
467 715 759 774 Qunurusuectutus.
771 719 975 769 -EPISTOLA
995 723 1014 769 l.
1163 711 1219 773 ffi'l

145 851 246 924 ruodo
268 849 421 922 scribere
443 854 558 923 visum
579 865 674 924 erat:
697 854 725 922 si
756 855 840 946 quid
860 867 1017 927 occurret
1037 858 1143 942 aliud,
1165 881 1225 930 oc-

144 982 284 1046 current
313 985 428 1077 autem
463 978 570 1046 multa
603 975 771 1068 quotidie,
801 975 834 1046 id
860 975 929 1047 diei
958 979 1101 1051 alterius
1134 1001 1223 1074 opus

143 1097 218 1167 erit.
240 1097 291 1165 De
313 1097 391 1167 stilo
411 1096 559 1167 videris:
588 1120 644 1168 res
671 1098 916 1191 proculdubio
941 1101 1034 1172 clara
1059 1112 1133 1186 est;
1159 1103 1224 1172 ita-

144 1237 211 1307 que
237 1217 267 1287 si
293 1217 409 1314 stilum
444 1238 512 1288 non
541 1218 681 1311 probas,
709 1220 887 1291 materiam
920 1243 989 1292 non
1028 1222 1221 1295 damnabis,

143 1338 230 1408 Vive
250 1339 408 1425 feliciter,
430 1349 587 1411 nostrum
608 1341 728 1413 decus.

286 1482 329 1536 Ad
346 1483 448 1538 iontem
464 1483 576 1554 Sorgiae.
594 1484 706 1540 Decimo
722 1485 860 1542 Kalendas
875 1488 1010 1544 Octobris.

568 1930 746 1995 urtstotn
768 1933 800 1994 ll.

307 2115 500 2167 ratuctsetts
523 2116 691 2166 Parauaea
712 2118 847 2167 socssnrt
867 2119 926 2167 SUO
944 2120 969 2167 S.
988 2121 1016 2168 P.
1034 2121 1064 2168 D.

142 2292 224 2348 Mittit
237 2292 272 2347 ad
287 2308 351 2348 euru
366 2294 472 2348 litteras
486 2295 643 2366 superiores
658 2292 796 2348 Cardinali
811 2293 982 2364 reddendas,
997 2295 1076 2351 cuius
1094 2301 1122 2351 et
1137 2298 1222 2352 animi

230 2380 309 2435 dotes
323 2385 350 2435 et
365 2397 410 2435 res
426 2381 569 2452 magnifice
584 2386 675 2452 gestae
688 2380 818 2437 laudibus
836 2382 968 2451 efferens,
984 2385 1102 2439 miratur
1120 2384 1222 2441 littera·

231 2486 295 2524 rum
309 2485 440 2541 inoptam.

239 2678 496 2769 Magnanimum
514 2690 549 2750 et
564 2683 743 2753 excelsum
762 2683 857 2753 illum
875 2684 990 2754 virum
1009 2685 1112 2775 plane
1130 2683 1221 2754 nosti

142 2820 247 2892 supra
267 2820 385 2891 quem,
408 2809 536 2896 praeter
557 2823 662 2872 unum
684 2803 875 2873 Romanum
897 2801 1111 2886 Pontificem,
1135 2803 1220 2873 nihil
1332 2851 1334 2854 -

142 2922 238 2992 videt
254 2932 366 2993 status
380 2923 546 2994 uectesiae
559 2922 750 3006 militantis,
765 2923 879 3005 immo,
895 2924 960 2994 nisi
975 2925 1019 2994 illi
1034 2925 1216 3010 invidiam,

142 3041 224 3111 mihi
246 3043 436 3115 adulatoris
457 3044 632 3114 inlamlam
659 3042 833 3135 quaesisse
858 3064 1016 3129 vererer,
1051 3068 1095 3116 ne
1126 3046 1219 3118 hunc

142 3165 300 3257 quidem;
330 3165 506 3258 aliquanto
534 3164 626 3236 enim
657 3165 760 3236 altius
790 3165 931 3236 videtur
955 3167 1067 3259 Papas
1087 3169 1215 3253 lacere,

141 3309 245 3379 quam
263 3287 391 3380 Papam
408 3308 499 3359 esse.
516 3288 618 3358 Tacet
632 3287 699 3372 ille,
720 3289 810 3358 lama
827 3287 993 3379 loquitur:
1012 3297 1117 3379 negat
1135 3288 1219 3381 ipse,

143 3407 206 3479 sed
237 3410 409 3480 affirmant
440 3429 562 3479 omnes
592 3408 681 3481 duos
711 3431 791 3479 eum
820 3430 868 3478 ex
899 3409 1020 3480 ordine
1046 3412 1221 3481 Romanos

142 3551 282 3602 creasse
297 3530 500 3602 Pontifices:
517 3551 607 3624 quos
626 3530 654 3600 si
673 3531 753 3624 quis
772 3532 855 3603 tanti
875 3530 1030 3602 beneficii
1050 3552 1222 3604 memores

143 3664 331 3746 gratosque
356 3653 548 3736 iactaverit,
577 3662 646 3725 tota
672 3661 777 3745 neget
796 3652 970 3725 Ecclesia:
992 3652 1068 3746 ipse
1089 3662 1219 3734 autem,

143 3774 236 3866 quod
255 3773 291 3844 in
311 3773 429 3865 lingua
449 3773 526 3845 eius
547 3788 646 3846 sonat
667 3774 756 3846 etin
781 3776 893 3845 fronte
917 3775 1052 3866 legitur,
1080 3774 1223 3867 ingrati-

142 3895 295 3967 tudinem
317 3896 461 3967 alienam
482 3898 552 3966 alto
572 3897 687 3968 animo
707 3896 907 3979 contemnit,
930 3917 998 3966 neu
1016 3897 1221 3988 cuiusquam

141 4015 266 4086 vitium
287 4015 476 4088 virtutibus
498 4018 570 4088 suis
592 4017 685 4088 obsit
703 4019 856 4087 enititur.
878 4017 961 4086 llaec
982 4017 1027 4087 de
1045 4018 1136 4087 illius
1157 4016 1222 4087 viri

142 4139 381 4228 magnitudine
400 4137 550 4209 dixerim
570 4138 698 4208 idcirco
718 4137 877 4219 brevius,
896 4137 990 4228 quod
1011 4147 1046 4208 et
1066 4148 1146 4210 nota
1166 4160 1223 4211 res

140 4270 207 4345 est,
233 4270 268 4333 et
293 4261 339 4331 illi
366 4259 460 4332 haud
487 4282 571 4332 sane
596 4258 956 4330 commemorationem
977 4259 1137 4353 placitam
1163 4257 1224 4330 ad-

141 4382 243 4452 verti.
265 4380 435 4453 Affectum
456 4402 542 4452 vero
561 4380 637 4451 eius
658 4380 703 4450 ad
724 4401 780 4450 me
800 4400 942 4451 narrare
969 4380 1029 4451 tibi
1051 4384 1139 4453 velle
1166 4401 1224 4450 su-

142 4504 314 4596 pertluum
348 4503 463 4589 luerit,
491 4522 561 4594 quo
586 4522 655 4573 non
681 4522 736 4572 me
762 4503 890 4587 solum,
916 4504 980 4575 sed
1008 4514 1040 4575 te
1066 4515 1102 4574 et
1127 4521 1223 4571 meos
