2738 5062
359 630 452 680 LIBER
473 628 773 679 sueardusuaetttus.
784 629 988 680 -EPlS'l'OLA
1014 633 1033 680 l.
1179 620 1234 680 dil

164 788 284 837 veruru
306 767 428 848 fatear,
451 788 520 837 uon
542 777 577 836 tu
603 765 668 838 hoc
690 766 765 837 sine
787 775 998 860 praeceptore
1018 767 1236 861 perceperis:

162 890 226 960 sed
246 910 326 959 eum
348 887 512 959 habueris
534 897 780 981 praeceptorem
802 889 860 982 qui
883 909 950 960 uon
971 897 1102 959 tautum
1124 892 1237 962 colere

161 1010 271 1103 possit
290 1010 476 1101 ingenium,
496 1011 559 1081 sed
577 1010 716 1100 largiri;
736 1008 803 1081 suh
819 1032 890 1102 quo
911 1019 944 1081 te
961 1010 1060 1081 brevi
1083 1020 1237 1105 tempore

160 1134 349 1225 profecisse
366 1132 455 1203 adeo
471 1154 540 1203 non
559 1132 684 1213 miror;
701 1153 781 1203 cum
799 1152 893 1224 saepe
909 1132 1003 1203 dioto
1018 1132 1120 1204 citius
1142 1155 1238 1205 sum·

159 1277 251 1325 mam
279 1254 334 1323 ille
355 1253 520 1324 virtutem
538 1274 579 1323 ac
596 1252 800 1344 sapientiam
822 1253 939 1324 multis
960 1252 1130 1337 infuderit,
1149 1256 1238 1323 mul-

161 1385 214 1447 tos
237 1396 284 1446 ex
308 1375 387 1445 imis
415 1373 567 1445 tenebris
593 1373 637 1445 ad
664 1394 861 1467 supremam
888 1376 999 1446 luoem
1025 1385 1110 1445 nutu
1132 1375 1237 1445 mise·

159 1508 255 1568 rante
275 1497 492 1581 subvexerit,
522 1505 555 1566 te
575 1518 715 1590 quoque
735 1518 828 1568 nuuc
852 1498 958 1568 trater
978 1496 1177 1591 aspiciendo
1202 1508 1237 1568 et

157 1617 355 1690 miserando
374 1619 513 1690 doctum
539 1639 586 1687 ex
607 1617 757 1702 indocto,
784 1630 819 1689 et
838 1617 883 1690 de
908 1619 1076 1708 naufrago
1097 1619 1234 1690 salvum

157 1739 245 1811 lecit.
269 1739 317 1809 llli
339 1739 460 1811 laudes
485 1746 520 1810 et
541 1738 687 1830 gratias,
711 1760 779 1810 non
801 1739 876 1824 tibi,
899 1737 1047 1830 nequid
1067 1741 1154 1808 lorte
1180 1760 1234 1808 me

157 1861 215 1932 tibi
236 1860 339 1931 hodie
360 1860 538 1932 adulatum
560 1871 683 1953 putes3
704 1860 797 1954 quod
820 1861 849 1931 si
870 1882 1047 1953 uunquam
1070 1862 1144 1945 leci,
1166 1881 1235 1930 nou
1309 1883 1313 1892 ·

154 1993 210 2052 est
228 1981 333 2054 huius
359 1983 472 2054 aetatis
498 1991 537 2052 ut
557 1982 729 2076 incipiam.
756 1982 920 2054 Solehant
945 1983 1108 2075 equidem
1131 1981 1235 2074 prisci

153 2105 220 2175 viri
242 2106 435 2177 studiorum
461 2124 569 2175 causa
595 2103 776 2197 Cecropias
802 2103 958 2175 Athenas
985 2115 1114 2197 petere,
1143 2122 1231 2194 prae-

154 2228 272 2296 sertim
294 2237 480 2318 autequam
507 2237 545 2296 ut
570 2224 703 2297 militiae
724 2235 828 2318 atque
855 2225 1006 2320 imperii,
1031 2226 1081 2297 sic
1105 2226 1234 2296 littera·

156 2370 231 2417 rum
260 2369 398 2439 quoque
424 2350 532 2421 Ronra
558 2350 635 2419 lons
655 2359 761 2420 esset.
784 2349 908 2421 Nostra
930 2350 1058 2420 saecula
1080 2347 1230 2420 Parisios

152 2479 212 2538 aut
232 2468 419 2538 Bononiam
442 2479 569 2562 petunt,
590 2490 697 2562 quam
718 2490 793 2553 uos,
815 2469 1012 2553 meministi,
1035 2471 1139 2541 etiam
1161 2469 1232 2564 pri-

151 2609 207 2657 ma
220 2597 322 2658 aetate
336 2587 536 2681 petivimus:
549 2589 644 2682 quod
657 2591 785 2661 trustra
798 2588 939 2683 quidem
954 2588 1017 2660 sed
1032 2610 1125 2682 saepe
1146 2591 1233 2660 ami-

149 2728 267 2778 corum
288 2709 462 2802 cupiditas
481 2719 605 2803 questa
625 2719 702 2779 est:
726 2733 789 2782 uos
810 2720 926 2781 autem
945 2731 1084 2802 semper
1104 2730 1174 2779 non
1197 2709 1231 2778 iu

152 2829 272 2899 ultima
295 2828 493 2901 divinorum
513 2852 696 2902 munerum
721 2841 818 2923 parte
843 2831 1036 2924 posuimus.
1059 2831 1109 2900 lta
1131 2853 1231 2923 pere-

151 2948 363 3038 grinationes
387 2960 612 3047 sumptuosas
632 2963 735 3043 atque
752 2950 908 3022 difficiles
929 2951 1033 3022 avide
1051 2950 1145 3022 subit
1165 2950 1230 3021 hu-

150 3090 251 3140 mana
272 3071 432 3158 durities,
454 3076 657 3168 nullumque
677 3074 811 3168 respuit
832 3073 998 3156 laborem,
1022 3095 1092 3166 quo
1110 3084 1230 3145 vento-

149 3209 201 3260 sae
220 3213 301 3284 pars
323 3214 390 3264 una
412 3194 653 3288 philosophiae,
672 3204 733 3266 aut
753 3196 868 3285 legum
891 3192 1057 3264 insidiosa
1079 3196 1229 3287 loquaci-

148 3322 201 3382 tas
221 3325 413 3404 qureratur,
441 3337 482 3387 ac
502 3315 648 3407 singulis
670 3315 870 3386 hauriendis
891 3314 1120 3386 exhauriatur
1140 3327 1227 3389 aetas

147 3440 226 3516 tota,
244 3436 337 3505 nulla
355 3448 452 3528 parte
471 3439 633 3530 temporis
649 3437 743 3508 curis
765 3435 963 3507 melioribus
980 3436 1154 3530 deputata.
1177 3440 1228 3511 Tu

146 3573 263 3624 veram
297 3554 547 3650 philosophiam
575 3579 763 3651 veramque
787 3560 901 3650 legem
927 3557 989 3628 vix
1015 3559 1098 3631 dum
1127 3563 1227 3654 pleno

145 3673 312 3749 decennio
331 3678 492 3752 didicisti.
514 3682 601 3753 Nolo
620 3681 712 3753 enim
734 3681 886 3776 opineris
907 3682 998 3754 haue
1017 3704 1097 3754 esse
1119 3683 1226 3775 philo

144 3796 301 3890 sophiam
321 3822 424 3892 quam
452 3803 485 3872 in
508 3826 575 3874 una
604 3804 688 3875 urbe
710 3804 802 3875 mille
829 3826 918 3874 nunc
945 3804 1102 3876 homiues
1123 3803 1227 3897 proli-

144 3927 279 3990 teutur:
296 3943 364 3992 non
378 3924 466 3995 adeo
488 3925 630 4013 vulgare
651 3924 779 3996 bouum
801 3935 869 4009 est,
893 3936 932 3994 ut
951 3926 1047 3994 multi
1068 3925 1224 3996 credunt.

143 4039 225 4111 Hac
250 4063 354 4133 quam
380 4044 597 4137 prostitutam
626 4045 731 4133 vulgo
756 4044 930 4113 cernimus
955 4044 1038 4135 quid
1065 4044 1223 4130 intendit,
1340 4096 1347 4107 .

143 4161 208 4232 nisi
230 4165 373 4235 sollicite
399 4176 503 4258 atque
528 4163 632 4235 auxie
655 4163 747 4235 circa
771 4163 1032 4255 questiunculas
1057 4179 1092 4238 ct
1116 4167 1225 4239 verha

141 4286 285 4371 versari,
306 4309 453 4379 quorum
475 4286 668 4377 ignorantia
690 4309 757 4358 uon
779 4305 872 4378 saepe
894 4287 1007 4361 miuus
1030 4300 1114 4376 tuta,
1137 4295 1224 4363 lorte

140 4405 242 4477 etiam
278 4409 382 4481 tutior
406 4430 509 4502 quam
538 4406 683 4478 scientia
709 4410 786 4479 est‘l
819 4410 867 4480 lta
894 4413 1031 4505 penitus
1058 4415 1222 4485 oblivioni
