2738 5062
195 691 255 752 530
535 702 577 751 bl:
597 700 706 783 nehus·
719 701 942 751 Fttllhltlllltt's

619 980 798 1044 EPISTOLA
820 980 863 1043 l'l.

280 1179 472 1231 futhelsch's
496 1180 665 1229 PETllllliCh
685 1178 862 1228 rutmclsto
880 1177 991 1228 -Pltlolll
1012 1177 1203 1228 SANCTORUM
1252 1200 1256 1207 ·

257 1277 260 1285 ’
550 1283 781 1334 trosrotouult
802 1284 828 1332 S.
851 1283 878 1331 P.
900 1284 934 1331 b:

447 1446 629 1503 Commendat
644 1447 765 1501 amicum
780 1452 892 1503 euntem
908 1447 1036 1503 Romam.

300 1689 362 1760 llic
378 1708 481 1780 quem
502 1687 617 1758 cernis
634 1684 821 1757 homuncio
832 1685 973 1758 Christo
985 1685 1146 1770 devotus,
1163 1689 1284 1762 mundi

202 1833 386 1904 rerumque
416 1809 593 1902 fugacium
627 1819 762 1902 spretor
801 1809 942 1899 ingens,
976 1818 1013 1879 et
1033 1808 1283 1903 cupidissimus

201 1946 425 2019 aeternarum,
443 1931 535 2003 idem
553 1928 757 2024 (perexigua
776 1941 881 2001 taotae
901 1929 1014 2002 laudis
1030 1932 1195 2015 accessio,
1218 1932 1284 2005 sed

69 2054 72 2060 ’
200 2078 304 2150 quam
327 2065 409 2127 tuus
430 2076 526 2126 amor
546 2052 647 2125 laciet
662 2075 744 2124 esse
760 2053 1024 2148 permaximam)
1041 2054 1124 2125 mihi
1141 2075 1283 2147 quoque

200 2177 418 2261 carissimus,
440 2177 585 2248 Romam
605 2175 700 2268 petit.
719 2175 776 2247 Sic
794 2197 874 2248 eum
895 2175 1046 2272 aspicies
1068 2186 1107 2248 ut
1127 2196 1199 2249 me:
1220 2175 1284 2249 bo·

200 2318 257 2372 oae
272 2299 399 2371 animm
415 2307 535 2369 vector
555 2308 620 2369 est.
642 2297 731 2369 Novi
748 2297 938 2370 hominem:
961 2297 995 2369 in
1013 2298 1138 2371 iisdem
1157 2298 1283 2373 castris

201 2419 438 2502 militavimus,
460 2419 609 2490 necdum
634 2418 851 2490 exauctorati
877 2441 1018 2504 sumus,
1044 2421 1136 2494 duce
1160 2443 1284 2514 quam·

201 2541 257 2613 vis
287 2540 452 2614 extincto.
481 2542 517 2611 Si
541 2539 685 2612 consilio
720 2552 779 2611 tuo
806 2552 886 2631 eget
916 2543 964 2615 ad
994 2542 1282 2636 peregrinationis

201 2667 270 2762 piae
294 2665 557 2761 compendium,
578 2665 608 2738 si
629 2665 749 2736 lavore
770 2664 901 2757 aliquo,
928 2678 1011 2759 puto
1036 2688 1106 2739 nou
1123 2688 1164 2739 es
1182 2688 1282 2741 oran·

202 2790 269 2865 dus
291 2799 331 2861 ut
349 2790 485 2874 laveas;
510 2809 573 2861 oro
594 2798 720 2879 lamen
741 2788 829 2859 Nam
846 2788 931 2881 quid
949 2787 1103 2874 Christo,
1128 2791 1186 2863 cui
1210 2811 1283 2863 ser

203 2914 273 2999 uis,
300 2911 386 3006 quid
402 2911 578 3007 Apostolis
598 2911 688 2997 eius,
706 2910 904 3006 hospitibus
924 2912 1004 2998 luia,
1026 2913 1204 3007 acceptius
1224 2933 1284 3007 po·

203 3046 270 3121 tea,
292 3056 398 3128 quam
424 3034 453 3105 si
475 3031 602 3104 Christi
620 3033 868 3104 amicissimum
898 3031 992 3105 huno
1012 3033 1128 3104 virum
1149 3032 1282 3129 cupide,

202 3154 359 3230 dimissis
379 3156 558 3229 trementis
578 3156 669 3227 aulae
688 3154 894 3247 fragoribus
916 3153 962 3227 ad
982 3155 1119 3227 illorum
1140 3157 1284 3250 quietis·

204 3280 292 3353 sima
323 3279 440 3351 limina
470 3277 702 3370 gradientem,
730 3278 862 3350 iuveris
886 3290 991 3372 atque
1013 3278 1212 3353 direxeris?
1237 3281 1283 3353 lle

203 3424 259 3474 me
283 3402 313 3473 si
337 3402 422 3495 quid
446 3403 630 3494 explorare
656 3399 808 3485 libuerit,
834 3400 955 3473 libebit
977 3411 1097 3474 autem
1122 3399 1280 3494 plurima,

203 3523 270 3595 etsi
288 3522 480 3594 diversitas
497 3521 695 3595 studiorum
712 3545 818 3597 nosse
839 3524 932 3598 hunc
954 3525 1072 3599 omnia
1090 3546 1161 3599 non
1181 3521 1281 3605 sinat,

204 3658 319 3717 tamen
353 3644 448 3737 quod
474 3644 519 3748 ad
551 3643 710 3715 intimum
737 3645 822 3717 vitae
848 3668 938 3718 meae
964 3639 1104 3720 modum
1127 3645 1281 3742 pertinet,

203 3770 352 3842 tortasse
373 3767 499 3858 aliqua:
521 3766 615 3859 quod
642 3767 686 3837 ad
706 3779 891 3839 externum
913 3792 1000 3862 pene
1018 3746 1144 3843 cuncta
1166 3787 1284 3839 narra-

204 3892 264 3966 bit.
286 3893 358 3964 lloo
377 3888 438 3964 tihi
471 3887 594 3983 raptim
622 3887 745 3984 scripsi
767 3890 801 3962 in
827 3904 985 3964 extremo
1005 3893 1135 3984 angulo
1154 3891 1284 3964 Medio

203 4015 282 4100 lani,
300 4012 542 4086 Ambrosianae
561 4011 689 4084 domus
711 4013 745 4082 in
766 4025 864 4108 parte
886 4015 1133 4100 remotissima,
1151 4036 1195 4086 ea
1211 4016 1283 4085 luoe

204 4154 317 4224 eaque
337 4133 423 4205 lucis
443 4132 543 4218 hora,
558 4155 628 4227 qua
653 4135 783 4208 mundo
801 4135 953 4209 tenebris
971 4158 1095 4230 presso
1106 4137 1284 4229 caecisque

206 4254 408 4327 mortalibus
429 4255 473 4326 de
496 4265 589 4327 terra
608 4256 689 4327 olim
709 4257 792 4330 viva
809 4259 870 4329 lux
888 4268 1050 4333 ortaest.
1067 4260 1164 4345 Vale,
1179 4254 1284 4330 nostri

207 4394 348 4445 memor.
476 4421 481 4431 .
