2738 5062
183 632 241 693 ars
501 642 542 690 or,
564 644 664 692 nutius
686 644 906 693 ruuumumus

183 780 301 869 risque
334 799 426 848 nunc
458 775 620 846 omnibus
653 776 815 846 continue
847 774 1016 845 moriaris.
1050 776 1139 861 Quae
1163 780 1261 853 enim

182 899 272 991 apud
307 900 437 992 vulgus
464 918 559 967 mors
585 908 650 980 est,
685 897 779 988 apud
804 897 1028 990 philosophos
1058 904 1180 971 mortis
1203 914 1266 975 est

184 1020 272 1091 finis.
299 1020 385 1090 Mira
411 1018 605 1109 gratulandi
627 1019 779 1090 matoria.
799 1021 891 1089 Mors
911 1020 1051 1110 tongior,
1070 1022 1166 1113 quod
1184 1020 1263 1093 fieri

182 1142 379 1222 metuimus
395 1139 433 1208 fit
446 1139 548 1210 modo
561 1140 643 1209 dum
659 1140 830 1231 loquimur
843 1150 886 1223 et,
902 1139 965 1210 oh!
987 1151 1109 1235 stupor
1122 1142 1261 1233 ingens,

182 1264 284 1334 simul
304 1274 339 1334 et
360 1273 503 1331 mortem
524 1273 559 1331 et
576 1262 698 1332 mortis
714 1261 847 1333 exitum
867 1260 1102 1345 formidamus
1123 1262 1264 1334 diutur-

181 1405 334 1476 numque
374 1383 551 1473 diligimus
590 1383 683 1475 quod
720 1391 1001 1455 momentaneum
1037 1406 1260 1458 execramur.
1294 1400 1300 1409 '

181 1508 322 1575 Frustra
343 1504 493 1596 quidem.
516 1504 608 1588 Fiet,
632 1504 690 1574 fiet
710 1505 849 1597 inquam
871 1504 966 1596 quod
985 1504 1145 1577 evasisse
1164 1506 1264 1577 dice-

181 1627 244 1710 ris,
268 1625 325 1696 fiet
349 1627 523 1719 aliquanto
544 1626 672 1709 serius,
695 1626 759 1697 sed
779 1626 869 1707 cit0;
891 1624 953 1696 sed
975 1625 1043 1696 iam
1069 1648 1163 1699 nuuc
1188 1647 1261 1699 uon

179 1759 236 1820 est
260 1746 513 1839 tergiversandi
541 1749 637 1819 tocus
665 1758 701 1818 ut
725 1749 903 1840 paulutum
926 1747 1055 1818 trahas.
1081 1746 1262 1830 Quamdiu

181 1871 345 1953 traxeris,
362 1893 405 1941 eo
425 1870 621 1941 necessario
641 1869 859 1957 redeundum
879 1880 949 1951 est,
967 1890 1038 1959 quo
1052 1879 1089 1941 et
1104 1892 1185 1942 cum
1205 1892 1262 1943 re-

178 1992 294 2076 dieris,
316 1992 514 2081 digressum
533 1993 636 2064 simul
654 2012 906 2082 reversumque
924 1998 957 2060 te
979 1998 1133 2082 stupeas.
1155 1992 1262 2063 Plane

179 2113 230 2184 sic
245 2125 301 2183 est
317 2124 355 2184 ut
371 2113 487 2183 dicere
506 2116 622 2184 soleo:
641 2113 745 2185 dilata
764 2132 950 2206 parumper
968 2112 1151 2185 solutionis
1169 2114 1259 2197 dies,

179 2233 242 2303 sed
263 2255 330 2303 non
351 2254 451 2304 cassa
470 2236 556 2305 ratio
573 2244 630 2305 est
646 2235 752 2305 debiti
770 2235 937 2307 naturalis
954 2255 974 2304 a
994 2245 1161 2309 nascente
1177 2259 1262 2311 con·

180 2353 286 2437 tracti,
309 2376 328 2424 a
346 2355 512 2426 moriente
534 2356 707 2427 solvendi.
728 2357 823 2426 Vale.

658 2642 735 2653 ..ο-

597 2886 772 2951 EPISTOLA
794 2887 838 2949 tt,

178 3078 369 3129 Furtuctsco's
391 3080 559 3129 Purunuct
581 3078 719 3129 tttcotto
740 3076 894 3128 urtscoeo
916 3076 1118 3125 vtutttttttttttst
1135 3075 1161 3125 S.
1181 3077 1210 3127 Ρ.
1227 3078 1259 3127 tt.

176 3246 283 3299 Gaudet
305 3261 320 3298 e
344 3244 420 3313 gravi
443 3242 541 3299 morbo
564 3244 641 3299 illum
660 3244 846 3300 convaluisse:
868 3244 996 3300 hortatur
1013 3245 1047 3301 ad
1066 3246 1260 3305 fortitudinem

264 3332 365 3399 anirrri3
382 3338 410 3387 et
424 3332 574 3387 valetudini
588 3332 783 3405 recuperandae
796 3332 922 3403 apprime
945 3332 1045 3389 idoneo
1067 3333 1257 3393 tattisctaurae

263 3417 383 3488 hospitio
398 3419 478 3473 illum
493 3420 597 3473 invitat.

274 3673 335 3741 Vir
357 3671 453 3743 sortis
472 3672 601 3745 hortari
621 3698 689 3747 non
707 3686 786 3766 eget
802 3688 840 3749 ut
862 3676 1115 3772 imperterritus
1133 3686 1258 3749 notum

175 3790 309 3864 hostem
328 3805 364 3865 et
384 3794 522 3866 solitum
545 3818 673 3889 pugnae
693 3819 803 3889 genus
824 3800 995 3894 excipiat:
1024 3799 1177 3871 venienti
1196 3799 1260 3872 ob-

173 3917 266 3987 viam
290 3917 442 4011 procedit
467 3919 512 3991 de
534 3918 677 3990 victoria
697 3943 804 4014 prope
829 3933 961 4005 certus,
983 3922 1028 3992 dc
1054 3921 1160 3994 laude
1178 3945 1260 3997 cer·

173 4038 352 4136 tissimus:
374 4042 502 4134 gaudet
519 4042 797 4137 experimentum
817 4044 871 4117 sui
893 4045 1023 4136 saepius
1040 4043 1120 4137 peti,
1136 4045 1259 4117 etvir-

173 4169 279 4233 tutem
302 4164 399 4234 duris
421 4187 586 4237 exercerc
608 4168 740 4237 ruavult
760 4189 864 4258 quam
893 4166 986 4238 motti
1017 4167 1087 4236 otio
1109 4167 1260 4257 langue·

173 4304 220 4353 re.
243 4284 362 4375 itaquo
384 4285 473 4356 inter
493 4289 672 4379 pulverem
693 4308 733 4357 ac
759 4287 935 4371 sudorem,
963 4287 1051 4359 inter
1075 4268 1185 4358 enses
1215 4310 1260 4360 ac

172 4408 317 4477 vulnera
339 4428 406 4476 uon
433 4416 565 4478 tantum
589 4408 664 4479 sinc
684 4408 816 4492 doloro,
841 4409 903 4481 scd
926 4430 1019 4501 stepo
1038 4408 1144 4480 etiam
1171 4431 1255 4482 cum
