2738 5062
135 267 353 357 propediem:
379 267 512 334 reniam
534 268 623 334 enim
647 288 742 345 mox,
770 275 807 332 ut
834 266 1028 355 squalorem
1050 275 1084 331 et
1110 267 1198 333 msti-

135 412 218 459 vum
240 391 417 481 pulvorem
438 389 542 473 lucidi
563 389 665 460 sontis
687 409 751 481 ope
773 385 959 457 detersero.
982 385 1079 455 Vale.

276 537 309 591 V.
327 536 442 591 Kalend.
460 535 531 590 Iulii.

552 847 728 910 EPISTULA
748 848 792 910 xl.

187 1012 377 1062 rnaoclsoo's
400 1011 565 1060 Parauaea
588 1011 731 1059 PHILIPPO
752 1010 904 1058 EPISCOPO
925 1010 1150 1064 cavnnolcnrist

588 1117 613 1163 S.
636 1117 663 1164 P.
686 1117 715 1163 I).

253 1276 360 1331 GratIas
373 1277 428 1346 agit
440 1274 514 1347 quod
528 1291 557 1329 se
572 1274 680 1329 duobus
694 1273 820 1327 EcclesIae
834 1272 1004 1345 principibus
1018 1273 1084 1328 viris

492 1364 591 1418 litteris
605 1361 845 1417 commendaverit.

232 1543 319 1625 Quae
335 1540 379 1610 de
397 1563 451 1608 me
465 1537 602 1617 scribis,
618 1549 724 1629 pater,
740 1536 877 1608 duobus
895 1535 962 1606 illis
981 1545 1051 1605 tam
1069 1536 1203 1628 magnis

136 1663 334 1757 apostolieae
359 1660 493 1754 cymbae
526 1659 714 1750 remigibus
748 1661 878 1730 intenta
910 1670 1024 1729 mente
1053 1659 1205 1753 perlegi3

136 1806 238 1878 quam
261 1805 345 1854 vora
363 1783 513 1874 quidem,
527 1791 561 1852 et
577 1782 636 1873 qui
653 1781 796 1853 dietavit
815 1782 872 1854 illa
887 1781 1014 1853 viderit
1028 1791 1065 1853 et
1080 1782 1142 1875 qui
1157 1784 1206 1855 lo-

135 1917 227 1998 gent.
254 1907 329 1996 Ego
350 1918 443 1974 certe
471 1926 540 1995 quo
572 1914 604 1974 te
630 1915 664 1974 et
686 1914 742 1974 tua
763 1904 966 1998 profundius
989 1916 1139 1989 scrutor,
1164 1926 1206 1977 eo

134 2030 212 2119 plus
230 2025 310 2099 fidei
325 2026 436 2098 habeo
457 2026 566 2097 veteri
585 2025 631 2095 illi
649 2025 857 2119 laudatoque
876 2026 1075 2118 proverbi0:
1089 2048 1208 2098 aman-

134 2161 207 2221 tum
229 2171 322 2222 eaeoa
343 2172 424 2221 esse
445 2149 582 2222 iudicia.
606 2150 661 2221 Sic
684 2160 798 2221 tamen
818 2143 897 2222 esse
919 2148 1067 2241 gaudeo,
1090 2148 1208 2242 cupio-

132 2296 201 2366 que
222 2275 437 2368 persuadeas
458 2272 553 2366 quod
574 2273 731 2359 intendis,
754 2273 802 2343 ita
821 2273 961 2366 quidem
980 2280 1026 2356 ut,
1046 2293 1126 2342 eum
1147 2292 1206 2342 au·

133 2397 289 2466 ctoritate
314 2405 373 2466 tua
400 2396 482 2466 moti
504 2403 619 2468 tecum
640 2397 768 2467 sentire
788 2394 967 2490 eoeperint,
990 2394 1083 2465 idem
1104 2395 1206 2467 etiam

135 2518 252 2603 velint,
286 2520 486 2610 errorisque
529 2521 630 2591 simul
664 2518 749 2590 fiant
781 2519 978 2611 amorisque
1011 2518 1206 2612 participes.

133 2641 209 2733 Ego
242 2641 404 2732 utrinque
435 2650 471 2709 et
505 2641 700 2731 incognitus
734 2663 953 2735 permaneam
982 2653 1017 2713 et
1049 2640 1207 2714 dilectus.

135 2763 230 2831 Vale.

280 2903 329 2958 III.
346 2904 405 2958 Kal.
423 2904 493 2958 Iulii.
509 2904 552 2958 Ad
566 2906 669 2961 sontem
688 2906 799 2977 Sergiae.

633 3078 713 3088 ——-

545 3244 721 3309 EPISI'OLA
746 3245 800 3308 XII.

287 3410 479 3458 rnsacrscos
501 3409 667 3456 rnrnaaen
691 3408 825 3456 OLIIIPIO
847 3409 905 3458 SUO
927 3411 953 3458 S.
975 3411 1002 3459 P.
1025 3412 1054 3459 o.

157 3568 251 3623 AnImi
265 3571 307 3624 sui
321 3570 519 3625 volubilitatem
533 3573 659 3636 excusat,
674 3567 767 3621 laudat
781 3567 866 3622 Vallis
882 3568 987 3623 Clausae
1000 3569 1188 3625 amoenitatem

257 3665 284 3713 et
297 3661 402 3729 nolum,
418 3658 510 3731 ibique
526 3677 555 3714 se
571 3657 679 3712 duobus
693 3657 772 3712 annis
787 3674 950 3713 mansurum
965 3659 1086 3714 nunciat.

236 3836 347 3919 Quam
381 3834 562 3905 instabiles
583 3846 619 3905 et
642 3856 746 3926 quam
774 3835 883 3905 varim
918 3833 986 3903 sint
1015 3833 1230 3912 mortalium.

139 3964 344 4041 voluntates
360 3968 394 4030 et
410 3979 514 4049 quam
529 3957 573 4029 de
588 3961 702 4030 tuturo
717 3980 853 4051 semper
866 3978 1038 4051 suspensa
1049 3956 1209 4044 consilia,
