<?xml version="1.0" encoding="UTF-8"?>
<!DOCTYPE html PUBLIC "-//W3C//DTD XHTML 1.0 Transitional//EN"
    "http://www.w3.org/TR/xhtml1/DTD/xhtml1-transitional.dtd">
<html xmlns="http://www.w3.org/1999/xhtml" xml:lang="en" lang="en">
 <head>
  <title>
</title>
<meta http-equiv="Content-Type" content="text/html;charset=utf-8" />
  <meta name='ocr-system' content='tesseract 3.04.00' />
  <meta name='ocr-capabilities' content='ocr_page ocr_carea ocr_par ocr_line ocrx_word'/>
</head>
<body>
  <div class='ocr_page' id='page_1' title='image "./epistolaederebu02fracgoog_0240.png"; bbox 0 0 2738 5062; ppageno 0'>
   <div class='ocr_carea' id='block_1_1' title="bbox 379 107 1211 157">
    <p class='ocr_par' dir='ltr' id='par_1_1' title="bbox 379 107 1211 157">
     <span class='ocr_line' id='line_1_1' title="bbox 379 107 1211 157; baseline 0.006 -6"><span class='ocrx_word' id='word_1_1' title='bbox 379 112 1019 156; x_wconf 46' lang='lat' dir='ltr'><strong>iturelntlnrslnulns.-llu&lt;nn,ll</strong></span> <span class='ocrx_word' id='word_1_2' title='bbox 1178 107 1211 157; x_wconf 62' lang='lat' dir='ltr'><strong>st</strong></span> 
     </span>
    </p>
   </div>
   <div class='ocr_carea' id='block_1_2' title="bbox 140 249 1287 4026">
    <p class='ocr_par' dir='ltr' id='par_1_2' title="bbox 140 249 1287 4026">
     <span class='ocr_line' id='line_1_2' title="bbox 154 249 1230 338; baseline 0.008 -25"><span class='ocrx_word' id='word_1_3' title='bbox 154 253 260 313; x_wconf 73' lang='lat' dir='ltr'><strong>lerunt</strong></span> <span class='ocrx_word' id='word_1_4' title='bbox 299 257 373 324; x_wconf 75' lang='lat' dir='ltr'><strong>usl;</strong></span> <span class='ocrx_word' id='word_1_5' title='bbox 409 249 586 338; x_wconf 67' lang='lat' dir='ltr'><strong>proluens</strong></span> <span class='ocrx_word' id='word_1_6' title='bbox 619 271 823 337; x_wconf 74' lang='lat' dir='ltr'><strong>paucorun13</strong></span> <span class='ocrx_word' id='word_1_7' title='bbox 861 250 997 316; x_wconf 73' lang='lat' dir='ltr'><strong>adunus</strong></span> <span class='ocrx_word' id='word_1_8' title='bbox 1032 255 1230 322; x_wconf 62' lang='lat' dir='ltr'><strong>inubnrnnn</strong></span> 
     </span>
     <span class='ocr_line' id='line_1_3' title="bbox 148 367 1233 467; baseline 0.007 -28"><span class='ocrx_word' id='word_1_9' title='bbox 148 367 327 461; x_wconf 88' lang='lat' dir='ltr'><strong>quidquid</strong></span> <span class='ocrx_word' id='word_1_10' title='bbox 349 369 439 438; x_wconf 84' lang='lat' dir='ltr'><strong>intra</strong></span> <span class='ocrx_word' id='word_1_11' title='bbox 458 379 527 450; x_wconf 89' lang='lat' dir='ltr'><strong>cst,</strong></span> <span class='ocrx_word' id='word_1_12' title='bbox 550 368 618 438; x_wconf 91' lang='lat' dir='ltr'><strong>iam</strong></span> <span class='ocrx_word' id='word_1_13' title='bbox 638 371 789 462; x_wconf 87' lang='lat' dir='ltr'><strong>prolecto</strong></span> <span class='ocrx_word' id='word_1_14' title='bbox 806 373 935 442; x_wconf 90' lang='lat' dir='ltr'><strong>nullum</strong></span> <span class='ocrx_word' id='word_1_15' title='bbox 953 373 1117 445; x_wconf 91' lang='lat' dir='ltr'><strong>orationis</strong></span> <span class='ocrx_word' id='word_1_16' title='bbox 1138 376 1233 467; x_wconf 79' lang='lat' dir='ltr'><strong>inge-</strong></span> 
     </span>
     <span class='ocr_line' id='line_1_4' title="bbox 144 487 1234 588; baseline 0.008 -29"><span class='ocrx_word' id='word_1_17' title='bbox 144 511 234 560; x_wconf 83' lang='lat' dir='ltr'><strong>nuae</strong></span> <span class='ocrx_word' id='word_1_18' title='bbox 259 488 414 582; x_wconf 82' lang='lat' dir='ltr'><strong>gradum</strong></span> <span class='ocrx_word' id='word_1_19' title='bbox 439 497 544 573; x_wconf 85' lang='lat' dir='ltr'><strong>tenet,</strong></span> <span class='ocrx_word' id='word_1_20' title='bbox 571 487 635 561; x_wconf 89' lang='lat' dir='ltr'><strong>sed</strong></span> <span class='ocrx_word' id='word_1_21' title='bbox 660 488 847 561; x_wconf 89' lang='lat' dir='ltr'><strong>verborum</strong></span> <span class='ocrx_word' id='word_1_22' title='bbox 872 493 987 586; x_wconf 91' lang='lat' dir='ltr'><strong>potius</strong></span> <span class='ocrx_word' id='word_1_23' title='bbox 1011 496 1174 588; x_wconf 77' lang='lat' dir='ltr'><strong>quaedam</strong></span> <span class='ocrx_word' id='word_1_24' title='bbox 1197 506 1234 568; x_wconf 90' lang='lat' dir='ltr'><strong>et</strong></span> 
     </span>
     <span class='ocr_line' id='line_1_5' title="bbox 142 610 1233 711; baseline 0.006 -26"><span class='ocrx_word' id='word_1_25' title='bbox 142 610 308 705; x_wconf 82' lang='lat' dir='ltr'><strong>agrestis</strong></span> <span class='ocrx_word' id='word_1_26' title='bbox 326 619 364 682; x_wconf 92' lang='lat' dir='ltr'><strong>et</strong></span> <span class='ocrx_word' id='word_1_27' title='bbox 384 610 524 683; x_wconf 89' lang='lat' dir='ltr'><strong>servilis</strong></span> <span class='ocrx_word' id='word_1_28' title='bbox 544 611 668 683; x_wconf 85' lang='lat' dir='ltr'><strong>effusio</strong></span> <span class='ocrx_word' id='word_1_29' title='bbox 687 624 757 697; x_wconf 88' lang='lat' dir='ltr'><strong>est,</strong></span> <span class='ocrx_word' id='word_1_30' title='bbox 777 625 813 686; x_wconf 89' lang='lat' dir='ltr'><strong>et</strong></span> <span class='ocrx_word' id='word_1_31' title='bbox 831 637 1041 711; x_wconf 90' lang='lat' dir='ltr'><strong>quamquam</strong></span> <span class='ocrx_word' id='word_1_32' title='bbox 1062 619 1153 691; x_wconf 90' lang='lat' dir='ltr'><strong>mille</strong></span> <span class='ocrx_word' id='word_1_33' title='bbox 1170 642 1233 693; x_wconf 90' lang='lat' dir='ltr'><strong>an-</strong></span> 
     </span>
     <span class='ocr_line' id='line_1_6' title="bbox 140 716 1232 833; baseline 0.011 -29"><span class='ocrx_word' id='word_1_34' title='bbox 140 716 280 805; x_wconf 82' lang='lat' dir='ltr'><strong>norum</strong></span> <span class='ocrx_word' id='word_1_35' title='bbox 300 732 547 805; x_wconf 80' lang='lat' dir='ltr'><strong>observatione</strong></span> <span class='ocrx_word' id='word_1_36' title='bbox 566 736 727 807; x_wconf 93' lang='lat' dir='ltr'><strong>continua</strong></span> <span class='ocrx_word' id='word_1_37' title='bbox 744 737 937 822; x_wconf 85' lang='lat' dir='ltr'>inoleverit,</span> <span class='ocrx_word' id='word_1_38' title='bbox 955 739 1158 833; x_wconf 79' lang='lat' dir='ltr'><strong>dignitatem</strong></span> <span class='ocrx_word' id='word_1_39' title='bbox 1181 751 1232 816; x_wconf 85' lang='lat' dir='ltr'><strong>ta-</strong></span> 
     </span>
     <span class='ocr_line' id='line_1_7' title="bbox 140 855 1233 957; baseline 0.009 -31"><span class='ocrx_word' id='word_1_40' title='bbox 140 878 250 939; x_wconf 85' lang='lat' dir='ltr'>men,</span> <span class='ocrx_word' id='word_1_41' title='bbox 274 877 380 949; x_wconf 89' lang='lat' dir='ltr'><strong>quam</strong></span> <span class='ocrx_word' id='word_1_42' title='bbox 400 855 602 928; x_wconf 78' lang='lat' dir='ltr'><strong>naturaliter</strong></span> <span class='ocrx_word' id='word_1_43' title='bbox 619 880 686 930; x_wconf 92' lang='lat' dir='ltr'><strong>non</strong></span> <span class='ocrx_word' id='word_1_44' title='bbox 704 858 821 944; x_wconf 88' lang='lat' dir='ltr'><strong>habet,</strong></span> <span class='ocrx_word' id='word_1_45' title='bbox 840 881 887 932; x_wconf 82' lang='lat' dir='ltr'><strong>ex</strong></span> <span class='ocrx_word' id='word_1_46' title='bbox 905 872 1059 957; x_wconf 91' lang='lat' dir='ltr'><strong>tempore</strong></span> <span class='ocrx_word' id='word_1_47' title='bbox 1079 887 1149 936; x_wconf 92' lang='lat' dir='ltr'><strong>nun</strong></span> <span class='ocrx_word' id='word_1_48' title='bbox 1169 865 1233 935; x_wconf 93' lang='lat' dir='ltr'><strong>ba-</strong></span> 
     </span>
     <span class='ocr_line' id='line_1_8' title="bbox 141 977 1231 1078; baseline 0.006 -26"><span class='ocrx_word' id='word_1_49' title='bbox 141 978 261 1052; x_wconf 90' lang='lat' dir='ltr'><strong>bebit.</strong></span> <span class='ocrx_word' id='word_1_50' title='bbox 284 977 360 1070; x_wconf 80' lang='lat' dir='ltr'><strong>Ego</strong></span> <span class='ocrx_word' id='word_1_51' title='bbox 385 977 539 1071; x_wconf 88' lang='lat' dir='ltr'><strong>quidem,</strong></span> <span class='ocrx_word' id='word_1_52' title='bbox 567 1002 621 1052; x_wconf 92' lang='lat' dir='ltr'><strong>me</strong></span> <span class='ocrx_word' id='word_1_53' title='bbox 646 980 769 1067; x_wconf 85' lang='lat' dir='ltr'><strong>iudice,</strong></span> <span class='ocrx_word' id='word_1_54' title='bbox 806 983 835 1055; x_wconf 91' lang='lat' dir='ltr'><strong>si</strong></span> <span class='ocrx_word' id='word_1_55' title='bbox 868 985 1047 1078; x_wconf 89' lang='lat' dir='ltr'><strong>epistolam</strong></span> <span class='ocrx_word' id='word_1_56' title='bbox 1075 986 1231 1059; x_wconf 83' lang='lat' dir='ltr'><strong>scribens</strong></span> 
     </span>
     <span class='ocr_line' id='line_1_9' title="bbox 141 1101 1230 1200; baseline 0.006 -26"><span class='ocrx_word' id='word_1_57' title='bbox 141 1114 234 1199; x_wconf 86' lang='lat' dir='ltr'><strong>apte</strong></span> <span class='ocrx_word' id='word_1_58' title='bbox 253 1122 381 1189; x_wconf 88' lang='lat' dir='ltr'><strong>versor</strong></span> <span class='ocrx_word' id='word_1_59' title='bbox 400 1101 435 1173; x_wconf 93' lang='lat' dir='ltr'><strong>in</strong></span> <span class='ocrx_word' id='word_1_60' title='bbox 455 1102 588 1188; x_wconf 90' lang='lat' dir='ltr'><strong>humili,</strong></span> <span class='ocrx_word' id='word_1_61' title='bbox 611 1104 699 1177; x_wconf 89' lang='lat' dir='ltr'><strong>bene</strong></span> <span class='ocrx_word' id='word_1_62' title='bbox 724 1117 788 1177; x_wconf 87' lang='lat' dir='ltr'><strong>est.</strong></span> <span class='ocrx_word' id='word_1_63' title='bbox 816 1107 851 1176; x_wconf 91' lang='lat' dir='ltr'><strong>Si</strong></span> <span class='ocrx_word' id='word_1_64' title='bbox 876 1107 955 1200; x_wconf 90' lang='lat' dir='ltr'><strong>quis</strong></span> <span class='ocrx_word' id='word_1_65' title='bbox 983 1118 1019 1180; x_wconf 91' lang='lat' dir='ltr'><strong>ut</strong></span> <span class='ocrx_word' id='word_1_66' title='bbox 1044 1111 1230 1183; x_wconf 84' lang='lat' dir='ltr'>ascendam</span> 
     </span>
     <span class='ocr_line' id='line_1_10' title="bbox 144 1225 1287 1334; baseline 0.004 -37"><span class='ocrx_word' id='word_1_67' title='bbox 144 1225 260 1332; x_wconf 80' lang='lat' dir='ltr'><strong>altius</strong></span> <span class='ocrx_word' id='word_1_68' title='bbox 282 1226 453 1310; x_wconf 88' lang='lat' dir='ltr'><strong>bortetnr,</strong></span> <span class='ocrx_word' id='word_1_69' title='bbox 472 1225 575 1298; x_wconf 90' lang='lat' dir='ltr'><strong>video</strong></span> <span class='ocrx_word' id='word_1_70' title='bbox 591 1227 722 1319; x_wconf 82' lang='lat' dir='ltr'><strong>gradus</strong></span> <span class='ocrx_word' id='word_1_71' title='bbox 741 1228 869 1321; x_wconf 89' lang='lat' dir='ltr'><strong>quibus</strong></span> <span class='ocrx_word' id='word_1_72' title='bbox 886 1233 1143 1322; x_wconf 85' lang='lat' dir='ltr'><strong>assurgendum</strong></span> <span class='ocrx_word' id='word_1_73' title='bbox 1165 1242 1229 1316; x_wconf 88' lang='lat' dir='ltr'><strong>est,</strong></span> <span class='ocrx_word' id='word_1_74' title='bbox 1281 1320 1287 1334; x_wconf 25' lang='grc' dir='ltr'>ι</span> 
     </span>
     <span class='ocr_line' id='line_1_11' title="bbox 144 1347 1232 1446; baseline 0.004 -26"><span class='ocrx_word' id='word_1_75' title='bbox 144 1358 184 1420; x_wconf 91' lang='lat' dir='ltr'><strong>et</strong></span> <span class='ocrx_word' id='word_1_76' title='bbox 204 1347 424 1442; x_wconf 90' lang='lat' dir='ltr'><strong>quantalibet</strong></span> <span class='ocrx_word' id='word_1_77' title='bbox 444 1348 571 1440; x_wconf 82' lang='lat' dir='ltr'><strong>ingenii</strong></span> <span class='ocrx_word' id='word_1_78' title='bbox 597 1349 757 1421; x_wconf 72' lang='lat' dir='ltr'><strong>tarditate</strong></span> <span class='ocrx_word' id='word_1_79' title='bbox 785 1351 845 1420; x_wconf 94' lang='lat' dir='ltr'><strong>niti</strong></span> <span class='ocrx_word' id='word_1_80' title='bbox 869 1374 1028 1446; x_wconf 90' lang='lat' dir='ltr'><strong>possum;</strong></span> <span class='ocrx_word' id='word_1_81' title='bbox 1054 1363 1090 1424; x_wconf 87' lang='lat' dir='ltr'><strong>at</strong></span> <span class='ocrx_word' id='word_1_82' title='bbox 1115 1354 1144 1425; x_wconf 91' lang='lat' dir='ltr'><strong>si</strong></span> <span class='ocrx_word' id='word_1_83' title='bbox 1170 1354 1232 1424; x_wconf 91' lang='lat' dir='ltr'><strong>de-</strong></span> 
     </span>
     <span class='ocr_line' id='line_1_12' title="bbox 148 1470 1232 1569; baseline 0.003 -24"><span class='ocrx_word' id='word_1_84' title='bbox 148 1472 325 1545; x_wconf 86' lang='lat' dir='ltr'><strong>scendere</strong></span> <span class='ocrx_word' id='word_1_85' title='bbox 343 1470 464 1544; x_wconf 88' lang='lat' dir='ltr'><strong>iubeor</strong></span> <span class='ocrx_word' id='word_1_86' title='bbox 484 1481 583 1544; x_wconf 90' lang='lat' dir='ltr'><strong>stans</strong></span> <span class='ocrx_word' id='word_1_87' title='bbox 601 1473 635 1542; x_wconf 87' lang='lat' dir='ltr'><strong>in</strong></span> <span class='ocrx_word' id='word_1_88' title='bbox 653 1474 735 1557; x_wconf 81' lang='lat' dir='ltr'><strong>ime,</strong></span> <span class='ocrx_word' id='word_1_89' title='bbox 755 1474 900 1545; x_wconf 72' lang='lat' dir='ltr'><strong>facultas</strong></span> <span class='ocrx_word' id='word_1_90' title='bbox 915 1475 1113 1569; x_wconf 85' lang='lat' dir='ltr'><strong>praeripitur</strong></span> <span class='ocrx_word' id='word_1_91' title='bbox 1128 1474 1232 1548; x_wconf 89' lang='lat' dir='ltr'><strong>obse-</strong></span> 
     </span>
     <span class='ocr_line' id='line_1_13' title="bbox 147 1593 1231 1690; baseline 0.004 -25"><span class='ocrx_word' id='word_1_92' title='bbox 147 1594 296 1687; x_wconf 92' lang='lat' dir='ltr'><strong>quendi.</strong></span> <span class='ocrx_word' id='word_1_93' title='bbox 310 1593 401 1679; x_wconf 89' lang='lat' dir='ltr'><strong>Quid</strong></span> <span class='ocrx_word' id='word_1_94' title='bbox 417 1603 472 1665; x_wconf 88' lang='lat' dir='ltr'><strong>est</strong></span> <span class='ocrx_word' id='word_1_95' title='bbox 489 1595 593 1687; x_wconf 80' lang='lat' dir='ltr'><strong>igitur</strong></span> <span class='ocrx_word' id='word_1_96' title='bbox 605 1594 700 1687; x_wconf 92' lang='lat' dir='ltr'><strong>quod</strong></span> <span class='ocrx_word' id='word_1_97' title='bbox 717 1616 772 1665; x_wconf 88' lang='lat' dir='ltr'><strong>me</strong></span> <span class='ocrx_word' id='word_1_98' title='bbox 789 1599 957 1689; x_wconf 78' lang='lat' dir='ltr'><strong>poscunt?</strong></span> <span class='ocrx_word' id='word_1_99' title='bbox 973 1597 1072 1669; x_wconf 81' lang='lat' dir='ltr'><strong>Certe</strong></span> <span class='ocrx_word' id='word_1_100' title='bbox 1088 1619 1158 1690; x_wconf 91' lang='lat' dir='ltr'><strong>quo</strong></span> <span class='ocrx_word' id='word_1_101' title='bbox 1175 1619 1231 1669; x_wconf 90' lang='lat' dir='ltr'><strong>me</strong></span> 
     </span>
     <span class='ocr_line' id='line_1_14' title="bbox 151 1717 1229 1811; baseline 0.004 -24"><span class='ocrx_word' id='word_1_102' title='bbox 151 1718 205 1787; x_wconf 92' lang='lat' dir='ltr'><strong>nti</strong></span> <span class='ocrx_word' id='word_1_103' title='bbox 225 1717 347 1789; x_wconf 89' lang='lat' dir='ltr'><strong>iubent</strong></span> <span class='ocrx_word' id='word_1_104' title='bbox 357 1727 395 1788; x_wconf 91' lang='lat' dir='ltr'><strong>et</strong></span> <span class='ocrx_word' id='word_1_105' title='bbox 406 1740 510 1811; x_wconf 93' lang='lat' dir='ltr'><strong>quem</strong></span> <span class='ocrx_word' id='word_1_106' title='bbox 524 1718 590 1811; x_wconf 91' lang='lat' dir='ltr'><strong>ipsi</strong></span> <span class='ocrx_word' id='word_1_107' title='bbox 610 1717 727 1789; x_wconf 91' lang='lat' dir='ltr'><strong>stilum</strong></span> <span class='ocrx_word' id='word_1_108' title='bbox 747 1718 938 1803; x_wconf 86' lang='lat' dir='ltr'><strong>nominant,</strong></span> <span class='ocrx_word' id='word_1_109' title='bbox 958 1728 1098 1792; x_wconf 90' lang='lat' dir='ltr'><strong>nonest</strong></span> <span class='ocrx_word' id='word_1_110' title='bbox 1117 1720 1229 1793; x_wconf 89' lang='lat' dir='ltr'><strong>stilus.</strong></span> 
     </span>
     <span class='ocr_line' id='line_1_15' title="bbox 150 1839 1229 1936; baseline 0.003 -23"><span class='ocrx_word' id='word_1_111' title='bbox 150 1839 247 1926; x_wconf 89' lang='lat' dir='ltr'><strong>Quid</strong></span> <span class='ocrx_word' id='word_1_112' title='bbox 266 1852 398 1921; x_wconf 85' lang='lat' dir='ltr'><strong>autem,</strong></span> <span class='ocrx_word' id='word_1_113' title='bbox 412 1840 482 1924; x_wconf 83' lang='lat' dir='ltr'><strong>olo,</strong></span> <span class='ocrx_word' id='word_1_114' title='bbox 498 1863 590 1912; x_wconf 89' lang='lat' dir='ltr'><strong>nunc</strong></span> <span class='ocrx_word' id='word_1_115' title='bbox 609 1840 741 1913; x_wconf 89' lang='lat' dir='ltr'><strong>diceret</strong></span> <span class='ocrx_word' id='word_1_116' title='bbox 757 1842 940 1927; x_wconf 82' lang='lat' dir='ltr'><strong>luvenalis,</strong></span> <span class='ocrx_word' id='word_1_117' title='bbox 957 1843 1016 1936; x_wconf 92' lang='lat' dir='ltr'><strong>qui</strong></span> <span class='ocrx_word' id='word_1_118' title='bbox 1035 1843 1229 1934; x_wconf 86' lang='lat' dir='ltr'><strong>studiorum</strong></span> 
     </span>
     <span class='ocr_line' id='line_1_16' title="bbox 153 1963 1231 2060; baseline 0.006 -27"><span class='ocrx_word' id='word_1_119' title='bbox 153 1986 256 2058; x_wconf 90' lang='lat' dir='ltr'><strong>spem</strong></span> <span class='ocrx_word' id='word_1_120' title='bbox 288 1963 458 2060; x_wconf 74' lang='lat' dir='ltr'><strong>perditam</strong></span> <span class='ocrx_word' id='word_1_121' title='bbox 491 1963 704 2057; x_wconf 87' lang='lat' dir='ltr'><strong>temporibus</strong></span> <span class='ocrx_word' id='word_1_122' title='bbox 737 1965 811 2037; x_wconf 90' lang='lat' dir='ltr'><strong>suis</strong></span> <span class='ocrx_word' id='word_1_123' title='bbox 844 1966 960 2036; x_wconf 78' lang='lat' dir='ltr'><strong>dolet?</strong></span> <span class='ocrx_word' id='word_1_124' title='bbox 985 1965 1077 2049; x_wconf 88' lang='lat' dir='ltr'><strong>Quid</strong></span> <span class='ocrx_word' id='word_1_125' title='bbox 1102 1968 1231 2040; x_wconf 81' lang='lat' dir='ltr'><strong>Seneca</strong></span> 
     </span>
     <span class='ocr_line' id='line_1_17' title="bbox 154 2085 1230 2179; baseline 0 -21"><span class='ocrx_word' id='word_1_126' title='bbox 154 2096 273 2159; x_wconf 71' lang='lat' dir='ltr'><strong>tantm</strong></span> <span class='ocrx_word' id='word_1_127' title='bbox 293 2098 417 2170; x_wconf 89' lang='lat' dir='ltr'><strong>orator,</strong></span> <span class='ocrx_word' id='word_1_128' title='bbox 439 2087 499 2179; x_wconf 89' lang='lat' dir='ltr'><strong>qni</strong></span> <span class='ocrx_word' id='word_1_129' title='bbox 532 2098 611 2179; x_wconf 91' lang='lat' dir='ltr'><strong>post</strong></span> <span class='ocrx_word' id='word_1_130' title='bbox 637 2086 835 2159; x_wconf 84' lang='lat' dir='ltr'><strong>Ciceronem</strong></span> <span class='ocrx_word' id='word_1_131' title='bbox 869 2088 902 2156; x_wconf 91' lang='lat' dir='ltr'><strong>in</strong></span> <span class='ocrx_word' id='word_1_132' title='bbox 936 2085 1089 2157; x_wconf 90' lang='lat' dir='ltr'><strong>deterius</strong></span> <span class='ocrx_word' id='word_1_133' title='bbox 1112 2089 1230 2160; x_wconf 89' lang='lat' dir='ltr'><strong>datam</strong></span> 
     </span>
     <span class='ocr_line' id='line_1_18' title="bbox 153 2208 1230 2302; baseline 0.002 -24"><span class='ocrx_word' id='word_1_134' title='bbox 153 2209 386 2302; x_wconf 89' lang='lat' dir='ltr'><strong>eloquentiam</strong></span> <span class='ocrx_word' id='word_1_135' title='bbox 408 2210 637 2281; x_wconf 82' lang='lat' dir='ltr'><strong>lamentatur?</strong></span> <span class='ocrx_word' id='word_1_136' title='bbox 654 2208 743 2290; x_wconf 89' lang='lat' dir='ltr'><strong>Quid</strong></span> <span class='ocrx_word' id='word_1_137' title='bbox 762 2209 880 2279; x_wconf 87' lang='lat' dir='ltr'><strong>Cicero</strong></span> <span class='ocrx_word' id='word_1_138' title='bbox 897 2209 972 2302; x_wconf 88' lang='lat' dir='ltr'><strong>ipse</strong></span> <span class='ocrx_word' id='word_1_139' title='bbox 991 2230 1148 2279; x_wconf 91' lang='lat' dir='ltr'><strong>summus</strong></span> <span class='ocrx_word' id='word_1_140' title='bbox 1166 2210 1230 2280; x_wconf 88' lang='lat' dir='ltr'><strong>llos</strong></span> 
     </span>
     <span class='ocr_line' id='line_1_19' title="bbox 154 2329 1230 2426; baseline -0.002 -26"><span class='ocrx_word' id='word_1_141' title='bbox 154 2331 295 2425; x_wconf 90' lang='lat' dir='ltr'><strong>eloquii,</strong></span> <span class='ocrx_word' id='word_1_142' title='bbox 316 2332 376 2426; x_wconf 92' lang='lat' dir='ltr'><strong>qni</strong></span> <span class='ocrx_word' id='word_1_143' title='bbox 398 2341 511 2404; x_wconf 92' lang='lat' dir='ltr'><strong>tamen</strong></span> <span class='ocrx_word' id='word_1_144' title='bbox 532 2329 683 2425; x_wconf 91' lang='lat' dir='ltr'><strong>quodam</strong></span> <span class='ocrx_word' id='word_1_145' title='bbox 704 2332 779 2400; x_wconf 89' lang='lat' dir='ltr'><strong>loco</strong></span> <span class='ocrx_word' id='word_1_146' title='bbox 799 2330 1006 2421; x_wconf 85' lang='lat' dir='ltr'><strong>eloquentiae</strong></span> <span class='ocrx_word' id='word_1_147' title='bbox 1026 2349 1149 2401; x_wconf 88' lang='lat' dir='ltr'><strong>casum</strong></span> <span class='ocrx_word' id='word_1_148' title='bbox 1169 2329 1230 2399; x_wconf 91' lang='lat' dir='ltr'><strong>de·</strong></span> 
     </span>
     <span class='ocr_line' id='line_1_20' title="bbox 156 2449 1230 2555; baseline -0.003 -29"><span class='ocrx_word' id='word_1_149' title='bbox 156 2455 238 2528; x_wconf 83' lang='lat' dir='ltr'><strong>llet‘l</strong></span> <span class='ocrx_word' id='word_1_150' title='bbox 256 2456 349 2526; x_wconf 88' lang='lat' dir='ltr'><strong>Bene</strong></span> <span class='ocrx_word' id='word_1_151' title='bbox 367 2466 423 2527; x_wconf 89' lang='lat' dir='ltr'><strong>est</strong></span> <span class='ocrx_word' id='word_1_152' title='bbox 442 2455 535 2547; x_wconf 90' lang='lat' dir='ltr'><strong>quod</strong></span> <span class='ocrx_word' id='word_1_153' title='bbox 557 2455 619 2524; x_wconf 93' lang='lat' dir='ltr'><strong>bas</strong></span> <span class='ocrx_word' id='word_1_154' title='bbox 641 2452 785 2555; x_wconf 88' lang='lat' dir='ltr'><strong>ineptias</strong></span> <span class='ocrx_word' id='word_1_155' title='bbox 809 2472 876 2521; x_wconf 94' lang='lat' dir='ltr'><strong>non</strong></span> <span class='ocrx_word' id='word_1_156' title='bbox 894 2450 1039 2522; x_wconf 92' lang='lat' dir='ltr'><strong>audiunt</strong></span> <span class='ocrx_word' id='word_1_157' title='bbox 1058 2449 1187 2543; x_wconf 91' lang='lat' dir='ltr'><strong>quibus</strong></span> <span class='ocrx_word' id='word_1_158' title='bbox 1208 2472 1230 2523; x_wconf 89' lang='lat' dir='ltr'><strong>a</strong></span> 
     </span>
     <span class='ocr_line' id='line_1_21' title="bbox 157 2570 1230 2673; baseline -0.005 -24"><span class='ocrx_word' id='word_1_159' title='bbox 157 2599 320 2673; x_wconf 87' lang='lat' dir='ltr'><strong>supremo</strong></span> <span class='ocrx_word' id='word_1_160' title='bbox 336 2579 394 2648; x_wconf 87' lang='lat' dir='ltr'><strong>vel</strong></span> <span class='ocrx_word' id='word_1_161' title='bbox 412 2576 589 2648; x_wconf 83' lang='lat' dir='ltr'><strong>minimum</strong></span> <span class='ocrx_word' id='word_1_162' title='bbox 609 2573 836 2648; x_wconf 88' lang='lat' dir='ltr'><strong>descendisse</strong></span> <span class='ocrx_word' id='word_1_163' title='bbox 857 2573 980 2665; x_wconf 78' lang='lat' dir='ltr'><strong>ingens</strong></span> <span class='ocrx_word' id='word_1_164' title='bbox 1000 2570 1230 2665; x_wconf 82' lang='lat' dir='ltr'><strong>praecipitium</strong></span> 
     </span>
     <span class='ocr_line' id='line_1_22' title="bbox 157 2695 1229 2789; baseline -0.004 -19"><span class='ocrx_word' id='word_1_165' title='bbox 157 2699 344 2771; x_wconf 82' lang='lat' dir='ltr'><strong>videretur.</strong></span> <span class='ocrx_word' id='word_1_166' title='bbox 366 2700 422 2772; x_wconf 90' lang='lat' dir='ltr'><strong>Sic</strong></span> <span class='ocrx_word' id='word_1_167' title='bbox 447 2721 545 2783; x_wconf 87' lang='lat' dir='ltr'><strong>vero,</strong></span> <span class='ocrx_word' id='word_1_168' title='bbox 578 2709 616 2769; x_wconf 94' lang='lat' dir='ltr'><strong>ut</strong></span> <span class='ocrx_word' id='word_1_169' title='bbox 647 2698 773 2770; x_wconf 88' lang='lat' dir='ltr'><strong>adme</strong></span> <span class='ocrx_word' id='word_1_170' title='bbox 799 2695 950 2789; x_wconf 77' lang='lat' dir='ltr'><strong>redeam,</strong></span> <span class='ocrx_word' id='word_1_171' title='bbox 976 2703 1148 2768; x_wconf 87' lang='lat' dir='ltr'><strong>transacta</strong></span> <span class='ocrx_word' id='word_1_172' title='bbox 1173 2716 1229 2767; x_wconf 87' lang='lat' dir='ltr'><strong>res</strong></span> 
     </span>
     <span class='ocr_line' id='line_1_23' title="bbox 158 2817 1231 2918; baseline -0.007 -23"><span class='ocrx_word' id='word_1_173' title='bbox 158 2832 221 2896; x_wconf 89' lang='lat' dir='ltr'><strong>est.</strong></span> <span class='ocrx_word' id='word_1_174' title='bbox 242 2822 398 2918; x_wconf 91' lang='lat' dir='ltr'><strong>Spatium</strong></span> <span class='ocrx_word' id='word_1_175' title='bbox 417 2821 529 2893; x_wconf 90' lang='lat' dir='ltr'><strong>babeo</strong></span> <span class='ocrx_word' id='word_1_176' title='bbox 545 2821 589 2893; x_wconf 93' lang='lat' dir='ltr'><strong>ad</strong></span> <span class='ocrx_word' id='word_1_177' title='bbox 605 2820 823 2901; x_wconf 88' lang='lat' dir='ltr'><strong>discendum,</strong></span> <span class='ocrx_word' id='word_1_178' title='bbox 846 2819 941 2912; x_wconf 89' lang='lat' dir='ltr'><strong>quod</strong></span> <span class='ocrx_word' id='word_1_179' title='bbox 967 2817 1097 2891; x_wconf 90' lang='lat' dir='ltr'><strong>utinam</strong></span> <span class='ocrx_word' id='word_1_180' title='bbox 1118 2817 1231 2891; x_wconf 92' lang='lat' dir='ltr'><strong>nesci-</strong></span> 
     </span>
     <span class='ocr_line' id='line_1_24' title="bbox 158 2938 1232 3034; baseline -0.006 -17"><span class='ocrx_word' id='word_1_181' title='bbox 158 2967 245 3031; x_wconf 86' lang='lat' dir='ltr'><strong>rem,</strong></span> <span class='ocrx_word' id='word_1_182' title='bbox 264 2945 388 3017; x_wconf 86' lang='lat' dir='ltr'><strong>lrivole</strong></span> <span class='ocrx_word' id='word_1_183' title='bbox 412 2953 449 3016; x_wconf 92' lang='lat' dir='ltr'><strong>et</strong></span> <span class='ocrx_word' id='word_1_184' title='bbox 472 2943 619 3016; x_wconf 88' lang='lat' dir='ltr'><strong>inaniter</strong></span> <span class='ocrx_word' id='word_1_185' title='bbox 639 2952 675 3014; x_wconf 93' lang='lat' dir='ltr'><strong>et</strong></span> <span class='ocrx_word' id='word_1_186' title='bbox 691 2939 822 3012; x_wconf 89' lang='lat' dir='ltr'><strong>abiecte</strong></span> <span class='ocrx_word' id='word_1_187' title='bbox 838 2941 943 3034; x_wconf 89' lang='lat' dir='ltr'><strong>loqui.</strong></span> <span class='ocrx_word' id='word_1_188' title='bbox 961 2940 1033 3013; x_wconf 90' lang='lat' dir='ltr'><strong>Has</strong></span> <span class='ocrx_word' id='word_1_189' title='bbox 1059 2938 1104 3011; x_wconf 93' lang='lat' dir='ltr'><strong>ad</strong></span> <span class='ocrx_word' id='word_1_190' title='bbox 1130 2940 1232 3012; x_wconf 88' lang='lat' dir='ltr'><strong>sobo-</strong></span> 
     </span>
     <span class='ocr_line' id='line_1_25' title="bbox 159 3063 1229 3159; baseline -0.006 -20"><span class='ocrx_word' id='word_1_191' title='bbox 159 3071 208 3142; x_wconf 85' lang='lat' dir='ltr'><strong>las</strong></span> <span class='ocrx_word' id='word_1_192' title='bbox 220 3069 271 3141; x_wconf 93' lang='lat' dir='ltr'><strong>ire</strong></span> <span class='ocrx_word' id='word_1_193' title='bbox 288 3069 410 3141; x_wconf 89' lang='lat' dir='ltr'><strong>iubeor</strong></span> <span class='ocrx_word' id='word_1_194' title='bbox 426 3068 494 3140; x_wconf 91' lang='lat' dir='ltr'><strong>iam</strong></span> <span class='ocrx_word' id='word_1_195' title='bbox 511 3088 714 3151; x_wconf 86' lang='lat' dir='ltr'><strong>senescens,</strong></span> <span class='ocrx_word' id='word_1_196' title='bbox 733 3086 821 3159; x_wconf 91' lang='lat' dir='ltr'><strong>quas</strong></span> <span class='ocrx_word' id='word_1_197' title='bbox 839 3063 977 3137; x_wconf 86' lang='lat' dir='ltr'><strong>iuvenis</strong></span> <span class='ocrx_word' id='word_1_198' title='bbox 995 3085 1133 3157; x_wconf 88' lang='lat' dir='ltr'><strong>semper</strong></span> <span class='ocrx_word' id='word_1_199' title='bbox 1146 3064 1229 3155; x_wconf 80' lang='lat' dir='ltr'><strong>lugi.</strong></span> 
     </span>
     <span class='ocr_line' id='line_1_26' title="bbox 160 3168 1230 3282; baseline -0.009 -17"><span class='ocrx_word' id='word_1_200' title='bbox 160 3193 225 3265; x_wconf 89' lang='lat' dir='ltr'><strong>Sed</strong></span> <span class='ocrx_word' id='word_1_201' title='bbox 242 3192 331 3265; x_wconf 89' lang='lat' dir='ltr'><strong>bene</strong></span> <span class='ocrx_word' id='word_1_202' title='bbox 350 3191 467 3265; x_wconf 90' lang='lat' dir='ltr'><strong>babet:</strong></span> <span class='ocrx_word' id='word_1_203' title='bbox 486 3189 623 3263; x_wconf 91' lang='lat' dir='ltr'><strong>interim</strong></span> <span class='ocrx_word' id='word_1_204' title='bbox 636 3189 722 3261; x_wconf 88' lang='lat' dir='ltr'><strong>liber</strong></span> <span class='ocrx_word' id='word_1_205' title='bbox 735 3211 828 3272; x_wconf 90' lang='lat' dir='ltr'><strong>sum,</strong></span> <span class='ocrx_word' id='word_1_206' title='bbox 843 3209 938 3279; x_wconf 79' lang='lat' dir='ltr'><strong>aegre</strong></span> <span class='ocrx_word' id='word_1_207' title='bbox 951 3168 1230 3282; x_wconf 81' lang='lat' dir='ltr'><strong>permittentibus</strong></span> 
     </span>
     <span class='ocr_line' id='line_1_27' title="bbox 159 3309 1231 3409; baseline -0.008 -21"><span class='ocrx_word' id='word_1_208' title='bbox 159 3317 214 3409; x_wconf 88' lang='lat' dir='ltr'><strong>qui</strong></span> <span class='ocrx_word' id='word_1_209' title='bbox 234 3338 294 3388; x_wconf 90' lang='lat' dir='ltr'><strong>me</strong></span> <span class='ocrx_word' id='word_1_210' title='bbox 315 3316 348 3386; x_wconf 94' lang='lat' dir='ltr'><strong>in</strong></span> <span class='ocrx_word' id='word_1_211' title='bbox 370 3315 549 3388; x_wconf 89' lang='lat' dir='ltr'><strong>servitium</strong></span> <span class='ocrx_word' id='word_1_212' title='bbox 569 3313 783 3396; x_wconf 89' lang='lat' dir='ltr'><strong>asserebant,</strong></span> <span class='ocrx_word' id='word_1_213' title='bbox 797 3321 847 3395; x_wconf 93' lang='lat' dir='ltr'><strong>et,</strong></span> <span class='ocrx_word' id='word_1_214' title='bbox 867 3310 897 3382; x_wconf 92' lang='lat' dir='ltr'><strong>si</strong></span> <span class='ocrx_word' id='word_1_215' title='bbox 914 3309 1132 3403; x_wconf 79' lang='lat' dir='ltr'><strong>expectanda</strong></span> <span class='ocrx_word' id='word_1_216' title='bbox 1149 3329 1231 3380; x_wconf 91' lang='lat' dir='ltr'><strong>con-</strong></span> 
     </span>
     <span class='ocr_line' id='line_1_28' title="bbox 160 3431 1231 3532; baseline -0.006 -23"><span class='ocrx_word' id='word_1_217' title='bbox 160 3438 240 3513; x_wconf 91' lang='lat' dir='ltr'><strong>ditio</strong></span> <span class='ocrx_word' id='word_1_218' title='bbox 261 3450 328 3522; x_wconf 88' lang='lat' dir='ltr'><strong>est,</strong></span> <span class='ocrx_word' id='word_1_219' title='bbox 351 3437 385 3507; x_wconf 90' lang='lat' dir='ltr'><strong>in</strong></span> <span class='ocrx_word' id='word_1_220' title='bbox 405 3447 610 3532; x_wconf 88' lang='lat' dir='ltr'><strong>perpetuum</strong></span> <span class='ocrx_word' id='word_1_221' title='bbox 632 3434 716 3506; x_wconf 92' lang='lat' dir='ltr'><strong>liber</strong></span> <span class='ocrx_word' id='word_1_222' title='bbox 736 3455 811 3517; x_wconf 89' lang='lat' dir='ltr'><strong>ero,</strong></span> <span class='ocrx_word' id='word_1_223' title='bbox 834 3441 929 3503; x_wconf 89' lang='lat' dir='ltr'><strong>tanto</strong></span> <span class='ocrx_word' id='word_1_224' title='bbox 948 3431 1109 3524; x_wconf 91' lang='lat' dir='ltr'><strong>equidem</strong></span> <span class='ocrx_word' id='word_1_225' title='bbox 1128 3431 1231 3503; x_wconf 94' lang='lat' dir='ltr'><strong>liber-</strong></span> 
     </span>
     <span class='ocr_line' id='line_1_29' title="bbox 160 3553 1232 3652; baseline -0.007 -16"><span class='ocrx_word' id='word_1_226' title='bbox 160 3572 223 3636; x_wconf 85' lang='lat' dir='ltr'><strong>tate</strong></span> <span class='ocrx_word' id='word_1_227' title='bbox 244 3560 356 3633; x_wconf 84' lang='lat' dir='ltr'><strong>laetior</strong></span> <span class='ocrx_word' id='word_1_228' title='bbox 374 3568 504 3652; x_wconf 90' lang='lat' dir='ltr'><strong>quanto</strong></span> <span class='ocrx_word' id='word_1_229' title='bbox 529 3559 659 3630; x_wconf 87' lang='lat' dir='ltr'><strong>lucram</strong></span> <span class='ocrx_word' id='word_1_230' title='bbox 686 3556 874 3649; x_wconf 81' lang='lat' dir='ltr'><strong>proximior</strong></span> <span class='ocrx_word' id='word_1_231' title='bbox 898 3553 1067 3625; x_wconf 88' lang='lat' dir='ltr'><strong>servituti.</strong></span> <span class='ocrx_word' id='word_1_232' title='bbox 1090 3554 1232 3629; x_wconf 82' lang='lat' dir='ltr'><strong>Accedit</strong></span> 
     </span>
     <span class='ocr_line' id='line_1_30' title="bbox 159 3674 1231 3777; baseline -0.008 -18"><span class='ocrx_word' id='word_1_233' title='bbox 159 3687 250 3777; x_wconf 89' lang='lat' dir='ltr'><strong>quod</strong></span> <span class='ocrx_word' id='word_1_234' title='bbox 270 3705 315 3757; x_wconf 91' lang='lat' dir='ltr'><strong>eo</strong></span> <span class='ocrx_word' id='word_1_235' title='bbox 334 3681 477 3753; x_wconf 87' lang='lat' dir='ltr'><strong>libertas</strong></span> <span class='ocrx_word' id='word_1_236' title='bbox 497 3679 683 3762; x_wconf 84' lang='lat' dir='ltr'><strong>honestior,</strong></span> <span class='ocrx_word' id='word_1_237' title='bbox 704 3699 774 3771; x_wconf 88' lang='lat' dir='ltr'><strong>quo</strong></span> <span class='ocrx_word' id='word_1_238' title='bbox 792 3674 959 3749; x_wconf 88' lang='lat' dir='ltr'><strong>libertatis</strong></span> <span class='ocrx_word' id='word_1_239' title='bbox 980 3675 1157 3750; x_wconf 89' lang='lat' dir='ltr'><strong>honestior</strong></span> <span class='ocrx_word' id='word_1_240' title='bbox 1176 3690 1231 3750; x_wconf 90' lang='lat' dir='ltr'><strong>est</strong></span> 
     </span>
     <span class='ocr_line' id='line_1_31' title="bbox 156 3800 1227 3890; baseline -0.009 -10"><span class='ocrx_word' id='word_1_241' title='bbox 156 3828 278 3890; x_wconf 87' lang='lat' dir='ltr'><strong>causa;</strong></span> <span class='ocrx_word' id='word_1_242' title='bbox 299 3807 384 3879; x_wconf 89' lang='lat' dir='ltr'><strong>illud</strong></span> <span class='ocrx_word' id='word_1_243' title='bbox 404 3806 507 3879; x_wconf 91' lang='lat' dir='ltr'><strong>modo</strong></span> <span class='ocrx_word' id='word_1_244' title='bbox 528 3824 652 3876; x_wconf 91' lang='lat' dir='ltr'><strong>vereor</strong></span> <span class='ocrx_word' id='word_1_245' title='bbox 672 3825 716 3875; x_wconf 89' lang='lat' dir='ltr'><strong>ne</strong></span> <span class='ocrx_word' id='word_1_246' title='bbox 736 3803 821 3873; x_wconf 82' lang='lat' dir='ltr'><strong>falsa</strong></span> <span class='ocrx_word' id='word_1_247' title='bbox 842 3800 897 3872; x_wconf 88' lang='lat' dir='ltr'><strong>sit.</strong></span> <span class='ocrx_word' id='word_1_248' title='bbox 916 3801 951 3871; x_wconf 88' lang='lat' dir='ltr'><strong>Si</strong></span> <span class='ocrx_word' id='word_1_249' title='bbox 963 3801 1053 3874; x_wconf 92' lang='lat' dir='ltr'><strong>enim</strong></span> <span class='ocrx_word' id='word_1_250' title='bbox 1067 3812 1123 3874; x_wconf 88' lang='lat' dir='ltr'><strong>est</strong></span> <span class='ocrx_word' id='word_1_251' title='bbox 1133 3823 1227 3882; x_wconf 85' lang='lat' dir='ltr'><strong>vera,</strong></span> 
     </span>
     <span class='ocr_line' id='line_1_32' title="bbox 154 3921 1229 4026; baseline -0.011 -21"><span class='ocrx_word' id='word_1_252' title='bbox 154 3933 240 4026; x_wconf 92' lang='lat' dir='ltr'><strong>quid</strong></span> <span class='ocrx_word' id='word_1_253' title='bbox 267 3929 460 4025; x_wconf 89' lang='lat' dir='ltr'><strong>speciosius</strong></span> <span class='ocrx_word' id='word_1_254' title='bbox 492 3936 666 4021; x_wconf 86' lang='lat' dir='ltr'><strong>optassem</strong></span> <span class='ocrx_word' id='word_1_255' title='bbox 699 3947 804 4019; x_wconf 85' lang='lat' dir='ltr'><strong>quam</strong></span> <span class='ocrx_word' id='word_1_256' title='bbox 837 3925 995 3997; x_wconf 87' lang='lat' dir='ltr'><strong>evasisse</strong></span> <span class='ocrx_word' id='word_1_257' title='bbox 1027 3923 1104 3996; x_wconf 90' lang='lat' dir='ltr'><strong>iden</strong></span> <span class='ocrx_word' id='word_1_258' title='bbox 1135 3921 1229 4013; x_wconf 87' lang='lat' dir='ltr'><strong>quod</strong></span> 
     </span>
    </p>
   </div>
   <div class='ocr_carea' id='block_1_3' title="bbox 0 0 1383 5062">
    <p class='ocr_par' dir='ltr' id='par_1_3' title="bbox 0 0 1383 5062">
     <span class='ocr_line' id='line_1_33' title="bbox 0 0 1383 5062; baseline 0 0"><span class='ocrx_word' id='word_1_259' title='bbox 0 0 1383 5062; x_wconf 95' lang='lat' dir='ltr'><strong> </strong></span> 
     </span>
    </p>
   </div>
  </div>
 </body>
</html>
