2738 5062
919 405 928 423 Ο

172 675 231 735 516
511 685 551 733 ns
573 685 674 733 uenus
695 683 917 733 raunrnurnus

173 819 311 913 penitus
343 828 480 890 tuarum
507 818 553 890 ad
579 839 635 888 me
662 817 853 889 litterarum
879 817 944 890 hoc
968 817 1106 888 biennio
1127 838 1255 910 perve-

174 939 283 1023 nisse,
307 960 388 1032 quae
410 938 525 1009 mirari
549 946 582 1010 te
602 960 672 1009 non
692 937 798 1008 miror
817 947 921 1030 atque
940 937 1044 1009 etiam
1070 935 1253 1029 indignari.

174 1063 318 1133 Litterae
337 1071 467 1131 nostrae
490 1061 604 1132 medio
621 1060 758 1130 viarum
779 1080 863 1130 suos
882 1068 1039 1150 raptores
1060 1058 1253 1130 inveniunt.

174 1185 243 1256 Sed
269 1182 453 1254 ferendum
483 1181 576 1273 quod
610 1180 736 1252 mutari
763 1203 832 1252 non
858 1190 982 1273 potest.
1012 1181 1104 1264 Quid
1136 1192 1255 1254 autem

175 1306 329 1377 scimus?
349 1305 476 1375 Multos
498 1302 656 1385 forsitan,
679 1303 801 1387 amice,
835 1302 958 1374 studiis
979 1303 1109 1375 nostris
1130 1326 1255 1375 acoen-

174 1427 306 1508 dimus;
338 1425 453 1494 multis
490 1423 610 1515 gloriae
645 1424 802 1494 stimulos
837 1422 996 1494 fortassis
1029 1424 1251 1495 incussimus

176 1547 257 1617 Sive
285 1553 431 1638 pergant
456 1566 524 1635 qua
550 1552 730 1636 ceperunt,
762 1543 838 1614 sive
870 1543 970 1615 nobis
998 1543 1175 1636 duplicent
1205 1545 1254 1615 la-

175 1667 304 1748 horem,
327 1674 362 1734 et
381 1665 545 1757 epistolas
566 1676 704 1736 nostras
721 1664 898 1736 detineant
913 1675 950 1735 et
966 1671 1134 1747 avertant,
1149 1663 1253 1736 modo

175 1810 239 1860 nos
260 1797 377 1858 ament
396 1797 431 1856 et
454 1807 542 1878 quas
564 1788 702 1878 rapiunt
730 1786 908 1857 mirentur.
930 1784 1066 1878 Scripta
1090 1785 1252 1878 torpenti·

175 1907 242 1980 bus
262 1907 392 1999 digitis,
408 1914 509 1977 sexto
526 1905 700 1979 Kalendas
721 1907 868 1980 lanuarii
889 1915 970 1979 ante
990 1909 1114 1979 lucem.
1130 1906 1225 1977 Vale.

596 2347 772 2412 aristote
793 2348 835 2410 lll.

349 2515 542 2565 uutnctscus
564 2517 732 2567 Parauaea
753 2519 853 2568 Latro
875 2519 934 2569 SUO
955 2521 981 2570 S.
1003 2522 1031 2570 Ρ.
1053 2523 1083 2571 n.

228 2673 329 2728 Narrat
343 2689 373 2727 se
386 2671 529 2727 Mantuam
544 2686 560 2725 a
574 2669 681 2726 Caesare
696 2671 814 2726 accitum
828 2689 993 2744 summaque
1008 2671 1201 2728 benevolentia

228 2767 385 2833 receptum:
402 2765 430 2815 et
444 2759 550 2814 litteras
566 2759 591 2814 ci
605 2759 688 2814 mittit
702 2758 804 2831 quibus
819 2775 883 2814 eum
899 2759 1001 2814 Caesari
1015 2760 1199 2815 commendat.

273 3004 458 3077 Credulum
477 3027 646 3090 amorem,
662 3006 711 3076 ait
727 3006 832 3092 Naso,
846 3027 910 3077 neo
926 3006 1068 3079 fallitur:
1083 3009 1253 3082 utramvis

174 3128 208 3198 in
237 3138 370 3219 partem
390 3126 605 3220 experientia
631 3126 730 3198 testis
759 3126 869 3198 adest.
901 3127 1011 3209 Quam
1033 3129 1142 3201 facilis
1161 3131 1252 3203 enirn

172 3259 207 3320 ct
231 3270 337 3340 quam
357 3270 467 3342 prona
498 3257 554 3318 est
585 3248 711 3320 caritas
732 3247 922 3321 amicorum
950 3250 994 3321 ad
1019 3253 1251 3343 amplissimas

174 3391 255 3463 spes
282 3370 533 3462 opinionesque
554 3370 791 3441 clarissimas?
820 3379 881 3443 aut
899 3371 982 3463 quid
1004 3381 1072 3443 tam
1096 3371 1250 3464 magnifi-

173 3512 252 3561 cum
287 3488 371 3580 fingi
397 3501 524 3586 potest,
560 3491 655 3582 quod
686 3492 731 3563 de
764 3501 879 3564 amato
911 3514 979 3563 non
1010 3494 1109 3566 laoile
1135 3493 1250 3566 credat

172 3615 319 3682 amans?
340 3610 450 3682 Credo
477 3633 544 3703 ego
570 3611 707 3684 labores
729 3613 912 3685 herculeos
933 3615 1016 3685 nulli
1046 3615 1159 3708 magis
1179 3637 1251 3687 ore·

172 3733 264 3806 ditos
284 3754 389 3826 quarn
411 3730 604 3801 Philocteti:
627 3734 732 3803 credo
752 3735 878 3805 laruam
899 3736 1004 3807 victae
1033 3736 1251 3829 Carthaginis

172 3857 257 3930 nulli
278 3852 483 3950 profundius
510 3853 686 3924 haesuram
712 3854 821 3925 fuisse
843 3879 948 3948 quarn
982 3855 1100 3926 Latio.
1121 3857 1252 3928 Patulae

173 3989 255 4052 sunt
283 3999 388 4051 aures
421 3975 628 4049 amicorum:
663 3975 778 4048 omnia
809 3988 888 4048 ante
914 3999 1035 4048 omnes
1063 3977 1251 4070 excipiunt.

172 4103 299 4191 Magna
325 4100 412 4172 fides
434 4097 610 4181 amicitiae;
632 4097 745 4169 omnia
768 4099 885 4169 statim
906 4097 1028 4183 credit,
1051 4121 1116 4171 neo
1142 4100 1252 4171 eredi-

172 4220 268 4292 disse
297 4230 460 4292 contentu
480 4232 548 4305 est,
570 4219 638 4290 nisi
659 4219 704 4291 de
723 4222 864 4314 proprio
893 4220 1021 4313 aliquid
1041 4221 1171 4294 auditis
1191 4221 1250 4293 ad·

172 4340 314 4413 diderit..
331 4339 458 4408 Contra
477 4348 592 4411 autem
610 4361 727 4411 comes
749 4341 876 4411 amoris
892 4342 989 4413 zelus
1003 4343 1133 4416 ardens
1147 4363 1248 4436 quam

172 4483 328 4557 praeceps
347 4469 403 4531 est
423 4458 468 4529 ad
484 4460 697 4534 credendum
718 4482 819 4533 omne
849 4463 944 4553 quod
972 4462 1149 4559 displicere
1182 4484 1249 4536 non
