2738 5062
211 595 269 657 ast
549 609 589 656 uu
610 608 711 657 annus
732 607 956 657 rnuturnnmus

211 767 284 817 mas
315 767 357 817 ac
389 745 518 826 munis,
541 744 669 815 uberes
694 745 825 836 gratias
860 766 942 837 ago,
977 754 1012 817 et
1043 744 1139 840 quod
1172 768 1306 823 moues

210 869 407 959 amplector.
430 867 615 937 Senseram
633 873 669 934 et
686 865 752 935 boc
770 865 884 960 ipsum
903 868 999 961 prius
1018 867 1218 960 tacitusque
1234 892 1307 942 no-

210 999 379 1072 taveram3
398 988 462 1060 sed
480 990 623 1058 multum
642 997 697 1058 est
715 989 798 1060 dum
816 989 1004 1081 cognitioni
1022 988 1139 1061 dubiae
1161 992 1306 1066 accedit

209 1113 365 1184 docentis
386 1111 583 1182 auctoritas.
605 1110 705 1194 Quod
725 1111 891 1204 opinabar
907 1111 995 1184 scio:
1013 1113 1195 1206 epistolam
1218 1115 1303 1208 qui-

209 1235 288 1305 dem
310 1254 422 1304 meam
454 1234 499 1305 ad
530 1233 607 1304 illos
639 1231 747 1303 nostri
774 1233 940 1327 temporis
965 1233 1114 1305 Galenos
1142 1256 1300 1328 quorum

210 1355 357 1447 ingenio,
373 1366 411 1426 ut
428 1355 494 1448 ipsi
508 1357 637 1436 volunt,
658 1353 820 1427 subditur
838 1355 951 1439 saluS,
971 1358 1130 1448 languor,
1147 1378 1246 1429 mors
1263 1371 1301 1432 et

211 1481 282 1550 vita
308 1478 500 1562 hominum,
527 1477 699 1549 destinato
732 1476 845 1549 serius
879 1487 1127 1571 perventuram
1161 1479 1300 1553 invitus

212 1602 325 1675 audio.
359 1602 447 1672 Novi
480 1600 572 1670 enim
603 1622 722 1671 eorum
750 1598 946 1670 amentiam.
973 1598 1196 1671 Videbuntur
1228 1601 1299 1675 sibi

213 1744 375 1815 magnum
395 1720 525 1813 aliquid
540 1720 688 1804 dixisse,
705 1731 740 1790 et
757 1720 854 1790 facile
872 1718 938 1789 sibi
955 1720 1219 1814 persuadebunt
1238 1746 1298 1797 me

213 1846 246 1916 in
266 1846 509 1939 respondendo
524 1842 585 1916 diu
604 1844 820 1933 multumque
836 1840 1044 1926 desudasse3
1058 1852 1299 1923 ventosumet

212 1969 314 2040 inane
333 1989 445 2059 genus
466 1966 665 2038 animalium
686 1973 914 2060 paratumque
932 1965 998 2036 sibi
1019 1963 1063 2037 de
1081 1987 1120 2036 se
1137 1966 1295 2054 credere,

212 2093 463 2183 opinionesque
484 2089 646 2161 mirificas
664 2091 708 2162 de
724 2110 763 2160 se
781 2089 865 2183 ipsis
883 2089 1066 2183 concipere
1086 2111 1127 2160 ac
1147 2092 1297 2175 nutrire,

213 2213 297 2304 quid
318 2221 433 2282 autem
455 2233 540 2283 vere
567 2212 652 2295 sint,
682 2210 836 2303 quotidie
858 2211 940 2280 vitae
965 2191 1123 2303 periculo
1143 2213 1299 2288 humana

211 2333 399 2404 credulitas
420 2333 611 2425 experitur.
640 2333 709 2404 Sed
742 2333 963 2426 suspicentur
984 2332 1137 2404 utlibet:
1165 2356 1298 2427 parvus

213 2455 305 2526 enim
323 2476 422 2526 error
439 2453 543 2526 luerit
561 2454 749 2526 maioribus
767 2457 912 2526 collatus
930 2455 1120 2527 erroribus.
1140 2457 1191 2528 Tu
1213 2456 1297 2529 mibi

212 2598 276 2671 pro
297 2588 393 2670 parte
413 2576 574 2649 conscius
595 2599 650 2660 es,
672 2575 805 2648 veritas
824 2576 858 2646 in
877 2587 1001 2662 totum,
1022 2599 1076 2649 me
1097 2577 1131 2647 in
1150 2578 1207 2649 illa
1224 2580 1300 2674 epi-

214 2704 315 2785 stola,
345 2701 481 2772 nonnisi
507 2722 613 2772 unum
645 2699 750 2785 diem,
777 2722 928 2794 cumque
963 2723 1031 2772 non
1064 2701 1236 2794 integrum
1264 2714 1300 2775 et

213 2824 317 2896 unius
342 2822 454 2894 unctis
488 2830 620 2918 partem
648 2822 803 2894 ultimam
829 2824 1106 2916 consumpsisse,
1133 2824 1298 2916 quamvis

213 2948 344 3040 aliquot
364 2945 488 3019 diebus
510 2946 598 3018 inter
619 2946 842 3019 rescribentis
868 2968 992 3019 manus
1018 2946 1172 3018 baeserit.
1193 2946 1230 3018 ln
1255 2968 1300 3021 eo

215 3092 300 3142 sane
323 3069 493 3171 quoddc
525 3068 635 3141 nostri
670 3068 770 3141 ducis
797 3079 926 3164 tuoque
952 3069 1056 3141 simul
1082 3079 1118 3139 et
1142 3069 1298 3141 omnium

214 3204 370 3265 nostrum
398 3190 431 3261 in
458 3190 587 3261 ltaliam
610 3190 772 3276 transitu,
795 3213 899 3284 quem
927 3190 1123 3283 proximum
1151 3191 1300 3265 arbitra-

213 3315 292 3399 bar,
313 3315 439 3386 certior
460 3314 583 3386 litteris
610 3312 678 3385 tuis
699 3311 758 3397 fio,
781 3314 897 3383 forsan
930 3310 1012 3380 mibi
1044 3332 1141 3404 spem
1168 3335 1299 3407 praerc-

214 3446 308 3528 ptam
330 3434 482 3526 gaudeo,
506 3436 568 3507 scd
589 3435 698 3506 luisse
716 3434 836 3504 salsam
856 3432 967 3503 doleo.
988 3431 1184 3503 Gloriosum
1205 3437 1299 3507 enim

215 3556 280 3629 iter
300 3554 484 3627 videbatur
502 3565 538 3626 et
558 3555 656 3627 labor
675 3553 806 3625 mundo
826 3552 935 3624 utilis:
959 3554 1021 3627 sed
1046 3555 1114 3627 lata
1139 3552 1297 3641 obstant,

215 3690 254 3752 ut
274 3685 385 3776 poetae
406 3676 515 3748 verbo
539 3689 629 3762 utar,
653 3696 847 3770 vereorque
873 3698 917 3748 ne
942 3676 1070 3749 Caesari
1097 3685 1218 3748 nostro
1246 3681 1300 3750 vi·

214 3826 299 3874 vcro
321 3802 366 3874 sit
387 3800 483 3883 satis,
505 3809 541 3872 et
562 3821 661 3872 sacro
682 3798 803 3871 vertici
823 3799 976 3872 debitum
998 3799 1158 3873 diadema
1179 3801 1299 3897 despi-

214 3925 310 3999 ciens
343 3948 406 3998 nec
439 3923 572 4018 imperii
606 3944 725 3994 curam
759 3945 822 3995 uec
854 3923 1009 3995 clarioris
1036 3924 1137 3993 lamae
1170 3926 1298 3996 sentiat

216 4050 415 4146 appetitum.
438 4045 529 4133 Quid
553 4048 645 4119 enirn
670 4046 742 4139 agit
767 4069 828 4119 seu
853 4045 936 4142 quid
962 4045 1116 4137 cogitat?
1139 4047 1240 4117 Certe
1265 4049 1297 4119 si

214 4176 396 4247 Germania
417 4195 481 4245 sua
501 4183 537 4245 et
557 4172 721 4244 membris
743 4170 875 4265 imperii
897 4178 1078 4241 contentus
1100 4191 1216 4241 rerum
1237 4191 1297 4241 ca-

216 4309 278 4392 put
297 4297 420 4389 linquit
439 4297 582 4381 ltaliam,
603 4318 666 4367 rex
685 4294 907 4367 theutonicus
924 4290 1048 4386 poterit
1065 4314 1161 4376 esse,
1181 4312 1296 4363 roma-

214 4441 281 4493 nus
301 4440 381 4490 esse
401 4440 469 4490 non
490 4418 613 4512 poterit
634 4420 828 4514 imperator.
851 4411 1040 4508 Sperabam
1061 4413 1208 4485 demens
1233 4434 1295 4504 ge-
