2738 5062
352 643 444 692 tinen
465 640 733 692 sexsusnsscmus.
746 657 786 672 -
796 639 951 689 urlsrout
974 641 1036 690 XIV.
1158 628 1214 690 4οἸ

143 784 176 852 iu
206 780 333 874 quibus
365 793 400 850 et
436 779 634 850 Ciceronem
670 787 705 848 et
740 777 921 868 Virgilium
960 784 1218 869 sequentesque

142 905 227 974 aiios
252 905 360 974 multa
385 909 553 984 mutasse,
580 912 616 972 et
641 902 697 971 vet
724 899 928 971 auctoritate
953 902 1009 970 vel
1032 908 1217 972 consuetu-

141 1025 220 1097 dine
258 1034 450 1094 mutaturos
491 1043 573 1093 esse
612 1043 682 1091 non
723 1021 769 1092 sit
804 1021 960 1092 dubium.
1000 1023 1084 1093 Haee
1118 1022 1219 1092 nimi·
1258 1049 1269 1064 ·

112 1168 218 1243 ¹rum
248 1156 303 1216 est
332 1145 388 1214 iiia
420 1143 643 1238 perversituS,
674 1164 779 1234 quam
809 1144 908 1214 Pater
937 1143 1154 1236 Augustinus
1182 1145 1218 1216 in

142 1264 419 1338 confessionibus
465 1265 539 1336 suis
584 1264 697 1337 deflet.
745 1264 851 1335 Cuius
899 1263 1008 1335 verba
1030 1285 1032 1289 ’
1054 1265 1217 1357 quoniam

142 1389 226 1459 mihi
239 1391 446 1483 placuerant
465 1397 501 1459 et
518 1386 579 1458 tibi
596 1387 763 1480 placitura
780 1365 878 1458 ratus
897 1387 1038 1458 inserui.
1064 1388 1149 1470 Vide,
1167 1387 1218 1457 in-

143 1511 227 1602 quit,
257 1510 394 1579 Domine
416 1509 501 1578 Deus
532 1531 636 1591 uteru,
670 1507 827 1598 quomodo
848 1508 1023 1600 diligenter
1049 1510 1219 1580 observent

141 1633 204 1724 filii
225 1633 394 1701 dominum
409 1641 510 1723 pocta
534 1631 718 1699 litterarum
743 1641 775 1701 et
797 1633 1016 1721 syllabarum,
1040 1640 1173 1722 eccepto
1196 1651 1219 1698 a

141 1755 304 1846 prioribus
325 1753 529 1837 locutoribus,
551 1763 582 1821 et
602 1773 622 1822 α
643 1763 673 1822 te
693 1764 827 1844 accepto
843 1764 970 1823 oeteruo
987 1763 1087 1845 pacto
1098 1774 1220 1844 perpe·

142 1887 206 1945 tuoe
223 1876 339 1945 rotatis
358 1875 538 1965 negligant,
560 1883 596 1942 ut
620 1877 679 1963 qui
703 1874 763 1942 itte
789 1895 946 1944 sonorum
965 1885 1078 1944 vetera
1093 1873 1220 1967 placito

143 2007 250 2066 teneat
265 2007 323 2066 aut
338 1993 461 2078 docem,
479 1997 510 2065 si
525 2005 641 2065 eontra
657 1994 864 2089 disciplinam
880 1998 1130 2089 grammaticam
1147 1998 1219 2065 sine

142 2119 344 2210 aspiratione
360 2118 479 2209 pri-m
499 2117 633 2206 syttabae
657 2116 810 2190 Ominem
829 2116 965 2202 dicerit,
981 2120 1085 2210 magis
1104 2116 1220 2210 dispo·-

142 2249 212 2308 ceot
243 2238 442 2322 dominibus,
469 2259 568 2326 quum
592 2240 624 2306 si
646 2250 762 2308 contro
787 2251 846 2309 tuo
865 2225 1033 2338 proe‘efe'pto
1056 2239 1220 2309 homiuem

143 2357 245 2428 oderit
262 2381 337 2428 cum
355 2360 516 2430 sichomo.
535 2360 643 2430 Multa
663 2359 711 2429 ibi
728 2370 896 2454 praeterea
918 2361 953 2430 in
971 2361 1059 2433 hanc
1080 2370 1221 2431 seuten-

143 2481 224 2550 tiam
239 2479 405 2572 queritur,
422 2501 488 2551 uec
505 2480 642 2552 iniuste.
661 2483 747 2553 Cum
763 2483 855 2554 enim
867 2482 1063 2575 eloquentia
1077 2482 1122 2552 sit
1133 2502 1219 2574 pau·

140 2624 259 2674 corum
278 2602 389 2685 vaide,
408 2602 521 2675 virtus
534 2613 649 2675 autem
667 2605 830 2687 omniurn,
846 2604 940 2696 quod
956 2612 1012 2674 est
1029 2622 1218 2694 paucorum

140 2744 261 2795 omnes
284 2736 464 2818 appetunt,
491 2726 587 2818 quod
607 2737 662 2797 est
681 2727 835 2796 omniurn
857 2746 970 2795 nemo.
988 2725 1109 2815 Neque
1126 2723 1219 2793 enim

143 2845 208 2915 hoc
241 2847 477 2936 grammaticae
509 2856 643 2918 tantum
674 2844 924 2939 exprobratum
958 2854 1070 2938 putes
1109 2845 1220 2927 Quem

141 2966 225 3035 mihi
246 2959 423 3058 poetarum
443 2968 558 3053 dabis,
581 2969 731 3061 quinon
751 2968 847 3061 prius
871 2966 978 3058 eligat
998 2967 1070 3037 vita
1089 2966 1220 3038 claudi-

141 3109 222 3157 care
254 3110 360 3180 quam
381 3091 557 3163 carmine?
581 3093 691 3175 Quem
718 3091 934 3175 historicum,
962 3090 1022 3182 qui
1051 3110 1130 3158 cum
1164 3109 1219 3159 res

142 3209 297 3281 omnium
318 3215 525 3284 saeculorum
547 3212 685 3296 litteris,
715 3212 962 3304 memoriaeque
986 3208 1218 3291 mundaverit,

140 3330 234 3422 quod
254 3353 356 3422 reges
373 3333 511 3424 egerint
529 3343 590 3403 aut
611 3334 735 3428 popuii,
758 3355 838 3425 quae
860 3355 975 3404 rerum
997 3331 1119 3410 series,
1136 3307 1220 3421 quae

143 3463 337 3545 temporum
363 3454 449 3525 aiios
481 3454 647 3538 docuerit,
682 3456 767 3548 quid
799 3455 874 3547 ipse
906 3465 999 3546 agat,
1034 3473 1218 3545 rerumque

142 3598 285 3648 suarum
338 3577 522 3663 ordinem,
570 3581 721 3672 vitaeque
762 3578 880 3651 brevis
925 3578 1070 3650 reddere
1113 3576 1219 3649 ratio-

142 3719 220 3767 nem
250 3698 336 3768 velit
363 3709 423 3768 aut
461 3701 594 3771 vaieat‘?
630 3702 700 3771 iam
739 3712 777 3772 ut
812 3722 1010 3794 percurram
1049 3700 1216 3790 reliquos,

140 3817 286 3888 ostende
315 3819 399 3890 mihi
429 3821 619 3904 rhetorem,
653 3821 807 3914 quinon
835 3823 946 3913 magis
972 3821 1139 3891 orationis
1160 3820 1221 3892 de·

141 3939 347 4011 formitatem
380 3942 521 4011 horreat
553 3965 656 4033 quam
696 3945 789 4013 vitm.
828 3941 982 4012 Ostende
1021 3943 1105 4009 mihi
1146 3941 1220 4011 dia-

141 4062 299 4134 tectioum
326 4064 384 4157 qui
415 4086 483 4133 nou
510 4063 556 4134 ab
580 4061 760 4134 affectibus
788 4062 935 4156 propriis
960 4082 1066 4153 quam
1093 4082 1114 4132 a
1138 4082 1220 4134 con-

140 4186 356 4258 clusiuncula
377 4187 467 4258 vinci
490 4185 584 4256 malit
609 4182 813 4255 adversarii.
836 4182 927 4254 Sileo
948 4182 1158 4254 aritmeticos
1185 4194 1220 4254 et

142 4320 337 4397 geometras
357 4309 416 4400 qui
434 4307 549 4378 omnia
566 4311 757 4386 numerant,
777 4303 890 4375 omnia
905 4305 1101 4390 metiuntur,
1117 4306 1219 4377 unius

142 4426 268 4498 animae
289 4451 453 4501 numeros
475 4451 515 4499 ac
537 4446 718 4497 mensuras
747 4428 934 4518 negligunt.
957 4429 1078 4502 Musici
1101 4447 1220 4498 uume-
