2738 5062
349 595 440 643 nrnen
464 595 755 645 oestrusnectuus.
769 597 971 646 -eersronn
994 600 1032 646 rr.
1170 588 1228 649 -ltlt

558 870 736 935 EPlSTOLh
758 872 801 935 lll.

253 1063 448 1112 reincrsces
470 1044 639 1113 rnrninun
662 1065 796 1113 nonensi
817 1064 974 1113 rnnnnrno
995 1065 1021 1112 s.
1045 1067 1071 1114 r.
1091 1066 1119 1112 o.

396 1237 556 1291 Amicorum
575 1237 670 1292 dulces
687 1254 748 1292 essa
767 1239 980 1309 obiurgationes.

243 1467 412 1551 Querelas
433 1454 526 1548 tuas
545 1465 674 1558 optime
695 1467 763 1549 vir,
791 1464 925 1536 cunctis
947 1465 1032 1536 mihi
1052 1466 1228 1541 blanditiis

145 1590 319 1663 dulciores
338 1586 623 1679 elegantissimus
641 1588 742 1658 stilus
761 1587 936 1680 explicuit.
955 1586 1041 1660 llira
1058 1609 1174 1660 rerum
1191 1601 1229 1661 et

115 1689 119 1695 ¹
145 1707 279 1785 infinita
298 1709 485 1782 diversitas
510 1729 554 1780 ac
577 1709 747 1803 stupenda
769 1730 913 1805 prorsus
935 1709 1127 1794 alternatio,
1149 1710 1227 1783 dul-

144 1833 197 1904 cia
215 1852 264 1903 ex
284 1851 435 1922 persona
455 1850 701 1921 nonnunquam
723 1850 954 1911 amarescere,
976 1839 1081 1923 atque
1107 1852 1226 1911 amara

143 1957 353 2030 dulcescere.
375 1954 462 2037 Quae
486 1953 521 2023 in
544 1951 726 2044 speciebus
751 1952 892 2045 quidem
919 1952 995 2025 aliis
1020 1963 1125 2047 atque
1149 1952 1226 2027 aliis

143 2100 212 2152 uon
232 2076 409 2148 miramur.
430 2074 515 2159 Quis
536 2073 627 2145 enim
651 2073 794 2147 miretur
819 2096 950 2166 agnum
975 2077 1093 2167 mitem
1114 2088 1151 2151 et
1173 2076 1227 2149 in-

143 2219 305 2280 nocuum,
328 2194 487 2267 rabidum
508 2218 548 2267 ac
569 2218 726 2291 rapacem
748 2199 882 2292 lupum,
902 2200 1011 2271 lerum
1028 2200 1228 2273 etindomi·

144 2331 215 2393 tum
236 2320 396 2390 leonem?
422 2318 545 2401 Ursus,
574 2341 672 2412 aper,
700 2321 845 2413 pardus,
869 2322 982 2415 tigris,
1005 2323 1073 2395 etsi
1092 2334 1227 2397 naturae

141 2440 390 2537 omniparentis
421 2439 565 2534 imperio
585 2453 721 2529 coeant,
752 2453 789 2515 et
815 2445 976 2537 coniugio
997 2445 1224 2530 delectentur,

142 2565 277 2638 dilectae
295 2574 411 2641 tumen
431 2565 582 2636 consorti
603 2564 829 2651 blandiuntur
849 2566 1010 2637 horrifice
1030 2576 1066 2636 et
1087 2567 1144 2637 leti
1165 2566 1226 2638 tri÷

141 2697 196 2759 ste
215 2686 333 2761 neseio
350 2687 434 2779 quid
452 2687 596 2759 auribus
614 2687 757 2758 hirsutis
777 2699 1003 2758 murmurant.
1022 2690 1149 2760 Contra
1163 2712 1226 2763 au-

141 2819 211 2879 tem
237 2809 422 2902 philomela
440 2808 575 2903 direpto
601 2810 730 2880 tristior
756 2807 852 2899 nido,
874 2809 975 2881 dulce
996 2811 1164 2903 quiddam
1189 2822 1226 2884 et

143 2952 317 3005 ammnuur
332 2933 448 3024 gemit,
462 2941 498 3004 et
510 2933 623 3029 cycni,
638 2941 678 3003 nt
693 2931 805 3011 aiunt,
825 2931 939 3004 vicina
956 2942 1067 3004 morte
1084 2934 1225 3006 suavis-

143 3053 252 3127 simus
271 3064 328 3129 est
344 3067 543 3128 concentus.
565 3055 657 3128 Talia
679 3076 764 3127 vero
785 3056 818 3125 in
839 3077 909 3126 una
928 3055 1122 3149 eademqne
1143 3077 1224 3150 spo-

140 3177 194 3251 oie
210 3177 287 3250 sine
307 3189 449 3272 stupore
469 3199 538 3250 non
557 3179 745 3250 cernimus.
768 3177 853 3262 Quis
875 3176 966 3248 enim
988 3199 1057 3248 non
1079 3177 1224 3251 miretur

140 3323 222 3374 esse
241 3301 473 3395 quorumdam
494 3302 672 3373 hominum
693 3302 858 3372 molestas
876 3299 1108 3394 rancidasque
1125 3299 1223 3372 blan·

139 3423 257 3508 ditius,
291 3423 523 3517 quorumdam
557 3422 697 3519 hybleis·
726 3423 816 3494 lavis
854 3422 1008 3495 dulciora
1038 3422 1224 3495 convicia?

142 3546 329 3639 Utriusque
349 3545 399 3616 rei
414 3548 613 3638 exemplum
631 3568 698 3616 non
713 3548 815 3637 longe
833 3547 1021 3639 quaesitum
1037 3545 1139 3618 daho.
1158 3546 1224 3617 Est

140 3668 223 3741 mihi
242 3669 418 3741 seniculus
439 3670 581 3762 quidam
603 3669 695 3741 domi
714 3669 772 3761 qni
795 3670 874 3742 lieet
891 3670 928 3740 iu
945 3680 1106 3741 extremo
1124 3667 1224 3740 habi-

141 3792 253 3864 tabilis
276 3816 375 3865 zonae
395 3803 508 3878 neilus²
534 3796 747 3884 ultraquam
772 3795 928 3865 homines
946 3817 1014 3864 non
1034 3807 1122 3873 sunt,
1146 3793 1222 3885 ipse

141 3923 255 3986 tamen
270 3916 374 3989 homo
392 3927 457 4000 est,
478 3916 695 4008 hominisque
712 3917 862 3986 animam
881 3927 916 3986 et
932 3916 1080 4005 effigiem
1100 3915 1218 4001 habet,

141 4041 202 4111 sed
233 4042 322 4112 adeo
351 4043 435 4112 nihil
462 4039 604 4113 humani
633 4040 738 4120 risuS,
768 4048 806 4106 ut
830 4038 913 4108 dum
936 4036 1082 4137 blandiri
1105 4038 1222 4132 incipit

140 4175 199 4234 eut
213 4164 369 4234 ursinum
385 4165 519 4247 smviat,
538 4176 598 4233 aut
616 4161 773 4255 aprinum
791 4160 908 4231 nescio
930 4160 1014 4252 quid
1032 4160 1218 4241 infrendat;

140 4285 228 4357 adeo
248 4286 397 4379 denique
419 4287 527 4358 tetrici
547 4286 653 4356 moris
670 4295 740 4366 est,
760 4283 964 4377 penitusque
983 4284 1162 4365 barbarici,
1183 4294 1220 4353 ut

140 4421 174 4480 et
194 4410 344 4503 quodam
372 4409 473 4482 modo
495 4408 679 4480 lambendo
701 4407 869 4491 mordent,
892 4416 929 4478 ut
949 4407 993 4478 de
1015 4431 1057 4479 oo
1079 4427 1219 4500 perpro-
