2738 5062
346 698 440 747 nmen
462 698 970 756 outnrusnncruus.-nrrsronr
992 703 1032 750 rr.
1171 689 1230 753 aab

150 834 440 927 camiticibusque
458 833 628 907 devoveo.
652 835 721 906 Sed
742 836 809 907 iam
830 835 924 929 quod
945 836 1002 907 alii
1020 840 1076 907 vel
1098 836 1232 930 fingant

151 960 204 1031 vel
217 958 371 1050 cogitent
386 957 581 1029 audiamus.
600 957 808 1030 Diffidentiae
824 958 949 1031 dicunt
961 979 1051 1044 esse,
1069 961 1098 1030 si
1113 960 1228 1033 redeo.
1269 967 1272 973 '

149 1082 256 1153 Cuius
276 1099 399 1172 quaeso
418 1078 642 1150 diffidentiae‘l
661 1078 716 1149 bn
733 1079 894 1172 cuiquam
914 1080 1069 1172 ignotum
1086 1090 1153 1165 est,
1168 1102 1230 1152 ne-

149 1202 277 1273 minem
299 1199 368 1271 buc
389 1209 458 1270 tam
476 1220 586 1293 parva
602 1201 739 1271 fortuna
756 1199 930 1271 bominem
946 1201 1000 1272 bis
1016 1201 1228 1296 temporibus

148 1323 305 1407 uenisse,
328 1323 400 1416 qui,
425 1331 462 1393 nt
482 1345 502 1393 a
522 1323 633 1418 eapite
653 1321 829 1415 incipiam,
851 1334 886 1394 et
910 1345 930 1393 a
952 1346 1095 1396 romano
1120 1325 1231 1417 ponti-

149 1444 213 1518 fice
232 1455 268 1516 et
287 1466 308 1515 a
326 1443 492 1522 maximis
513 1454 548 1514 et
566 1465 586 1513 a
604 1443 741 1536 magnis
759 1453 852 1515 tanta
870 1445 1046 1517 alacritate
1065 1455 1230 1538 tantoque

148 1592 226 1641 cum
248 1569 375 1660 gaudio
396 1567 597 1639 videretur?
625 1558 769 1639 Gloriari
803 1548 895 1639 enim
928 1568 1077 1661 oportet,
1107 1567 1229 1639 sedin

148 1691 307 1775 Domino,
321 1689 382 1782 qui
400 1689 484 1758 mihi
501 1689 619 1760 tribuit
636 1698 769 1760 tantum
790 1701 825 1761 et
846 1698 917 1760 tam
939 1712 1055 1760 rarum
1073 1689 1228 1762 savorem
1350 1777 1353 1781 ,

148 1814 202 1884 vel
237 1811 360 1882 mereri
394 1832 515 1906 posse,
547 1814 602 1883 vel
637 1810 713 1883 sine
745 1811 877 1883 meritis
903 1812 1067 1884 invenire.
1102 1814 1229 1904 Magna

147 1934 288 2028 quidem
308 1955 389 2004 cum
410 1933 638 2005 admiratione
659 1936 859 2017 multorum,
882 1933 1125 2026 praecipueque
1145 1934 1226 2017 mei,

147 2056 189 2129 iis
214 2057 318 2129 etiam
336 2077 425 2149 quos
444 2077 619 2147 nunquam
639 2055 808 2138 videram,
827 2055 869 2125 iis
892 2055 970 2128 dico
994 2055 1055 2149 qui
1073 2059 1228 2128 romuleo

145 2180 287 2252 cardine
306 2181 480 2272 fulgentes
506 2201 553 2250 ex
578 2181 648 2252 alto
672 2177 802 2274 pariter
826 2188 950 2250 cuncta
974 2178 1170 2272 despicere,
1192 2189 1228 2251 et

146 2301 317 2395 principes
350 2301 445 2395 ipsos
471 2323 512 2373 ao
538 2310 706 2374 terrarum
732 2300 893 2372 dominos
917 2300 1072 2373 fastidire
1099 2303 1225 2381 solent.

146 2433 215 2495 tam
236 2433 374 2516 gratum
395 2425 585 2496 adventum
606 2446 723 2496 meum
740 2445 821 2496 esse
837 2424 1022 2520 perpendi,
1043 2424 1148 2517 idque
1164 2444 1227 2495 eos

145 2557 240 2620 tanta
274 2546 462 2618 serenitate
490 2547 668 2633 frontium,
693 2557 788 2620 tanta
813 2547 1001 2621 verborum
1026 2546 1224 2631 dulcedine,

144 2680 239 2743 tanta
270 2669 422 2762 denique
455 2680 594 2741 actuum
627 2669 840 2762 benignitate
867 2669 1002 2754 testari,
1030 2680 1067 2740 ut
1092 2678 1226 2741 tantum

142 2793 244 2867 famae
275 2791 416 2863 licuisse
448 2791 513 2861 vix
540 2791 737 2867 crederem.
771 2792 872 2863 Nulla
905 2814 991 2884 ergo
1024 2792 1226 2864 diffidentiae

142 2923 339 2998 causaest,
357 2914 461 2986 crede
478 2913 580 2997 mihi;
601 2933 729 3005 magna
747 2934 888 3004 sperare
905 2915 1031 2997 liceret,
1047 2914 1076 2984 si
1091 2913 1224 2985 liberet.

142 3039 220 3130 Ego
240 3046 356 3108 autem
378 3037 463 3108 nihil
486 3036 602 3129 cupio,
629 3044 757 3127 praeter
782 3056 901 3129 pacem
927 3035 1052 3105 animi:
1079 3043 1115 3105 et
1138 3056 1226 3126 quo-

143 3161 236 3231 niam
257 3157 342 3229 nihil
358 3159 475 3252 cupio,
494 3157 581 3228 nihil
600 3178 715 3252 spero.
737 3155 838 3242 Quod
858 3156 925 3229 etsi
945 3157 990 3227 de
1011 3158 1145 3228 illorum
1164 3178 1225 3249 ge-

142 3304 225 3355 nere
243 3281 403 3354 videatur
420 3301 502 3375 quae
519 3279 622 3352 fidem
641 3287 804 3374 putentur
817 3279 1003 3365 excedere,
1019 3278 1079 3350 tibi
1098 3291 1222 3363 tamen,

142 3405 209 3478 nisi
221 3407 326 3489 lallor,
341 3414 377 3476 et
396 3404 626 3499 saepe‘multis
643 3403 779 3475 indiciis
796 3403 979 3495 probatum
996 3413 1066 3488 est,
1080 3413 1116 3473 et
1133 3423 1224 3474 nunc

143 3526 360 3599 unoreeenti
379 3536 415 3597 et
434 3524 496 3596 tibi
518 3526 669 3600 nondum
689 3525 827 3617 cognito
852 3525 1148 3637 demonstrabitur
1168 3547 1225 3597 ar·

143 3658 318 3740 gumento.
338 3648 437 3719 Nosti
454 3649 597 3742 quidem
617 3630 729 3742 ae'quis
750 3649 820 3720 lere
845 3646 1063 3743 portionibus
1084 3648 1224 3742 quadri·

143 3769 301 3864 partitam
322 3769 407 3840 mihi
428 3768 474 3840 ab
492 3771 573 3842 olim
594 3770 835 3843 baereditatem
853 3771 1123 3844 ecclesiasticam
1141 3793 1223 3842 con-

144 3891 276 3982 tigisse,
298 3891 438 3985 quando
459 3902 497 3965 nt
517 3892 567 3965 sic
587 3893 752 3966 vivamus
773 3915 851 3966 sors
871 3905 992 3966 nostra
1012 3904 1078 3977 est,
1102 3903 1137 3965 et
1159 3915 1222 3964 seu

141 4023 342 4107 parentum,
365 4036 427 4086 seu
448 4016 576 4087 nostris
597 4015 761 4108 auspiciis
782 4039 802 4088 a
822 4016 942 4107 primis
962 4015 1062 4086 annis
1084 4016 1118 4086 id
1139 4017 1223 4087 vitm

141 4157 256 4228 genus
276 4136 456 4230 elegimus.
482 4137 593 4208 Huius
617 4135 724 4227 igitur
749 4117 963 4207 baereditntis
988 4137 1078 4208 duas
1106 4148 1221 4230 partes

82 4342 84 4345 v
141 4258 227 4328 mihi
245 4259 451 4332 suffecturas
470 4269 580 4342 ratus,
595 4258 685 4330 duas
702 4257 853 4348 reliquas
871 4258 959 4330 inter
975 4258 1066 4331 duos
1085 4270 1222 4332 veteres

142 4389 179 4451 et
197 4379 429 4454 benemeritos
449 4381 580 4452 amicos
600 4379 648 4448 ita
668 4377 819 4471 partitus
839 4401 929 4466 sum,
944 4391 995 4466 ut,
1010 4404 1090 4456 cum
1110 4403 1223 4474 usquc

142 4503 275 4579 adbuc
295 4517 433 4601 tempus
454 4502 624 4576 ambobus
644 4501 748 4575 ditior
767 4503 906 4588 luerim,
928 4527 1022 4576 nnnc
1042 4529 1099 4578 me
1120 4501 1223 4585 ditipr

269 4637 294 4675 n.
1042 4626 1069 4674 19
