2738 5062
157 577 215 639 tto
491 592 531 639 uu
554 592 653 639 urruns
675 589 896 639 ruururuaruus

155 735 356 811 venturum,
380 727 483 797 simui
504 737 543 797 ut
562 729 675 799 locum
698 737 770 800 toto
789 724 873 800 orbe
893 724 1107 811 mirabilem,
1129 727 1232 799 simui

155 860 193 921 ut
217 870 273 919 me
302 861 337 921 et
366 848 401 918 in
426 871 468 920 eo
494 871 574 920 rure
601 849 684 920 vitae
705 871 791 921 meae
817 849 959 921 modum
984 861 1153 922 cerneret.
1171 850 1233 923 His

153 971 343 1057 conventis,
363 972 397 1042 in
417 972 531 1043 reditu
548 994 604 1042 me
624 974 775 1058 visurus,
795 973 935 1045 Antonii
954 973 1099 1044 domum
1119 973 1232 1067 petiit:

152 1107 188 1166 et
203 1117 281 1187 ego,
298 1097 378 1188 quia
392 1095 556 1167 festinare
572 1095 668 1166 illum
685 1117 864 1179 noveram,
884 1117 944 1168 rus
962 1095 1060 1190 petii,
1082 1095 1143 1167 ubi
1163 1098 1231 1169 iam

152 1228 254 1290 antea
274 1217 443 1311 quidquid
460 1229 583 1290 natura
600 1219 664 1291 loci
682 1217 823 1312 patitur,
840 1217 956 1290 studio
972 1217 1129 1290 moribus
1144 1218 1232 1292 meis

152 1341 314 1424 adverso,
330 1339 599 1433 conquisieram,
616 1350 656 1411 ut
667 1361 748 1410 eum
762 1338 889 1410 lautius
907 1338 1108 1435 exciperem
1125 1363 1231 1433 quam

153 1463 300 1535 minores
326 1462 456 1534 amicos
490 1464 593 1534 soleo.
617 1461 708 1546 Quid
741 1470 774 1532 te
808 1465 946 1534 moror‘?
965 1461 1036 1533 Aut
1055 1461 1231 1557 poeticum

152 1584 285 1656 horruit
316 1584 371 1655 ilie
403 1584 616 1670 convivium,
644 1605 708 1655 nec
734 1605 867 1656 memor
898 1583 961 1655 init
991 1584 1083 1656 illius
1103 1584 1229 1677 poetici

151 1708 254 1779 dicti:

268 1910 352 1971 Ande
368 1909 491 1987 hospes,
508 1914 702 1969 contemnere
719 1921 791 1985 opes
809 1912 839 1968 et
855 1912 884 1968 te
901 1920 1024 1985 quoque
1039 1902 1169 1982 dignum

268 2008 361 2085 Finge
377 2009 452 2083 Deo,
470 2006 623 2086 rebusque
641 2005 710 2068 veui
728 2021 788 2067 uon
804 2019 891 2085 asper
907 2002 1025 2083 egenis,

148 2252 211 2300 nec
230 2226 393 2318 dignatus
414 2238 469 2299 est
493 2248 573 2298 esse
598 2227 657 2299 uhi
685 2250 748 2300 rex
779 2227 859 2299 olim
887 2226 1019 2300 siculus
1047 2226 1226 2301 Robertns

147 2350 214 2421 aevi
234 2349 344 2419 nostri
365 2349 487 2441 gloria,
510 2359 546 2419 et
568 2359 647 2440 post
667 2372 746 2420 eum
773 2349 871 2421 multi
891 2352 948 2420 vel
973 2350 1120 2423 romulei
1142 2352 1228 2425 Car-

146 2472 258 2555 dines,
286 2473 342 2543 vel
364 2482 531 2542 terrarum
550 2470 696 2555 domini,
720 2471 893 2542 interdum
910 2473 1028 2557 fontis,
1050 2473 1227 2547 interdum

149 2595 253 2688 (quod
279 2593 416 2686 gioriari
444 2604 556 2665 tecum
583 2617 651 2666 non
678 2592 832 2687 pudebit)
864 2615 919 2664 me
953 2595 1093 2667 visendi
1113 2597 1226 2688 gratia

145 2719 299 2799 fuerunt;
320 2728 394 2803 aut,
414 2716 506 2811 quod
528 2717 680 2810 cogitare
699 2715 894 2801 maluerim,
916 2739 980 2789 nec
998 2740 1066 2810 ego
1079 2721 1149 2792 mei
1163 2742 1225 2813 ge-

144 2842 236 2912 neris
258 2842 413 2926 ultimus,
433 2864 497 2913 nec
513 2844 605 2926 ionS,
625 2840 658 2911 ni
677 2842 788 2925 failor,
807 2840 897 2911 inter
913 2850 1057 2913 cunctos
1076 2842 1222 2936 primus,

144 2965 239 3057 digni
260 2965 327 3035 visi
349 2986 471 3036 sumus
496 2986 586 3056 quos
607 2962 743 3035 modico
763 2963 832 3035 viae
848 2963 944 3036 flexu
969 2974 1004 3035 et
1023 2964 1088 3036 vix
1109 2964 1222 3039 tribus

143 3109 310 3180 passuum
325 3087 474 3157 millibus
488 3087 685 3157 aestimaret.
695 3085 809 3179 Atqui,
818 3086 885 3157 etsi
897 3108 963 3178 ego
977 3095 1073 3159 tanto
1084 3086 1222 3186 hospite

143 3209 307 3300 indignus
327 3230 456 3292 essem,
477 3209 550 3302 ipse
569 3215 683 3277 tamen
701 3206 805 3279 fidem
821 3230 964 3281 servare
985 3210 1115 3303 dignus
1135 3226 1219 3285 erat.

145 3384 200 3399 .....
222 3331 325 3411 Sane,
351 3329 434 3400 dum
463 3329 530 3400 huc
555 3327 739 3400 scribendo
765 3331 1003 3423 pervenissem
1025 3346 1060 3406 et
1081 3337 1220 3431 longius

143 3448 323 3534 eveherer,
351 3451 475 3542 ingens
496 3454 624 3522 clamor
646 3452 843 3538 inionibus,
869 3465 905 3526 et
925 3455 1119 3553 Episcopus
1145 3461 1218 3556 ipse

142 3574 256 3645 adest:
275 3584 312 3643 ut
324 3572 476 3665 quotidie
490 3573 621 3645 discam
639 3574 853 3670 experientia
870 3579 1045 3670 magistra,
1063 3604 1168 3655 curas
1183 3595 1217 3655 et

141 3699 300 3791 querelas
324 3695 499 3767 hominum
518 3718 628 3767 vanas
650 3720 743 3781 esse;
765 3701 858 3793 quod
875 3715 909 3774 et
927 3713 963 3775 tu
981 3704 1089 3776 oculis
1109 3717 1147 3778 ut
1166 3708 1216 3778 vi-

38 3847 49 3869 ν
141 3820 257 3902 dereS,
287 3819 376 3889 hanc
401 3818 468 3889 iam
499 3840 750 3913 supervacuam
784 3823 861 3896 lioet
890 3826 935 3897 ad
965 3838 999 3898 te
1031 3829 1213 3901 litterulam

143 3940 232 4012 misi.
255 3943 349 4016 Vale.

284 4089 325 4143 nd
342 4090 443 4145 iontem
460 4090 563 4162 Sorgiae
579 4090 613 4145 X.
629 4090 689 4146 Kal.
707 4092 788 4148 iunii.
