2738 5062
390 717 480 765 trnnn
503 718 924 767 nuonncnrus-srrsrota
946 722 976 768 n.
1158 710 1215 772 lt'tl

142 852 222 948 quid
243 854 401 925 Caesarei
422 854 526 923 moris
548 855 670 937 habos,
692 878 770 926 curn
792 864 828 925 et
848 857 954 925 multa
976 858 1161 950 supersint,
1180 870 1215 930 et

140 996 344 1072 supremam
364 984 425 1044 tua
445 976 590 1045 celebris
612 976 719 1067 gloria
745 998 885 1047 manum
906 989 1033 1069 poscat.
1055 980 1214 1052 Vidimus

140 1110 171 1170 le
188 1097 358 1169 adversae
371 1098 518 1166 fortunae
536 1096 874 1187 magnificentissime
891 1100 1128 1170 reluctantem:
1147 1102 1213 1173 iam

138 1220 317 1292 uernimus
340 1230 373 1289 te
398 1218 576 1290 victorem.
603 1219 671 1289 Sed
696 1242 739 1289 en
766 1220 891 1290 totiens
916 1221 1007 1292 victa
1031 1224 1215 1296 revertitur

140 1353 287 1437 aspectu
307 1342 422 1412 mitior
434 1352 468 1411 et
480 1351 612 1411 auratae
626 1341 781 1426 cassidis,
800 1353 837 1411 ut
850 1342 896 1412 ita
910 1342 1067 1425 dixerim,
1082 1348 1215 1436 fulgore

140 1467 296 1537 suavior.
320 1465 439 1536 Vicisti
459 1464 655 1546 adversam3
679 1488 845 1560 prospera
874 1465 963 1536 redit
987 1465 1021 1535 in
1048 1469 1213 1559 praelium.

139 1591 234 1677 Quid
253 1593 388 1686 putas‘?
409 1592 540 1661 lllutata
562 1600 642 1660 sunt
662 1613 770 1674 arma,
786 1612 855 1659 non
868 1590 994 1671 lrostis;
1008 1603 1043 1662 et
1058 1590 1117 1661 tibi
1131 1614 1217 1684 quo-

139 1734 209 1805 que
230 1732 327 1782 novo
351 1733 525 1783 armorum
547 1734 674 1804 genero
700 1734 787 1805 opus
809 1721 873 1782 est.
901 1713 985 1783 Nolo
1006 1714 1096 1782 enirn
1123 1714 1216 1783 msti-

139 1854 216 1904 mes
248 1832 366 1903 minus
399 1854 478 1903 esse
510 1834 636 1924 negotii
670 1833 809 1924 quando
839 1831 949 1902 bostis
976 1844 1027 1902 est
1048 1832 1214 1902 blandior.

139 1956 281 2026 Nullum
299 1954 500 2026 insidiosius
517 1956 644 2027 bellurn
661 1967 727 2039 est,
749 1978 853 2048 quarn
872 1956 930 2025 ubi
951 1953 1125 2027 blanditiis
1142 1978 1217 2025 cro-

139 2078 270 2150 dulitas
291 2090 519 2170 oppugnatur.
543 2081 579 2148 ln
598 2088 692 2148 arcto
713 2079 851 2170 quidem
872 2077 1013 2169 egregie
1040 2101 1112 2148 rem
1137 2101 1216 2170 ges-

144 2201 233 2271 sisti:
249 2202 390 2293 qualem
406 2212 437 2271 te
452 2201 485 2270 in
503 2210 623 2292 aperto
636 2201 814 2286 exhibeas
833 2211 1070 2297 expectamus.
1091 2203 1216 2273 lllultos

147 2324 183 2392 in
200 2323 357 2416 angustis
378 2323 572 2394 indelessos
590 2324 795 2416 campestris
814 2346 929 2416 pugna
947 2325 1106 2408 lassavit,
1129 2328 1217 2395 mul-

147 2447 251 2517 tosin
272 2447 545 2517 adversitatibus
579 2449 682 2518 sortes
714 2446 810 2519 viros
847 2449 981 2518 fortuna
1018 2444 1217 2541 prosperior

142 2570 276 2642 stravit.
296 2568 465 2640 Hannibal
487 2570 613 2640 Cannis
635 2570 757 2653 victor,
792 2570 907 2639 victus
941 2581 997 2639 ost
1017 2571 1157 2660 Capuae,
1183 2577 1218 2636 et

140 2693 313 2777 ardorem,
333 2715 436 2784 quern
458 2692 578 2764 Trebia
597 2693 750 2783 glacialis
766 2692 978 2771 accenderat,
995 2701 1091 2783 tepor
1104 2690 1218 2758 extin-

141 2817 205 2886 xit.
226 2816 329 2908 Saepe
348 2838 417 2908 pax
438 2814 662 2907 periculosior
682 2814 771 2883 bello
791 2812 864 2881 fuit.
883 2813 999 2882 lllullis
1021 2812 1138 2881 nocuit
1158 2811 1218 2880 ad-

146 2938 301 3009 versario
321 2935 488 3007 caruisse.
511 2935 747 3018 Quorumdam
769 2933 881 3003 virtus
903 2933 971 3004 otio
991 2932 1104 3013 latuit,
1132 2955 1218 3024 quo-

145 3060 302 3134 rumdam
323 3082 408 3131 vero
429 3081 572 3152 prorsus
594 3057 776 3141 emarcuit,
799 3058 910 3126 locum
938 3054 1085 3125 submoti
1108 3055 1218 3124 bostis

142 3192 335 3278 occupante
348 3181 496 3251 luxuria.
511 3182 609 3251 Nulla
624 3177 754 3250 homini
768 3177 973 3273 pertinacior
986 3179 1029 3246 lis
1041 3184 1097 3245 est
1112 3197 1217 3266 quam

142 3328 220 3377 cum
242 3304 359 3378 animo
379 3304 603 3396 moribusque
625 3303 709 3373 suis
731 3303 909 3395 Nusquam
932 3300 1047 3371 minus
1068 3298 1219 3370 inducia-

143 3451 229 3498 rum.
244 3428 338 3498 lntra
351 3448 486 3496 murum
502 3449 616 3520 pugna
629 3426 837 3509 conseritur,
855 3427 920 3496 boc
937 3446 1049 3515 genus
1067 3423 1217 3494 bostium

143 3548 232 3621 bello
266 3547 482 3639 languidum,
517 3571 603 3642 pace
635 3548 808 3618 fervidum
836 3549 1051 3640 experimur,
1084 3557 1120 3618 et
1152 3545 1219 3616 sub

146 3682 224 3764 toga
245 3674 324 3764 plus
346 3694 512 3742 ausurum
534 3695 636 3764 quarn
660 3671 726 3742 sub
745 3673 853 3762 galea.
873 3671 916 3741 Ut
933 3682 1078 3742 caeteras
1097 3678 1218 3760 gentes

145 3796 277 3878 sileam,
305 3797 478 3867 Romanos
504 3795 593 3867 hollo
618 3795 802 3867 indomitos
827 3805 863 3864 et
887 3794 1039 3864 omniurn
1065 3793 1218 3884 gentium

148 3918 297 3990 victores
317 3940 387 4012 pax
410 3919 590 4010 tranquilla
609 3918 816 4012 perdomuit,
830 3927 879 3987 et
905 3930 942 3985 ut
966 3916 1107 4008 quidam
1128 3913 1219 3982 illius

145 4043 209 4112 aevi
238 4041 425 4134 scriptores
451 4043 710 4132 elegantissime
737 4044 979 4120 lamentantur,
1009 4039 1139 4106 victum
1165 4059 1221 4107 or-

147 4164 224 4236 bem
246 4165 417 4234 victorum
440 4164 562 4234 victrix
587 4164 724 4233 luxuria
743 4165 814 4234 ulta
831 4172 894 4231 est.
915 4158 1014 4242 Quod
1032 4158 1222 4253 praesagire

148 4288 332 4360 videbatur
350 4285 462 4377 Scipio
479 4286 548 4370 ille,
564 4287 618 4356 uir
636 4286 786 4377 optirnus
800 4307 820 4355 a
835 4293 958 4354 senatu
975 4282 1124 4364 babitus,
1138 4282 1222 4350 duur

148 4420 216 4482 tam
237 4412 359 4493 enixe,
382 4410 521 4479 Catonis
543 4409 785 4502 sapientissimi
807 4409 885 4479 licet
903 4408 996 4479 senis
1014 4407 1223 4477 adversante

150 4537 327 4615 sententia,
348 4533 454 4604 deleri
477 4532 718 4621 Carthaginem
746 4532 966 4623 prohibebat,
990 4554 1057 4599 non
1075 4527 1169 4617 quod
1188 4526 1225 4593 il-
