2738 5062
397 701 490 751 traua
510 699 913 752 tadnothus-ephrom
933 700 976 750 111.
1168 690 1220 750 111

140 836 338 911 lamentari.
347 836 567 932 Quamquam
580 837 646 909 hoc
660 838 771 931 ipsum
786 836 926 910 humani
939 838 1053 933 potius
1068 838 1221 921 allectus,

140 986 242 1056 quam
263 960 499 1056 philosophici
517 963 690 1054 profectus
710 983 789 1033 esse
810 983 880 1032 non
899 984 1036 1055 negem.
1057 963 1224 1046 Quotiens

139 1089 230 1161 enim
245 1086 397 1159 rationis
410 1085 573 1182 passibus
590 1085 635 1157 ad
652 1085 854 1157 altissimam
873 1087 964 1158 illam
982 1107 1096 1157 arcem
1115 1087 1226 1157 aethe·

140 1232 210 1283 reae
230 1209 363 1282 mentis
383 1208 569 1292 adscendo,
584 1209 677 1280 unde
689 1229 758 1278 non
778 1208 894 1279 minus
915 1231 1020 1301 qnam
1037 1231 1058 1279 e
1076 1209 1223 1280 summis

140 1332 281 1429 Olympi
301 1331 397 1424 iugis
417 1330 530 1403 nubes
553 1330 620 1405 sub
640 1329 787 1425 pedibus
808 1340 1008 1416 cernuntur,
1032 1331 1137 1404 video
1155 1355 1225 1426 qua

142 1457 199 1529 hio
231 1476 354 1527 rerum
386 1451 549 1544 caligine,
583 1476 652 1548 qua
686 1475 843 1526 errorum
873 1452 967 1524 nube
999 1453 1222 1539 circumdati,

142 1576 286 1672 quantis
306 1576 344 1647 in
363 1575 516 1648 tenebris
536 1576 772 1661 ambulemus3
794 1576 896 1648 video
922 1575 1005 1647 nihil
1025 1597 1127 1657 esse,
1155 1597 1225 1668 quo

142 1701 279 1798 possim
299 1698 495 1793 gaudemus
513 1711 573 1773 aut
588 1700 748 1771 dolemus
765 1699 799 1768 in
818 1699 883 1772 hac
902 1700 985 1783 vita;
1010 1697 1109 1784 nihil,
1131 1698 1226 1792 quod

144 1834 328 1919 tantopere
341 1824 398 1893 rel
415 1822 574 1916 cupimus
592 1824 647 1896 vel
668 1823 868 1894 horremus:
887 1843 999 1915 nugas
1015 1844 1132 1894 meras
1148 1823 1226 1915 qui-

144 1947 214 2021 bus
233 1946 412 2039 angimur,
434 1947 550 2019 larvas
570 1969 660 2040 quas
681 1945 782 2041 pueri
792 1967 905 2052 ‚senes
925 1946 1222 2040 expavescimus,

144 2090 341 2163 auramque
360 2067 575 2141 levissimam
589 2091 661 2162 qna
673 2068 856 2141 deiicimur
872 2079 932 2140 aut
949 2071 1107 2140 levamur
1127 2089 1226 2163 pror-

147 2216 211 2267 sus
230 2191 423 2267 arundinea
440 2191 590 2263 levitate.
611 2191 722 2264 Video
741 2215 818 2265 eam
839 2192 962 2289 ipsam,
989 2215 1070 2286 qum
1096 2202 1225 2265 morta-

149 2317 235 2388 lium
254 2315 397 2387 lelicitas
414 2313 554 2400 dicitur,
570 2324 695 2407 practer
711 2316 889 2404 virtutem,
906 2318 1006 2390 solidi
1024 2319 1108 2389 nihil
1124 2340 1222 2399 esse;

151 2459 230 2511 eam
247 2438 353 2510 solam
369 2437 492 2510 beatos
509 2440 625 2511 lacere
646 2461 735 2533 quos
751 2442 981 2537 amplectitur,
1004 2441 1223 2534 miserosque

147 2582 236 2655 quos
255 2559 400 2644 deserit,
422 2560 630 2654 etpedibus,
657 2573 695 2634 ut
719 2563 826 2647 aiunt,
854 2565 887 2634 in
915 2564 1005 2636 hane
1031 2565 1218 2636 stoicorum

145 2683 354 2758 sententiam
377 2694 470 2754 totus
491 2705 543 2755 eo.
565 2686 615 2756 lta
634 2685 778 2778 quidem
803 2697 843 2757 ut
866 2685 1103 2759 definitionem
1129 2688 1224 2758 illam

144 2806 302 2880 omnium
322 2807 606 2901 philosophorum
624 2805 884 2880 delinitionibus
902 2819 1120 2902 anteponam,
1142 2829 1225 2899 quae

144 2930 310 3003 virtutem
329 2950 412 3001 esse
432 2928 479 3000 ait
500 2939 592 3000 recte
618 2928 748 2999 sentire
774 2928 819 2999 de
844 2931 929 3010 Deo,
955 2939 992 3000 et
1016 2936 1111 2999 recte
1136 2929 1226 3000 inter

146 3053 307 3126 homines
328 3073 443 3143 agere.
464 3052 622 3123 Proiecto
641 3061 770 3135 autem,
792 3049 848 3123 cui
865 3051 942 3120 talis
961 3051 1098 3121 animus
1118 3053 1226 3123 conti-

146 3177 248 3268 gerit,
271 3178 367 3247 nulla
388 3197 539 3267 unquam
562 3173 789 3247 lamentabilis
810 3173 935 3268 poterit
959 3195 1040 3245 esse
1065 3176 1223 3258 fortuna,

147 3301 212 3373 sed
231 3297 385 3394 optanda
405 3297 520 3392 potius
541 3310 576 3371 et
596 3298 768 3370 invidiosa
788 3298 943 3371 felicitas.
966 3299 1057 3370 Sane
1077 3319 1141 3369 nos
1162 3296 1227 3367 im-

148 3422 268 3495 becille
288 3422 527 3515 caducumque
545 3444 658 3514 genus
672 3422 840 3507 homines,
855 3422 933 3495 imis
948 3425 983 3493 in
997 3421 1146 3494 vallibus
1165 3422 1227 3493 ha-

148 3543 312 3630 bitantes,
339 3544 441 3638 gravi
467 3555 645 3642 premente
678 3544 828 3631 sarcina,
854 3545 988 3617 ratione
1013 3545 1155 3639 quidem
1181 3545 1225 3617 ad

148 3670 291 3741 excelsa
308 3668 589 3752 conscendimus,
611 3668 759 3761 ideoque
781 3671 901 3761 vulg0,
921 3692 1025 3763 qnam
1044 3690 1130 3741 vero
1147 3690 1227 3761 pro·
1315 3648 1324 3663 ’

150 3792 299 3866 rimiora
316 3792 487 3865 sentimus
503 3815 544 3864 ac
561 3792 742 3886 loquimur.
762 3794 848 3864 llinc
866 3815 953 3864 meae
969 3795 1226 3885 multorumque

151 3915 380 4009 querimoniae
400 3915 446 3987 de
466 3915 572 3987 rebus
592 3915 763 3987 interdum
785 3915 933 4002 frivolis,
956 3917 1128 3988 interdum
1150 3916 1228 3985 nul-

152 4037 207 4124 lis,
230 4061 475 4131 nonnunquam
494 4060 581 4111 vero
598 4038 766 4112 feticibus.
785 4041 893 4112 lanta
910 4051 1069 4111 votorum
1084 4059 1227 4133 perver-

95 4174 97 4181 '
154 4161 253 4245 sitas,
276 4172 373 4233 tanta
392 4172 447 4233 est
466 4163 604 4234 caecitas
635 4163 841 4234 animorum.
864 4160 933 4231 Sed
957 4183 1037 4232 ecce
1058 4161 1125 4231 iam
1149 4183 1229 4233 sen-

154 4284 218 4354 sim
238 4283 483 4355 aberravimus
503 4284 548 4355 ab
570 4285 715 4379 incepto.
742 4282 797 4353 hd
822 4280 1046 4374 primordium
1074 4293 1229 4353 reverta-

155 4427 240 4476 mur.
263 4404 425 4477 Nondum
451 4404 568 4499 itaque
601 4406 644 4477 dc
677 4403 791 4475 oblata
824 4403 908 4473 mihi
942 4405 1083 4475 materia
1111 4413 1230 4473 texero

153 4529 356 4599 continuum
377 4526 506 4620 aliquid
528 4550 636 4600 ausus
658 4550 750 4610 sum,
774 4536 809 4597 ct
829 4550 970 4600 causam
992 4526 1128 4598 audisti.
1156 4525 1230 4593 Cm-
