<?xml version="1.0" encoding="UTF-8"?>
<!DOCTYPE html PUBLIC "-//W3C//DTD XHTML 1.0 Transitional//EN"
    "http://www.w3.org/TR/xhtml1/DTD/xhtml1-transitional.dtd">
<html xmlns="http://www.w3.org/1999/xhtml" xml:lang="en" lang="en">
 <head>
  <title>
</title>
<meta http-equiv="Content-Type" content="text/html;charset=utf-8" />
  <meta name='ocr-system' content='tesseract 3.04.00' />
  <meta name='ocr-capabilities' content='ocr_page ocr_carea ocr_par ocr_line ocrx_word'/>
</head>
<body>
  <div class='ocr_page' id='page_1' title='image "./epistolaederebu02fracgoog_0144.png"; bbox 0 0 2738 5062; ppageno 0'>
   <div class='ocr_carea' id='block_1_1' title="bbox 417 614 1241 675">
    <p class='ocr_par' dir='ltr' id='par_1_1' title="bbox 417 614 1241 675">
     <span class='ocr_line' id='line_1_1' title="bbox 417 614 1241 675; baseline 0.012 -10"><span class='ocrx_word' id='word_1_1' title='bbox 417 617 509 666; x_wconf 82' lang='lat' dir='ltr'>niusa</span> <span class='ocrx_word' id='word_1_2' title='bbox 530 616 930 671; x_wconf 74' lang='lat' dir='ltr'>oneremus-nmmum</span> <span class='ocrx_word' id='word_1_3' title='bbox 953 623 993 671; x_wconf 81' lang='lat' dir='ltr'>rx.</span> <span class='ocrx_word' id='word_1_4' title='bbox 1185 614 1241 675; x_wconf 67' lang='lat' dir='ltr'>tto</span> 
     </span>
    </p>
   </div>
   <div class='ocr_carea' id='block_1_2' title="bbox 156 751 1238 948">
    <p class='ocr_par' dir='ltr' id='par_1_2' title="bbox 156 751 1238 948">
     <span class='ocr_line' id='line_1_2' title="bbox 156 751 1238 853; baseline 0.012 -31"><span class='ocrx_word' id='word_1_5' title='bbox 156 751 233 823; x_wconf 91' lang='lat' dir='ltr'>illud</span> <span class='ocrx_word' id='word_1_6' title='bbox 263 761 470 823; x_wconf 84' lang='lat' dir='ltr'>tartareum</span> <span class='ocrx_word' id='word_1_7' title='bbox 498 753 598 824; x_wconf 88' lang='lat' dir='ltr'>limen</span> <span class='ocrx_word' id='word_1_8' title='bbox 630 755 750 825; x_wconf 86' lang='lat' dir='ltr'>vicinae</span> <span class='ocrx_word' id='word_1_9' title='bbox 775 756 960 852; x_wconf 78' lang='lat' dir='ltr'>Babylonis</span> <span class='ocrx_word' id='word_1_10' title='bbox 994 759 1238 853; x_wconf 77' lang='lat' dir='ltr'>ingrediamur.</span> 
     </span>
     <span class='ocr_line' id='line_1_3' title="bbox 157 878 245 948; baseline -0.011 -3"><span class='ocrx_word' id='word_1_11' title='bbox 157 878 245 948; x_wconf 87' lang='lat' dir='ltr'>l&#39;ale.</span> 
     </span>
    </p>
   </div>
   <div class='ocr_carea' id='block_1_3' title="bbox 297 1018 993 1083">
    <p class='ocr_par' dir='ltr' id='par_1_3' title="bbox 297 1018 993 1083">
     <span class='ocr_line' id='line_1_4' title="bbox 297 1018 993 1083; baseline 0.014 -12"><span class='ocrx_word' id='word_1_12' title='bbox 297 1018 364 1073; x_wconf 76' lang='grc' dir='ltr'>ΧΠ.</span> <span class='ocrx_word' id='word_1_13' title='bbox 384 1019 484 1074; x_wconf 84' lang='lat' dir='ltr'>Kalen.</span> <span class='ocrx_word' id='word_1_14' title='bbox 501 1021 571 1076; x_wconf 90' lang='lat' dir='ltr'>Iulii.</span> <span class='ocrx_word' id='word_1_15' title='bbox 588 1024 705 1079; x_wconf 79' lang='lat' dir='ltr'>Genevae</span> <span class='ocrx_word' id='word_1_16' title='bbox 720 1026 822 1080; x_wconf 86' lang='lat' dir='ltr'>montis</span> <span class='ocrx_word' id='word_1_17' title='bbox 836 1044 851 1079; x_wconf 92' lang='lat' dir='ltr'>o</span> <span class='ocrx_word' id='word_1_18' title='bbox 865 1026 993 1083; x_wconf 77' lang='lat' dir='ltr'>vor·tic.o.¹</span> 
     </span>
    </p>
   </div>
   <div class='ocr_carea' id='block_1_4' title="bbox 590 1404 817 1469">
    <p class='ocr_par' dir='ltr' id='par_1_4' title="bbox 590 1404 817 1469">
     <span class='ocr_line' id='line_1_5' title="bbox 590 1404 817 1469; baseline 0.013 -3"><span class='ocrx_word' id='word_1_19' title='bbox 590 1404 765 1469; x_wconf 72' lang='lat' dir='ltr'>Epistola</span> <span class='ocrx_word' id='word_1_20' title='bbox 785 1407 817 1469; x_wconf 88' lang='lat' dir='ltr'>x.</span> 
     </span>
    </p>
   </div>
   <div class='ocr_carea' id='block_1_5' title="bbox 201 1566 1179 1724">
    <p class='ocr_par' dir='ltr' id='par_1_5' title="bbox 201 1566 1179 1724">
     <span class='ocr_line' id='line_1_6' title="bbox 201 1566 1179 1622; baseline 0.006 -6"><span class='ocrx_word' id='word_1_21' title='bbox 201 1566 408 1616; x_wconf 67' lang='lat' dir='ltr'>PRANCISCUS</span> <span class='ocrx_word' id='word_1_22' title='bbox 429 1566 595 1617; x_wconf 74' lang='lat' dir='ltr'>Psslssauca</span> <span class='ocrx_word' id='word_1_23' title='bbox 616 1570 757 1619; x_wconf 75' lang='lat' dir='ltr'>PHILIPPO</span> <span class='ocrx_word' id='word_1_24' title='bbox 779 1572 931 1620; x_wconf 81' lang='lat' dir='ltr'>El&#39;lSCOPO</span> <span class='ocrx_word' id='word_1_25' title='bbox 953 1573 1179 1622; x_wconf 77' lang='lat' dir='ltr'>cavtLttcttusl</span> 
     </span>
     <span class='ocr_line' id='line_1_7' title="bbox 630 1676 758 1724; baseline 0.008 -2"><span class='ocrx_word' id='word_1_26' title='bbox 630 1676 655 1722; x_wconf 89' lang='lat' dir='ltr'>S.</span> <span class='ocrx_word' id='word_1_27' title='bbox 678 1677 705 1724; x_wconf 90' lang='lat' dir='ltr'>P.</span> <span class='ocrx_word' id='word_1_28' title='bbox 729 1677 758 1723; x_wconf 83' lang='grc' dir='ltr'>Ι).</span> 
     </span>
    </p>
   </div>
   <div class='ocr_carea' id='block_1_6' title="bbox 370 1837 1023 1913">
    <p class='ocr_par' dir='ltr' id='par_1_6' title="bbox 370 1837 1023 1913">
     <span class='ocr_line' id='line_1_8' title="bbox 370 1837 1023 1913; baseline 0.008 -22"><span class='ocrx_word' id='word_1_29' title='bbox 370 1837 489 1892; x_wconf 87' lang='lat' dir='ltr'>Nuneiat</span> <span class='ocrx_word' id='word_1_30' title='bbox 503 1856 531 1893; x_wconf 88' lang='lat' dir='ltr'>se</span> <span class='ocrx_word' id='word_1_31' title='bbox 546 1838 580 1893; x_wconf 84' lang='lat' dir='ltr'>ad</span> <span class='ocrx_word' id='word_1_32' title='bbox 595 1839 700 1895; x_wconf 86' lang='lat' dir='ltr'>Vallem</span> <span class='ocrx_word' id='word_1_33' title='bbox 715 1840 841 1896; x_wconf 82' lang='lat' dir='ltr'>Clausam</span> <span class='ocrx_word' id='word_1_34' title='bbox 856 1842 1023 1913; x_wconf 84' lang='lat' dir='ltr'>pervenisse.</span> 
     </span>
    </p>
   </div>
   <div class='ocr_carea' id='block_1_7' title="bbox 149 2055 1231 2767">
    <p class='ocr_par' dir='ltr' id='par_1_7' title="bbox 149 2055 1231 2767">
     <span class='ocr_line' id='line_1_9' title="bbox 251 2055 1231 2149; baseline 0.007 -24"><span class='ocrx_word' id='word_1_35' title='bbox 251 2055 439 2149; x_wconf 85' lang='lat' dir='ltr'>lmpotiens</span> <span class='ocrx_word' id='word_1_36' title='bbox 472 2056 636 2128; x_wconf 89' lang='lat' dir='ltr'>desiderii</span> <span class='ocrx_word' id='word_1_37' title='bbox 662 2057 756 2148; x_wconf 86' lang='lat' dir='ltr'>quod</span> <span class='ocrx_word' id='word_1_38' title='bbox 780 2056 934 2128; x_wconf 89' lang='lat' dir='ltr'>absentia</span> <span class='ocrx_word' id='word_1_39' title='bbox 960 2059 1041 2129; x_wconf 84' lang='lat' dir='ltr'>milri</span> <span class='ocrx_word' id='word_1_40' title='bbox 1068 2060 1231 2133; x_wconf 86' lang='lat' dir='ltr'>diuturna</span> 
     </span>
     <span class='ocr_line' id='line_1_10' title="bbox 156 2178 1229 2276; baseline 0.005 -26"><span class='ocrx_word' id='word_1_41' title='bbox 156 2189 347 2276; x_wconf 81' lang='lat' dir='ltr'>pepererat,</span> <span class='ocrx_word' id='word_1_42' title='bbox 363 2187 468 2271; x_wconf 86' lang='lat' dir='ltr'>atque</span> <span class='ocrx_word' id='word_1_43' title='bbox 482 2178 514 2247; x_wconf 93' lang='lat' dir='ltr'>in</span> <span class='ocrx_word' id='word_1_44' title='bbox 529 2179 648 2272; x_wconf 86' lang='lat' dir='ltr'>primis</span> <span class='ocrx_word' id='word_1_45' title='bbox 662 2181 849 2251; x_wconf 82' lang='lat' dir='ltr'>verendam</span> <span class='ocrx_word' id='word_1_46' title='bbox 864 2192 1134 2276; x_wconf 82' lang='lat' dir='ltr'>exoptatumque</span> <span class='ocrx_word' id='word_1_47' title='bbox 1146 2185 1229 2256; x_wconf 90' lang='lat' dir='ltr'>mihi</span> 
     </span>
     <span class='ocr_line' id='line_1_11' title="bbox 159 2301 1230 2398; baseline 0.004 -25"><span class='ocrx_word' id='word_1_48' title='bbox 159 2301 313 2374; x_wconf 83' lang='lat' dir='ltr'>revidere</span> <span class='ocrx_word' id='word_1_49' title='bbox 331 2303 476 2395; x_wconf 85' lang='lat' dir='ltr'>cupiens</span> <span class='ocrx_word' id='word_1_50' title='bbox 497 2302 617 2373; x_wconf 82' lang='lat' dir='ltr'>faeiem</span> <span class='ocrx_word' id='word_1_51' title='bbox 641 2312 748 2384; x_wconf 89' lang='lat' dir='ltr'>tuam,</span> <span class='ocrx_word' id='word_1_52' title='bbox 771 2303 897 2376; x_wconf 86' lang='lat' dir='ltr'>deinde</span> <span class='ocrx_word' id='word_1_53' title='bbox 918 2328 1059 2398; x_wconf 88' lang='lat' dir='ltr'>sparsas</span> <span class='ocrx_word' id='word_1_54' title='bbox 1079 2328 1118 2377; x_wconf 90' lang='lat' dir='ltr'>ae</span> <span class='ocrx_word' id='word_1_55' title='bbox 1139 2310 1230 2377; x_wconf 85' lang='lat' dir='ltr'>loce-</span> 
     </span>
     <span class='ocr_line' id='line_1_12' title="bbox 156 2425 1226 2521; baseline 0.003 -23"><span class='ocrx_word' id='word_1_56' title='bbox 156 2446 214 2498; x_wconf 83' lang='lat' dir='ltr'>ras</span> <span class='ocrx_word' id='word_1_57' title='bbox 234 2425 396 2519; x_wconf 77' lang='lat' dir='ltr'>reliquias</span> <span class='ocrx_word' id='word_1_58' title='bbox 417 2425 621 2509; x_wconf 86' lang='lat' dir='ltr'>amicorum,</span> <span class='ocrx_word' id='word_1_59' title='bbox 643 2425 793 2498; x_wconf 87' lang='lat' dir='ltr'>adversa</span> <span class='ocrx_word' id='word_1_60' title='bbox 815 2437 910 2520; x_wconf 88' lang='lat' dir='ltr'>parte</span> <span class='ocrx_word' id='word_1_61' title='bbox 932 2430 1011 2499; x_wconf 89' lang='lat' dir='ltr'>anni</span> <span class='ocrx_word' id='word_1_62' title='bbox 1039 2432 1161 2521; x_wconf 80' lang='lat' dir='ltr'>longas</span> <span class='ocrx_word' id='word_1_63' title='bbox 1187 2453 1226 2501; x_wconf 86' lang='lat' dir='ltr'>ae</span> 
     </span>
     <span class='ocr_line' id='line_1_13' title="bbox 153 2547 1226 2645; baseline 0.001 -25"><span class='ocrx_word' id='word_1_64' title='bbox 153 2547 308 2620; x_wconf 85' lang='lat' dir='ltr'>difficiles</span> <span class='ocrx_word' id='word_1_65' title='bbox 324 2547 411 2630; x_wconf 88' lang='lat' dir='ltr'>vias,</span> <span class='ocrx_word' id='word_1_66' title='bbox 432 2547 545 2617; x_wconf 91' lang='lat' dir='ltr'>animo</span> <span class='ocrx_word' id='word_1_67' title='bbox 565 2569 689 2640; x_wconf 86' lang='lat' dir='ltr'>corpus</span> <span class='ocrx_word' id='word_1_68' title='bbox 711 2549 923 2634; x_wconf 81' lang='lat' dir='ltr'>sublevante,</span> <span class='ocrx_word' id='word_1_69' title='bbox 939 2551 1118 2645; x_wconf 81' lang='lat' dir='ltr'>complevi,</span> <span class='ocrx_word' id='word_1_70' title='bbox 1134 2564 1171 2623; x_wconf 89' lang='lat' dir='ltr'>ut</span> <span class='ocrx_word' id='word_1_71' title='bbox 1183 2552 1226 2622; x_wconf 86' lang='lat' dir='ltr'>de</span> 
     </span>
     <span class='ocr_line' id='line_1_14' title="bbox 149 2670 947 2767; baseline -0.003 -23"><span class='ocrx_word' id='word_1_72' title='bbox 149 2695 203 2744; x_wconf 85' lang='lat' dir='ltr'>me</span> <span class='ocrx_word' id='word_1_73' title='bbox 224 2671 400 2767; x_wconf 77' lang='lat' dir='ltr'>poeticum</span> <span class='ocrx_word' id='word_1_74' title='bbox 421 2670 504 2741; x_wconf 93' lang='lat' dir='ltr'>illud</span> <span class='ocrx_word' id='word_1_75' title='bbox 523 2673 659 2764; x_wconf 86' lang='lat' dir='ltr'>proprie</span> <span class='ocrx_word' id='word_1_76' title='bbox 679 2671 808 2745; x_wconf 88' lang='lat' dir='ltr'>dietum</span> <span class='ocrx_word' id='word_1_77' title='bbox 829 2685 947 2766; x_wconf 91' lang='lat' dir='ltr'>putes:</span> 
     </span>
    </p>
   </div>
   <div class='ocr_carea' id='block_1_8' title="bbox 473 2850 872 2928">
    <p class='ocr_par' dir='ltr' id='par_1_8' title="bbox 473 2850 872 2928">
     <span class='ocr_line' id='line_1_15' title="bbox 473 2850 872 2928; baseline -0.008 -16"><span class='ocrx_word' id='word_1_78' title='bbox 473 2851 547 2913; x_wconf 85' lang='lat' dir='ltr'>llicit</span> <span class='ocrx_word' id='word_1_79' title='bbox 565 2851 622 2912; x_wconf 88' lang='lat' dir='ltr'>iter</span> <span class='ocrx_word' id='word_1_80' title='bbox 639 2851 750 2911; x_wconf 85' lang='lat' dir='ltr'>durum</span> <span class='ocrx_word' id='word_1_81' title='bbox 768 2850 872 2928; x_wconf 85' lang='lat' dir='ltr'>pietas.</span> 
     </span>
    </p>
   </div>
   <div class='ocr_carea' id='block_1_9' title="bbox 146 3022 1222 3486">
    <p class='ocr_par' dir='ltr' id='par_1_9' title="bbox 146 3022 1222 3486">
     <span class='ocr_line' id='line_1_16' title="bbox 248 3022 1220 3118; baseline -0.006 -21"><span class='ocrx_word' id='word_1_82' title='bbox 248 3026 345 3097; x_wconf 88' lang='lat' dir='ltr'>Nune</span> <span class='ocrx_word' id='word_1_83' title='bbox 379 3026 423 3097; x_wconf 91' lang='lat' dir='ltr'>ad</span> <span class='ocrx_word' id='word_1_84' title='bbox 448 3034 550 3118; x_wconf 88' lang='lat' dir='ltr'>caput</span> <span class='ocrx_word' id='word_1_85' title='bbox 573 3024 707 3115; x_wconf 54' lang='lat' dir='ltr'>Sergia}</span> <span class='ocrx_word' id='word_1_86' title='bbox 739 3022 889 3116; x_wconf 90' lang='lat' dir='ltr'>quietem</span> <span class='ocrx_word' id='word_1_87' title='bbox 924 3033 1043 3093; x_wconf 88' lang='lat' dir='ltr'>nactus</span> <span class='ocrx_word' id='word_1_88' title='bbox 1079 3023 1220 3093; x_wconf 87' lang='lat' dir='ltr'>solitarii</span> 
     </span>
     <span class='ocr_line' id='line_1_17' title="bbox 146 3143 1222 3244; baseline -0.009 -21"><span class='ocrx_word' id='word_1_89' title='bbox 146 3150 239 3223; x_wconf 86' lang='lat' dir='ltr'>ruris</span> <span class='ocrx_word' id='word_1_90' title='bbox 257 3149 315 3231; x_wconf 86' lang='lat' dir='ltr'>tui,</span> <span class='ocrx_word' id='word_1_91' title='bbox 339 3149 525 3244; x_wconf 88' lang='lat' dir='ltr'>meipsum</span> <span class='ocrx_word' id='word_1_92' title='bbox 546 3147 591 3219; x_wconf 88' lang='lat' dir='ltr'>ab</span> <span class='ocrx_word' id='word_1_93' title='bbox 611 3146 730 3218; x_wconf 83' lang='lat' dir='ltr'>itinere</span> <span class='ocrx_word' id='word_1_94' title='bbox 750 3158 785 3218; x_wconf 92' lang='lat' dir='ltr'>et</span> <span class='ocrx_word' id='word_1_95' title='bbox 804 3149 898 3217; x_wconf 85' lang='lat' dir='ltr'>sessa</span> <span class='ocrx_word' id='word_1_96' title='bbox 918 3143 1222 3217; x_wconf 83' lang='lat' dir='ltr'>membrarecolli-</span> 
     </span>
     <span class='ocr_line' id='line_1_18' title="bbox 147 3267 1221 3367; baseline -0.007 -21"><span class='ocrx_word' id='word_1_97' title='bbox 147 3295 202 3367; x_wconf 78' lang='lat' dir='ltr'>go.</span> <span class='ocrx_word' id='word_1_98' title='bbox 224 3273 312 3344; x_wconf 86' lang='lat' dir='ltr'>Hine</span> <span class='ocrx_word' id='word_1_99' title='bbox 333 3272 438 3364; x_wconf 81' lang='lat' dir='ltr'>igitur</span> <span class='ocrx_word' id='word_1_100' title='bbox 459 3272 533 3342; x_wconf 76' lang='lat' dir='ltr'>haee</span> <span class='ocrx_word' id='word_1_101' title='bbox 555 3270 614 3341; x_wconf 91' lang='lat' dir='ltr'>tibi</span> <span class='ocrx_word' id='word_1_102' title='bbox 632 3270 755 3363; x_wconf 89' lang='lat' dir='ltr'>raptim</span> <span class='ocrx_word' id='word_1_103' title='bbox 770 3268 898 3353; x_wconf 86' lang='lat' dir='ltr'>scribo,</span> <span class='ocrx_word' id='word_1_104' title='bbox 917 3291 962 3339; x_wconf 92' lang='lat' dir='ltr'>ne</span> <span class='ocrx_word' id='word_1_105' title='bbox 978 3268 1024 3340; x_wconf 89' lang='lat' dir='ltr'>ab</span> <span class='ocrx_word' id='word_1_106' title='bbox 1039 3269 1107 3340; x_wconf 87' lang='lat' dir='ltr'>alio</span> <span class='ocrx_word' id='word_1_107' title='bbox 1124 3267 1221 3360; x_wconf 86' lang='lat' dir='ltr'>prius</span> 
     </span>
     <span class='ocr_line' id='line_1_19' title="bbox 147 3383 1220 3486; baseline -0.007 -19"><span class='ocrx_word' id='word_1_108' title='bbox 147 3396 284 3480; x_wconf 68' lang='lat' dir='ltr'>audias</span> <span class='ocrx_word' id='word_1_109' title='bbox 319 3417 389 3486; x_wconf 91' lang='lat' dir='ltr'>quo</span> <span class='ocrx_word' id='word_1_110' title='bbox 421 3393 591 3465; x_wconf 88' lang='lat' dir='ltr'>desidiam</span> <span class='ocrx_word' id='word_1_111' title='bbox 625 3383 746 3463; x_wconf 77' lang='lat' dir='ltr'>meam&#39;</span> <span class='ocrx_word' id='word_1_112' title='bbox 770 3395 905 3484; x_wconf 89' lang='lat' dir='ltr'>culpes:</span> <span class='ocrx_word' id='word_1_113' title='bbox 939 3393 1071 3485; x_wconf 89' lang='lat' dir='ltr'>reliqua</span> <span class='ocrx_word' id='word_1_114' title='bbox 1104 3413 1220 3462; x_wconf 84' lang='lat' dir='ltr'>coram</span> 
     </span>
    </p>
   </div>
   <div class='ocr_carea' id='block_1_10' title="bbox 140 3576 1220 4530">
    <p class='ocr_par' dir='ltr' id='par_1_10' title="bbox 140 3576 1220 4530">
     <span class='ocr_line' id='line_1_20' title="bbox 238 3576 1220 3642; baseline -0.003 -14"><span class='ocrx_word' id='word_1_115' title='bbox 238 3577 247 3610; x_wconf 67' lang='lat' dir='ltr'>l</span> <span class='ocrx_word' id='word_1_116' title='bbox 268 3577 389 3628; x_wconf 79' lang='lat' dir='ltr'>Gelennae</span> <span class='ocrx_word' id='word_1_117' title='bbox 400 3577 490 3626; x_wconf 76' lang='lat' dir='ltr'>montis</span> <span class='ocrx_word' id='word_1_118' title='bbox 502 3591 515 3626; x_wconf 83' lang='lat' dir='ltr'>e</span> <span class='ocrx_word' id='word_1_119' title='bbox 527 3576 617 3625; x_wconf 79' lang='lat' dir='ltr'>vertice</span> <span class='ocrx_word' id='word_1_120' title='bbox 633 3576 753 3639; x_wconf 86' lang='lat' dir='ltr'>seriptum</span> <span class='ocrx_word' id='word_1_121' title='bbox 768 3576 860 3641; x_wconf 77' lang='lat' dir='ltr'>legitur</span> <span class='ocrx_word' id='word_1_122' title='bbox 875 3577 900 3626; x_wconf 91' lang='lat' dir='ltr'>in</span> <span class='ocrx_word' id='word_1_123' title='bbox 913 3578 1054 3641; x_wconf 82' lang='lat' dir='ltr'>apographo</span> <span class='ocrx_word' id='word_1_124' title='bbox 1066 3578 1134 3642; x_wconf 90' lang='lat' dir='ltr'>quod</span> <span class='ocrx_word' id='word_1_125' title='bbox 1153 3591 1168 3627; x_wconf 88' lang='lat' dir='ltr'>e</span> <span class='ocrx_word' id='word_1_126' title='bbox 1184 3578 1220 3626; x_wconf 85' lang='lat' dir='ltr'>bi-</span> 
     </span>
     <span class='ocr_line' id='line_1_21' title="bbox 144 3656 1220 3722; baseline -0.003 -12"><span class='ocrx_word' id='word_1_127' title='bbox 144 3658 270 3710; x_wconf 78' lang='lat' dir='ltr'>ltliotheca</span> <span class='ocrx_word' id='word_1_128' title='bbox 281 3657 343 3721; x_wconf 84' lang='lat' dir='ltr'>Imp.</span> <span class='ocrx_word' id='word_1_129' title='bbox 354 3656 486 3707; x_wconf 79' lang='lat' dir='ltr'>Parisiensi</span> <span class='ocrx_word' id='word_1_130' title='bbox 498 3657 558 3706; x_wconf 80' lang='lat' dir='ltr'>mitri</span> <span class='ocrx_word' id='word_1_131' title='bbox 570 3656 723 3719; x_wconf 87' lang='lat' dir='ltr'>descriptum</span> <span class='ocrx_word' id='word_1_132' title='bbox 735 3657 849 3721; x_wconf 77' lang='lat' dir='ltr'>quesivi:</span> <span class='ocrx_word' id='word_1_133' title='bbox 863 3658 954 3721; x_wconf 86' lang='lat' dir='ltr'>qulbus</span> <span class='ocrx_word' id='word_1_134' title='bbox 965 3659 1048 3709; x_wconf 89' lang='lat' dir='ltr'>verbis</span> <span class='ocrx_word' id='word_1_135' title='bbox 1057 3658 1220 3722; x_wconf 78' lang='lat' dir='ltr'>designantur</span> 
     </span>
     <span class='ocr_line' id='line_1_22' title="bbox 144 3736 1218 3802; baseline -0.003 -12"><span class='ocrx_word' id='word_1_136' title='bbox 144 3738 244 3790; x_wconf 70' lang='lat' dir='ltr'>lentos</span> <span class='ocrx_word' id='word_1_137' title='bbox 260 3751 327 3802; x_wconf 86' lang='lat' dir='ltr'>quos</span> <span class='ocrx_word' id='word_1_138' title='bbox 346 3737 494 3793; x_wconf 73' lang='lat' dir='ltr'>Getenniooa</span> <span class='ocrx_word' id='word_1_139' title='bbox 510 3736 661 3801; x_wconf 84' lang='lat' dir='ltr'>Pomponius</span> <span class='ocrx_word' id='word_1_140' title='bbox 677 3736 739 3785; x_wconf 84' lang='lat' dir='ltr'>llela</span> <span class='ocrx_word' id='word_1_141' title='bbox 760 3741 785 3787; x_wconf 89' lang='lat' dir='ltr'>et</span> <span class='ocrx_word' id='word_1_142' title='bbox 805 3736 947 3787; x_wconf 74' lang='lat' dir='ltr'>Cemmenus</span> <span class='ocrx_word' id='word_1_143' title='bbox 967 3737 1100 3801; x_wconf 85' lang='lat' dir='ltr'>appellavit</span> <span class='ocrx_word' id='word_1_144' title='bbox 1116 3737 1218 3796; x_wconf 83' lang='lat' dir='ltr'>Straho;</span> 
     </span>
     <span class='ocr_line' id='line_1_23' title="bbox 143 3818 1220 3885; baseline -0.001 -15"><span class='ocrx_word' id='word_1_145' title='bbox 143 3820 219 3885; x_wconf 76' lang='lat' dir='ltr'>vulgo</span> <span class='ocrx_word' id='word_1_146' title='bbox 230 3820 276 3870; x_wconf 74' lang='lat' dir='ltr'>les</span> <span class='ocrx_word' id='word_1_147' title='bbox 289 3819 426 3877; x_wconf 68' lang='lat' dir='ltr'>Cevenna,</span> <span class='ocrx_word' id='word_1_148' title='bbox 439 3826 481 3869; x_wconf 87' lang='lat' dir='ltr'>aut</span> <span class='ocrx_word' id='word_1_149' title='bbox 496 3818 577 3869; x_wconf 81' lang='lat' dir='ltr'>llonts</span> <span class='ocrx_word' id='word_1_150' title='bbox 592 3818 752 3881; x_wconf 76' lang='lat' dir='ltr'>d&#39;luuerpne.</span> <span class='ocrx_word' id='word_1_151' title='bbox 770 3818 924 3882; x_wconf 82' lang='lat' dir='ltr'>Quicumque</span> <span class='ocrx_word' id='word_1_152' title='bbox 942 3826 1024 3869; x_wconf 89' lang='lat' dir='ltr'>tamen</span> <span class='ocrx_word' id='word_1_153' title='bbox 1039 3819 1220 3869; x_wconf 84' lang='lat' dir='ltr'>animadvertat</span> 
     </span>
     <span class='ocr_line' id='line_1_24' title="bbox 143 3898 1219 3964; baseline 0 -14"><span class='ocrx_word' id='word_1_154' title='bbox 143 3898 286 3951; x_wconf 77' lang='lat' dir='ltr'>Pemream</span> <span class='ocrx_word' id='word_1_155' title='bbox 302 3900 387 3950; x_wconf 78' lang='lat' dir='ltr'>Pedue</span> <span class='ocrx_word' id='word_1_156' title='bbox 400 3899 536 3963; x_wconf 81' lang='lat' dir='ltr'>proiectum</span> <span class='ocrx_word' id='word_1_157' title='bbox 548 3914 598 3950; x_wconf 91' lang='lat' dir='ltr'>non</span> <span class='ocrx_word' id='word_1_158' title='bbox 609 3900 675 3950; x_wconf 87' lang='lat' dir='ltr'>ultra</span> <span class='ocrx_word' id='word_1_159' title='bbox 687 3901 838 3951; x_wconf 79' lang='lat' dir='ltr'>lvonionem</span> <span class='ocrx_word' id='word_1_160' title='bbox 855 3900 932 3951; x_wconf 84' lang='lat' dir='ltr'>luisse</span> <span class='ocrx_word' id='word_1_161' title='bbox 948 3913 1120 3964; x_wconf 79' lang='lat' dir='ltr'>progressum.</span> <span class='ocrx_word' id='word_1_162' title='bbox 1138 3907 1163 3952; x_wconf 86' lang='lat' dir='ltr'>et</span> <span class='ocrx_word' id='word_1_163' title='bbox 1180 3901 1219 3951; x_wconf 87' lang='lat' dir='ltr'>lit·</span> 
     </span>
     <span class='ocr_line' id='line_1_25' title="bbox 142 3978 1217 4041; baseline -0.002 -10"><span class='ocrx_word' id='word_1_164' title='bbox 142 3985 210 4031; x_wconf 74' lang='lat' dir='ltr'>tms</span> <span class='ocrx_word' id='word_1_165' title='bbox 223 3980 269 4030; x_wconf 83' lang='lat' dir='ltr'>has</span> <span class='ocrx_word' id='word_1_166' title='bbox 286 3991 301 4029; x_wconf 89' lang='lat' dir='ltr'>e</span> <span class='ocrx_word' id='word_1_167' title='bbox 324 3978 408 4029; x_wconf 83' lang='lat' dir='ltr'>medio</span> <span class='ocrx_word' id='word_1_168' title='bbox 425 3979 514 4029; x_wconf 83' lang='lat' dir='ltr'>itinere</span> <span class='ocrx_word' id='word_1_169' title='bbox 537 3980 635 4030; x_wconf 82' lang='lat' dir='ltr'>misisse</span> <span class='ocrx_word' id='word_1_170' title='bbox 657 3979 689 4030; x_wconf 88' lang='lat' dir='ltr'>ad</span> <span class='ocrx_word' id='word_1_171' title='bbox 714 3981 857 4039; x_wconf 77' lang='lat' dir='ltr'>aretinum,</span> <span class='ocrx_word' id='word_1_172' title='bbox 879 3979 951 4029; x_wconf 85' lang='lat' dir='ltr'>laeile</span> <span class='ocrx_word' id='word_1_173' title='bbox 967 3979 1089 4041; x_wconf 76' lang='lat' dir='ltr'>intelliget</span> <span class='ocrx_word' id='word_1_174' title='bbox 1105 3992 1217 4029; x_wconf 85' lang='lat' dir='ltr'>errorem</span> 
     </span>
     <span class='ocr_line' id='line_1_26' title="bbox 142 4059 1217 4125; baseline -0.001 -14"><span class='ocrx_word' id='word_1_175' title='bbox 142 4059 168 4111; x_wconf 85' lang='lat' dir='ltr'>iu</span> <span class='ocrx_word' id='word_1_176' title='bbox 179 4061 300 4111; x_wconf 76' lang='lat' dir='ltr'>codicem</span> <span class='ocrx_word' id='word_1_177' title='bbox 311 4060 352 4111; x_wconf 86' lang='lat' dir='ltr'>vel</span> <span class='ocrx_word' id='word_1_178' title='bbox 368 4060 393 4109; x_wconf 90' lang='lat' dir='ltr'>in</span> <span class='ocrx_word' id='word_1_179' title='bbox 412 4060 582 4124; x_wconf 75' lang='lat' dir='ltr'>apographum</span> <span class='ocrx_word' id='word_1_180' title='bbox 597 4059 737 4125; x_wconf 85' lang='lat' dir='ltr'>irrepsisse.</span> <span class='ocrx_word' id='word_1_181' title='bbox 757 4061 820 4110; x_wconf 86' lang='lat' dir='ltr'>Sunt</span> <span class='ocrx_word' id='word_1_182' title='bbox 838 4061 905 4110; x_wconf 88' lang='lat' dir='ltr'>enim</span> <span class='ocrx_word' id='word_1_183' title='bbox 919 4059 1054 4110; x_wconf 86' lang='lat' dir='ltr'>Gebennici</span> <span class='ocrx_word' id='word_1_184' title='bbox 1066 4059 1103 4108; x_wconf 91' lang='grc'><strong>1111</strong></span> <span class='ocrx_word' id='word_1_185' title='bbox 1118 4066 1217 4111; x_wconf 86' lang='lat' dir='ltr'>montes</span> 
     </span>
     <span class='ocr_line' id='line_1_27' title="bbox 143 4140 1216 4206; baseline -0.001 -14"><span class='ocrx_word' id='word_1_186' title='bbox 143 4140 216 4206; x_wconf 73' lang='lat' dir='ltr'>longe</span> <span class='ocrx_word' id='word_1_187' title='bbox 227 4142 295 4192; x_wconf 77' lang='lat' dir='ltr'>ultre</span> <span class='ocrx_word' id='word_1_188' title='bbox 307 4140 458 4191; x_wconf 83' lang='lat' dir='ltr'>Rhodanum</span> <span class='ocrx_word' id='word_1_189' title='bbox 469 4140 494 4189; x_wconf 90' lang='lat' dir='ltr'>ln</span> <span class='ocrx_word' id='word_1_190' title='bbox 506 4141 639 4202; x_wconf 77' lang='lat' dir='ltr'>Arvernia,</span> <span class='ocrx_word' id='word_1_191' title='bbox 657 4153 707 4205; x_wconf 90' lang='lat' dir='ltr'>quo</span> <span class='ocrx_word' id='word_1_192' title='bbox 720 4140 842 4190; x_wconf 83' lang='lat' dir='ltr'>Petraroae</span> <span class='ocrx_word' id='word_1_193' title='bbox 854 4140 902 4190; x_wconf 86' lang='lat' dir='ltr'>iter</span> <span class='ocrx_word' id='word_1_194' title='bbox 914 4140 1050 4190; x_wconf 84' lang='lat' dir='ltr'>nullimode</span> <span class='ocrx_word' id='word_1_195' title='bbox 1063 4145 1216 4204; x_wconf 81' lang='lat' dir='ltr'>protractum</span> 
     </span>
     <span class='ocr_line' id='line_1_28' title="bbox 143 4220 1217 4287; baseline 0 -15"><span class='ocrx_word' id='word_1_196' title='bbox 143 4228 192 4273; x_wconf 84' lang='lat' dir='ltr'>est.</span> <span class='ocrx_word' id='word_1_197' title='bbox 205 4222 336 4287; x_wconf 64' lang='lat' dir='ltr'>&amp;quotus</span> <span class='ocrx_word' id='word_1_198' title='bbox 348 4235 409 4284; x_wconf 78' lang='lat' dir='ltr'>erpo</span> <span class='ocrx_word' id='word_1_199' title='bbox 421 4221 455 4271; x_wconf 82' lang='lat' dir='ltr'>lte</span> <span class='ocrx_word' id='word_1_200' title='bbox 466 4221 567 4271; x_wconf 76' lang='lat' dir='ltr'>sodium</span> <span class='ocrx_word' id='word_1_201' title='bbox 579 4222 653 4286; x_wconf 83' lang='lat' dir='ltr'>(torn.</span> <span class='ocrx_word' id='word_1_202' title='bbox 669 4221 697 4278; x_wconf 83' lang='lat'>3,</span> <span class='ocrx_word' id='word_1_203' title='bbox 712 4233 766 4283; x_wconf 76' lang='lat' dir='ltr'>pop.</span> <span class='ocrx_word' id='word_1_204' title='bbox 783 4220 841 4284; x_wconf 77' lang='grc'><strong>141)</strong></span> <span class='ocrx_word' id='word_1_205' title='bbox 858 4220 977 4271; x_wconf 77' lang='lat' dir='ltr'>debeone</span> <span class='ocrx_word' id='word_1_206' title='bbox 989 4228 1099 4271; x_wconf 89' lang='lat' dir='ltr'>montem</span> <span class='ocrx_word' id='word_1_207' title='bbox 1112 4221 1138 4271; x_wconf 92' lang='lat' dir='ltr'>in</span> <span class='ocrx_word' id='word_1_208' title='bbox 1147 4235 1217 4272; x_wconf 91' lang='lat' dir='ltr'>mon·</span> 
     </span>
     <span class='ocr_line' id='line_1_29' title="bbox 145 4301 1214 4369; baseline -0.001 -15"><span class='ocrx_word' id='word_1_209' title='bbox 145 4301 326 4369; x_wconf 67' lang='lat' dir='ltr'>tendentem,</span> <span class='ocrx_word' id='word_1_210' title='bbox 340 4309 384 4352; x_wconf 79' lang='lat' dir='ltr'>aut</span> <span class='ocrx_word' id='word_1_211' title='bbox 402 4302 424 4352; x_wconf 90' lang='lat' dir='ltr'>sl</span> <span class='ocrx_word' id='word_1_212' title='bbox 443 4302 522 4352; x_wconf 84' lang='lat' dir='ltr'>mavis</span> <span class='ocrx_word' id='word_1_213' title='bbox 536 4301 637 4353; x_wconf 68' lang='lat' dir='ltr'>Gentio</span> <span class='ocrx_word' id='word_1_214' title='bbox 656 4302 802 4351; x_wconf 84' lang='lat' dir='ltr'>mutandum</span> <span class='ocrx_word' id='word_1_215' title='bbox 816 4303 885 4353; x_wconf 83' lang='lat' dir='ltr'>duxi.</span> <span class='ocrx_word' id='word_1_216' title='bbox 904 4303 949 4353; x_wconf 83' lang='lat' dir='ltr'>Est</span> <span class='ocrx_word' id='word_1_217' title='bbox 966 4303 1032 4353; x_wconf 88' lang='lat' dir='ltr'>euim</span> <span class='ocrx_word' id='word_1_218' title='bbox 1049 4304 1089 4354; x_wconf 84' lang='lat' dir='ltr'>hie</span> <span class='ocrx_word' id='word_1_219' title='bbox 1105 4318 1171 4356; x_wconf 91' lang='lat' dir='ltr'>uuus</span> <span class='ocrx_word' id='word_1_220' title='bbox 1184 4318 1214 4354; x_wconf 83' lang='lat' dir='ltr'>ex</span> 
     </span>
     <span class='ocr_line' id='line_1_30' title="bbox 140 4381 1215 4448; baseline 0 -15"><span class='ocrx_word' id='word_1_221' title='bbox 140 4383 239 4448; x_wconf 76' lang='lat' dir='ltr'>Alpium</span> <span class='ocrx_word' id='word_1_222' title='bbox 251 4384 380 4435; x_wconf 84' lang='lat' dir='ltr'>montibus</span> <span class='ocrx_word' id='word_1_223' title='bbox 393 4383 436 4447; x_wconf 90' lang='lat' dir='ltr'>qul</span> <span class='ocrx_word' id='word_1_224' title='bbox 447 4396 480 4433; x_wconf 82' lang='lat' dir='ltr'>ex</span> <span class='ocrx_word' id='word_1_225' title='bbox 488 4382 556 4433; x_wconf 81' lang='lat' dir='ltr'>ltalia</span> <span class='ocrx_word' id='word_1_226' title='bbox 564 4385 589 4433; x_wconf 88' lang='lat' dir='ltr'>in</span> <span class='ocrx_word' id='word_1_227' title='bbox 597 4383 701 4434; x_wconf 86' lang='lat' dir='ltr'>Galliam</span> <span class='ocrx_word' id='word_1_228' title='bbox 709 4381 826 4433; x_wconf 88' lang='lat' dir='ltr'>euntibus</span> <span class='ocrx_word' id='word_1_229' title='bbox 836 4397 881 4446; x_wconf 88' lang='lat' dir='ltr'>per</span> <span class='ocrx_word' id='word_1_230' title='bbox 889 4384 955 4434; x_wconf 82' lang='lat' dir='ltr'>vlam</span> <span class='ocrx_word' id='word_1_231' title='bbox 965 4384 1074 4435; x_wconf 84' lang='lat' dir='ltr'>Piueroti</span> <span class='ocrx_word' id='word_1_232' title='bbox 1082 4391 1109 4435; x_wconf 89' lang='lat' dir='ltr'>et</span> <span class='ocrx_word' id='word_1_233' title='bbox 1117 4384 1215 4448; x_wconf 72' lang='lat' dir='ltr'>Segusii</span> 
     </span>
     <span class='ocr_line' id='line_1_31' title="bbox 141 4464 1124 4530; baseline -0.008 -8"><span class='ocrx_word' id='word_1_234' title='bbox 141 4465 219 4521; x_wconf 71' lang='lat' dir='ltr'>ulain</span> <span class='ocrx_word' id='word_1_235' title='bbox 230 4468 334 4521; x_wconf 78' lang='lat' dir='ltr'>circiter</span> <span class='ocrx_word' id='word_1_236' title='bbox 345 4478 462 4530; x_wconf 61' lang='lat' dir='ltr'>manum</span> <span class='ocrx_word' id='word_1_237' title='bbox 474 4465 584 4516; x_wconf 86' lang='lat' dir='ltr'>millibus</span> <span class='ocrx_word' id='word_1_238' title='bbox 596 4466 628 4516; x_wconf 80' lang='lat' dir='ltr'>ab</span> <span class='ocrx_word' id='word_1_239' title='bbox 642 4465 704 4515; x_wconf 87' lang='lat' dir='ltr'>urbe</span> <span class='ocrx_word' id='word_1_240' title='bbox 717 4464 840 4528; x_wconf 60' lang='lat' dir='ltr'>Brigantio</span> <span class='ocrx_word' id='word_1_241' title='bbox 852 4465 996 4529; x_wconf 75' lang='lat' dir='ltr'>(Brioooon)</span> <span class='ocrx_word' id='word_1_242' title='bbox 1008 4465 1124 4516; x_wconf 81' lang='lat' dir='ltr'>occurrit.</span> 
     </span>
    </p>
   </div>
   <div class='ocr_carea' id='block_1_11' title="bbox 0 0 1374 5062">
    <p class='ocr_par' dir='ltr' id='par_1_11' title="bbox 0 0 1374 5062">
     <span class='ocr_line' id='line_1_32' title="bbox 0 0 1374 5062; baseline 0 5"><span class='ocrx_word' id='word_1_243' title='bbox 0 0 1374 5062; x_wconf 95' lang='lat' dir='ltr'> </span> 
     </span>
    </p>
   </div>
  </div>
 </body>
</html>
