2738 5062
139 660 197 722 110
469 670 511 721 ne
532 673 632 722 annus
653 670 875 724 resultamus

139 809 399 902 augustissimae
419 806 544 880 domus
571 830 659 895 suae,
686 809 814 902 ingenti
840 830 1021 901 procerum
1047 830 1087 880 ac
1116 805 1212 882 nobi-

139 932 235 1015 lium,
251 929 437 1002 amicorum
460 930 713 1024 custodumque
731 931 785 1003 sui
802 931 956 1028 corporis
974 929 1213 1003 circumvalla·

141 1065 197 1125 tus
218 1052 367 1144 agmine,
391 1055 467 1124 luce
489 1054 614 1136 medie,
637 1054 693 1125 die
714 1056 802 1124 festo
835 1075 981 1126 securus
998 1063 1033 1125 et
1054 1054 1213 1127 incautus

141 1178 175 1248 in
196 1176 352 1247 obscoeni
375 1197 415 1246 ao
445 1176 620 1269 desperati
640 1177 737 1248 canis
757 1187 806 1263 et,
828 1199 871 1248 ne
890 1176 974 1270 quid
991 1176 1213 1249 immanitatis

142 1300 289 1384 abforet,
316 1298 391 1369 eius
422 1300 518 1370 canis
548 1323 652 1393 quem
685 1298 730 1372 ad
760 1321 917 1371 mensam
944 1322 1044 1372 suam
1073 1301 1131 1373 itlo
1159 1300 1215 1374 die

141 1432 285 1517 paverat
302 1422 514 1515 assidueque
533 1422 708 1517 pascebat,
725 1421 855 1493 rabiem
868 1433 1100 1517 cruentosque
1116 1424 1215 1497 nisus

142 1547 272 1631 incidit,
306 1555 345 1616 ut
378 1547 473 1617 nullo
501 1567 652 1637 unquam
673 1544 858 1636 indigniori
880 1547 1076 1638 spectaculo
1097 1548 1215 1619 oculos

142 1668 318 1739 bominum
339 1669 488 1762 pollutos
507 1690 595 1739 rear.
614 1667 699 1738 Cum
715 1667 807 1738 enim
825 1667 892 1760 ipsi
908 1667 967 1761 qui
986 1669 1101 1739 scelus
1117 1666 1217 1741 audi·

143 1791 260 1860 vimus
283 1790 332 1861 sic
353 1789 464 1860 affecti
485 1811 622 1873 sumuS,
644 1810 748 1881 quam
769 1789 887 1860 miseri
909 1797 991 1861 sunt
1015 1789 1145 1882 quibus
1164 1790 1217 1862 vi-

142 1911 225 1985 dere
246 1912 389 2005 contigit
408 1911 632 1983 mitissimum
658 1921 763 2007 atque
788 1913 855 1985 alio
880 1911 949 1985 fine
974 1912 1217 2006 dignissimum

142 2034 237 2105 ilium
250 2037 364 2106 virum
378 2035 597 2129 belluamque
610 2036 772 2108 infamem
785 2057 827 2106 ac
839 2035 1039 2128 pestiferam
1058 2059 1128 2110 uno
1144 2059 1219 2111 mo-

144 2165 259 2226 mento
277 2157 440 2249 temporis
464 2179 603 2250 unoque
619 2160 716 2231 velut
733 2157 869 2230 turbine
888 2161 1114 2231 corruentes?
1133 2160 1218 2231 Tam

143 2298 297 2371 praeceps
314 2277 406 2347 enim
420 2278 666 2374 inopinumque
683 2283 810 2352 malum
828 2282 899 2365 tuit,
917 2292 1056 2374 tamque
1068 2281 1220 2355 incredi-

143 2401 224 2472 bilis
242 2400 453 2472 adstantium
472 2411 606 2496 stupor,
627 2414 664 2473 ut
680 2401 849 2475 fidissima
867 2413 1005 2497 pectora
1021 2426 1085 2497 pro
1104 2404 1220 2479 dilecti

144 2524 265 2616 capitis
288 2526 398 2595 salute
419 2537 563 2595 mortem
589 2544 693 2617 aequo
717 2525 833 2597 animo
864 2526 1035 2612 subitura,
1062 2527 1147 2600 nihil
1173 2528 1221 2600 illi

144 2648 303 2742 pereunti
326 2647 544 2740 tempestivae
559 2649 635 2744 opis
653 2647 776 2720 afferre
793 2650 980 2744 potuerint,
998 2650 1065 2722 nisi
1082 2660 1121 2721 ut
1137 2673 1220 2745 pars

145 2769 361 2865 expirantem
375 2774 557 2857 attolleret,
576 2794 658 2866 pars
676 2769 850 2843 infandum
869 2772 1075 2859 carnificem,
1094 2795 1221 2847 excar-

145 2894 323 2968 nificatum
345 2895 435 2969 mille
456 2897 662 2970 vulneribus
688 2895 882 2969 conficeret.
908 2896 983 2968 Heu
1010 2896 1120 2992 impar
1145 2918 1222 2969 sce-

145 3020 207 3090 leri
221 3019 383 3104 vindicta,
399 3021 469 3092 beu
481 3020 624 3091 nimium
639 3044 700 3113 par
711 3018 829 3091 exitus
840 3020 1024 3114 imparium
1038 3020 1220 3113 spirituum

144 3152 180 3215 et
200 3145 234 3214 in
253 3143 395 3215 diversa
415 3136 642 3234 pergentium.
664 3142 752 3225 Quae
778 3163 855 3212 cum
882 3140 930 3214 ita
955 3140 1037 3227 sint,
1059 3142 1220 3235 precibus

147 3276 260 3337 tamen
282 3265 449 3335 hactenus
475 3261 631 3333 obluctor
654 3263 735 3347 tuis,
757 3285 826 3335 non
848 3265 1003 3335 laborum
1029 3265 1125 3357 fuga,
1152 3288 1222 3339 non

146 3387 409 3479 occupationum
431 3384 536 3468 mole,
558 3384 719 3476 quamvis
739 3385 797 3458 illa
818 3408 913 3481 saepe
934 3387 1039 3472 adsit,
1062 3388 1141 3461 baec
1160 3412 1222 3461 au-

147 3519 217 3581 tem
239 3529 415 3602 nunquam
432 3506 538 3593 desit,
558 3508 698 3580 domum
717 3531 785 3581 non
803 3509 903 3581 uliam
920 3510 965 3581 ob
981 3533 1139 3596 causam,
1155 3511 1221 3584 nisi

147 3655 190 3704 ne
216 3633 323 3704 semol
348 3629 533 3722 absumpto
557 3629 685 3703 doloris
711 3631 857 3724 impetu,
885 3633 1049 3723 frigescat
1073 3636 1221 3707 fortasse

148 3756 297 3841 animno,
319 3755 379 3847 qui
401 3755 484 3826 tanti
505 3754 604 3826 amici
625 3756 803 3839 memoria,
826 3765 862 3825 et
882 3754 1089 3829 indeficienti
1110 3759 1222 3852 lacry-

148 3901 285 3950 marum
298 3877 440 3949 materia
452 3878 649 3959 delectatur,
659 3877 845 3949 exhaurire
857 3881 975 3951 oculos
990 3879 1222 3975 metuitquo·

149 4000 300 4094 tidicque
320 4001 385 4072 sibi
402 4000 533 4093 aliquid
551 4009 709 4071 reservat
729 3998 761 4094 (o
778 4000 926 4072 flebilem
942 4001 1220 4095 parsimoniaml)

150 4121 244 4215 quod
264 4124 307 4195 de
327 4125 383 4195 illo
403 4127 578 4217 loquatur,
598 4122 691 4215 quod
712 4122 918 4208 meminerit,
938 4124 1031 4217 quod
1052 4125 1221 4218 deploret;

151 4255 326 4340 postremo
346 4249 401 4319 cui
422 4248 635 4342 propositum
662 4258 717 4319 est
742 4246 832 4318 illius
853 4245 919 4316 viri
945 4245 1067 4317 faciem
1088 4269 1129 4319 ac
1150 4269 1224 4319 mo-

152 4390 222 4452 res,
245 4367 336 4439 iilius
358 4369 520 4440 virtutem
555 4392 595 4441 ac
628 4372 796 4442 fortunam
831 4390 967 4463 semper
998 4377 1078 4439 ante
1103 4371 1223 4441 oculos

152 4489 296 4574 babere,
324 4501 359 4561 ot
384 4513 460 4561 cum
487 4501 610 4562 cuncta
632 4490 812 4582 suspiciat,
837 4489 919 4559 nibil
944 4497 1071 4582 praeter
1090 4490 1222 4561 exitum
