2738 5062
194 695 252 755 388
531 706 572 755 ms
594 705 694 755 uenus
715 706 936 758 rnnnmamnus

193 850 242 917 ris
266 869 403 916 annona
424 856 586 914 momento
607 844 702 926 tratri,
730 851 765 911 et
790 842 873 913 ittnd
898 846 1000 913 noscit
1032 844 1129 934 pleds
1162 845 1287 914 ieiuno

195 974 318 1039 timere.
344 965 557 1058 Interrogavi
585 966 736 1045 tandem,
760 986 841 1035 num
869 985 924 1034 me
950 984 1054 1051 agere
1078 965 1283 1057 quidquam

195 1092 345 1160 veilent:
366 1087 549 1159 eratenim
573 1087 709 1156 animus
730 1092 870 1177 propter
890 1085 1011 1164 Deum,
1039 1094 1184 1176 propter
1206 1084 1284 1155 vir-

196 1220 318 1289 tutem,
341 1219 481 1301 propter
505 1206 662 1299 patriam,
691 1215 898 1296 propterte,
921 1204 951 1275 si
971 1204 1056 1296 quid
1076 1217 1279 1297 optassent,

196 1331 338 1421 implere
360 1350 422 1420 pro
442 1328 586 1411 viribus,
608 1338 642 1399 et
662 1326 755 1419 quod
775 1325 932 1420 pecuniae
949 1348 1011 1418 pro
1028 1326 1157 1398 viatico
1177 1350 1283 1399 sum-

195 1472 332 1543 pseram
354 1474 431 1522 oum
454 1452 520 1521 iilis
541 1450 668 1544 partiri.
691 1449 775 1531 Scis,
799 1447 864 1519 etsi
888 1447 971 1518 nihil
988 1448 1166 1532 addidero,
1189 1451 1281 1542 quid

195 1595 316 1645 omnes
338 1575 418 1644 viva
441 1596 526 1645 voce
551 1570 814 1664 responderint:
837 1571 926 1641 velte
947 1590 986 1640 se
1006 1568 1090 1639 nihil
1111 1592 1279 1662 prorsus,

196 1694 262 1766 nisi
297 1708 333 1767 ut
359 1716 421 1789 pro
452 1694 504 1765 eis
529 1716 666 1765 orarem
693 1691 869 1761 Christum
895 1691 996 1761 daret
1025 1711 1217 1785 prosperos
1243 1693 1281 1764 iu

194 1818 339 1910 patriam
363 1817 507 1898 reditus,
535 1825 570 1885 et
590 1815 623 1884 in
647 1813 749 1884 finem
775 1812 906 1883 facilem
935 1831 1096 1905 supernae
1120 1812 1279 1885 civitatis

195 1938 406 2031 ingressum.
426 1938 558 2009 Caetere
577 1935 643 2006 iliis
660 1934 787 2006 affatim
807 1935 957 2028 provisa.
976 1936 1052 2025 Ego
1069 1955 1156 2005 vero
1174 1944 1215 2006 ut
1231 1959 1279 2008 ex

195 2079 252 2129 me
269 2059 398 2152 aliquid
411 2060 567 2150 accipere
584 2061 618 2129 in
637 2060 788 2130 animum
803 2056 1012 2140 inducerem,
1028 2057 1154 2129 iterum
1169 2068 1278 2152 atque

195 2180 320 2251 iterum
354 2182 589 2272 nequidquam
623 2182 740 2254 institi.
772 2180 863 2266 Quid
896 2180 974 2250 vis?
1001 2180 1142 2273 Agnovi
1180 2185 1277 2255 femi-

195 2324 294 2374 neam
328 2322 504 2372 romanam
530 2302 694 2387 indolem,
721 2316 757 2374 et
781 2305 971 2375 delectatus
997 2326 1088 2388 sum,
1115 2306 1276 2397 cogitans

195 2447 298 2516 quam
326 2425 510 2494 muitarum
538 2425 714 2495 nationum
744 2426 881 2497 seminae
912 2448 981 2498 nou
1018 2429 1131 2499 solum
1158 2428 1275 2501 oblata

195 2567 263 2617 non
290 2556 504 2641 respuerent,
528 2546 591 2618 sed
617 2558 742 2637 negata
762 2549 864 2618 etiam
891 2549 1085 2643 importune
1104 2550 1275 2644 deposce-

194 2678 282 2739 rent.
300 2671 429 2739 Verum
448 2668 570 2739 odiose
588 2667 733 2739 veritas:
753 2668 868 2759 itaque
885 2669 1082 2741 nominibus
1095 2669 1274 2743 abstinen-

194 2791 290 2861 dum.
309 2791 473 2861 Romenae
499 2799 613 2863 autem
643 2799 772 2860 nostrae
799 2789 956 2861 effectum
979 2791 1084 2862 animi
1107 2792 1174 2862 mei
1194 2814 1273 2883 gra-

195 2919 307 2982 tanter
340 2914 532 3004 amplexae,
567 2910 717 2982 oblatam
752 2910 933 3003 pecuniam
969 2907 1153 3001 magnifice
1190 2932 1272 2983 con-

195 3042 420 3126 tempserunt.
460 3034 557 3104 Dicat
599 3032 702 3103 modo
739 3033 798 3123 qui
836 3032 930 3102 volet
968 3033 1185 3125 importunos
1227 3031 1270 3103 ad

193 3156 395 3252 petendum,
424 3155 580 3246 ingratos
613 3176 692 3225 oum
723 3154 946 3248 acceperint:
974 3175 1058 3245 paee
1089 3157 1175 3226 tanti
1210 3156 1271 3227 de·

193 3279 352 3351 tracteris
373 3278 544 3351 dixerim:
572 3279 745 3348 Romanos
767 3297 835 3367 ego
859 3275 955 3359 novi,
978 3285 1014 3348 et
1038 3276 1082 3347 ad
1104 3299 1270 3370 spernen-

193 3400 278 3472 dum
309 3397 425 3471 obtata
460 3399 712 3489 magnanimos
748 3407 783 3467 ot
821 3418 994 3468 memores
1034 3408 1268 3493 acceptorum,

193 3541 257 3591 neo
284 3518 380 3589 viros
410 3520 513 3589 medo
543 3521 605 3590 sed
634 3522 792 3603 seminas,
823 3541 903 3611 quae
938 3530 1061 3591 natura
1096 3521 1270 3593 ducuntur

192 3640 382 3711 avariores.
403 3641 488 3710 Noto
510 3650 542 3710 te
562 3640 596 3709 in
622 3641 677 3712 his
714 3641 835 3711 litteris
868 3641 971 3713 hodie
1010 3651 1128 3713 tenere
1161 3665 1270 3734 quan-

193 3770 264 3831 tum
296 3780 358 3831 eas
390 3760 424 3831 in
458 3760 579 3833 itinere
611 3761 667 3831 die
700 3764 756 3832 iiia
791 3762 897 3845 tenui,
934 3764 1192 3855 tenuissemque
1230 3764 1270 3833 li-

192 3880 314 3955 benter
335 3882 379 3954 ad
400 3905 593 3977 vesperam,
615 3902 694 3951 eum
715 3893 811 3952 esset
832 3882 917 3952 hora
938 3882 1006 3953 diei
1027 3883 1181 3954 nondum
1203 3896 1269 3954 ter·

193 4001 252 4087 tia,
275 4006 341 4077 nisi
363 4007 444 4099 quia
466 4005 598 4076 veritus
620 4025 696 4074 sum
720 4015 789 4074 tam
812 4026 951 4076 sacrum
979 4003 1137 4075 femineae
1159 4005 1270 4076 devo-

193 4120 294 4195 tionis
316 4125 480 4218 impetum
508 4125 683 4196 remorari.
711 4125 757 4193 Et
773 4125 848 4217 ipse
866 4133 1034 4217 praeterea
1051 4124 1266 4208 festinabam,

191 4240 269 4311 viso
285 4243 398 4327 tratre,
421 4244 676 4336 longiusculum
696 4246 762 4316 iter
778 4246 868 4318 duce
888 4248 960 4320 Deo
977 4246 1011 4315 in
1026 4244 1157 4316 ltaliam
1172 4252 1269 4316 aetu-

191 4382 267 4444 rus,
294 4364 388 4453 quod
409 4374 585 4435 maturare
609 4363 781 4457 disposui,
806 4366 835 4436 si
855 4366 998 4438 forsitan
1019 4367 1125 4437 satum
1148 4385 1267 4435 meum

191 4482 307 4555 studio
339 4482 427 4555 flecti
460 4497 580 4577 queat,
615 4507 660 4556 ne
694 4507 832 4577 semper
858 4510 1006 4580 peregre
1030 4490 1266 4581 protecturus,
