<?xml version="1.0" encoding="UTF-8"?>
<!DOCTYPE html PUBLIC "-//W3C//DTD XHTML 1.0 Transitional//EN"
    "http://www.w3.org/TR/xhtml1/DTD/xhtml1-transitional.dtd">
<html xmlns="http://www.w3.org/1999/xhtml" xml:lang="en" lang="en">
 <head>
  <title>
</title>
<meta http-equiv="Content-Type" content="text/html;charset=utf-8" />
  <meta name='ocr-system' content='tesseract 3.04.00' />
  <meta name='ocr-capabilities' content='ocr_page ocr_carea ocr_par ocr_line ocrx_word'/>
</head>
<body>
  <div class='ocr_page' id='page_1' title='image "./epistolaederebu02fracgoog_0341.png"; bbox 0 0 2738 5062; ppageno 0'>
   <div class='ocr_carea' id='block_1_1' title="bbox 140 655 890 727">
    <p class='ocr_par' dir='ltr' id='par_1_1' title="bbox 140 655 890 727">
     <span class='ocr_line' id='line_1_1' title="bbox 140 655 890 727; baseline -0.008 0"><span class='ocrx_word' id='word_1_1' title='bbox 140 664 198 727; x_wconf 76' lang='lat'><strong>332</strong></span> <span class='ocrx_word' id='word_1_2' title='bbox 356 655 361 664; x_wconf 88' lang='lat'>&#39;</span> <span class='ocrx_word' id='word_1_3' title='bbox 484 678 524 725; x_wconf 83' lang='lat' dir='ltr'><strong>ne</strong></span> <span class='ocrx_word' id='word_1_4' title='bbox 548 675 648 725; x_wconf 76' lang='lat' dir='ltr'><strong>trenas</strong></span> <span class='ocrx_word' id='word_1_5' title='bbox 670 673 890 723; x_wconf 77' lang='lat' dir='ltr'><strong>raurtranrnns</strong></span> 
     </span>
    </p>
   </div>
   <div class='ocr_carea' id='block_1_2' title="bbox 140 808 1318 4571">
    <p class='ocr_par' dir='ltr' id='par_1_2' title="bbox 140 808 1318 4571">
     <span class='ocr_line' id='line_1_2' title="bbox 140 808 1229 904; baseline -0.003 -17"><span class='ocrx_word' id='word_1_6' title='bbox 140 819 196 890; x_wconf 93' lang='lat' dir='ltr'><strong>illa</strong></span> <span class='ocrx_word' id='word_1_7' title='bbox 216 816 421 889; x_wconf 74' lang='lat' dir='ltr'>extremitas</span> <span class='ocrx_word' id='word_1_8' title='bbox 454 814 550 886; x_wconf 92' lang='lat' dir='ltr'><strong>orbis</strong></span> <span class='ocrx_word' id='word_1_9' title='bbox 584 813 692 885; x_wconf 84' lang='lat' dir='ltr'>nostri</span> <span class='ocrx_word' id='word_1_10' title='bbox 725 824 761 884; x_wconf 89' lang='lat' dir='ltr'><strong>et</strong></span> <span class='ocrx_word' id='word_1_11' title='bbox 793 818 894 883; x_wconf 85' lang='lat' dir='ltr'><strong>extra</strong></span> <span class='ocrx_word' id='word_1_12' title='bbox 926 808 1046 881; x_wconf 88' lang='lat' dir='ltr'><strong>orbem</strong></span> <span class='ocrx_word' id='word_1_13' title='bbox 1069 808 1229 904; x_wconf 85' lang='lat' dir='ltr'><strong>proiecta</strong></span> 
     </span>
     <span class='ocr_line' id='line_1_3' title="bbox 140 936 1226 1030; baseline -0.002 -20"><span class='ocrx_word' id='word_1_14' title='bbox 140 940 315 1013; x_wconf 77' lang='lat' dir='ltr'>Britannia</span> <span class='ocrx_word' id='word_1_15' title='bbox 336 937 434 1009; x_wconf 90' lang='lat' dir='ltr'><strong>bellis</strong></span> <span class='ocrx_word' id='word_1_16' title='bbox 456 958 551 1030; x_wconf 83' lang='lat' dir='ltr'><strong>saepe</strong></span> <span class='ocrx_word' id='word_1_17' title='bbox 572 936 742 1028; x_wconf 79' lang='lat' dir='ltr'><strong>gravibus</strong></span> <span class='ocrx_word' id='word_1_18' title='bbox 768 946 1000 1009; x_wconf 76' lang='lat' dir='ltr'><strong>attenuantur.</strong></span> <span class='ocrx_word' id='word_1_19' title='bbox 1022 936 1226 1019; x_wconf 81' lang='lat' dir='ltr'><strong>Germania,</strong></span> 
     </span>
     <span class='ocr_line' id='line_1_4' title="bbox 141 1057 1229 1151; baseline -0.004 -19"><span class='ocrx_word' id='word_1_20' title='bbox 141 1082 209 1132; x_wconf 93' lang='lat' dir='ltr'><strong>non</strong></span> <span class='ocrx_word' id='word_1_21' title='bbox 230 1060 345 1130; x_wconf 90' lang='lat' dir='ltr'><strong>minus</strong></span> <span class='ocrx_word' id='word_1_22' title='bbox 365 1080 470 1151; x_wconf 91' lang='lat' dir='ltr'><strong>quam</strong></span> <span class='ocrx_word' id='word_1_23' title='bbox 493 1058 601 1140; x_wconf 88' lang='lat' dir='ltr'><strong>ltalia,</strong></span> <span class='ocrx_word' id='word_1_24' title='bbox 629 1058 801 1129; x_wconf 85' lang='lat' dir='ltr'><strong>intestinis</strong></span> <span class='ocrx_word' id='word_1_25' title='bbox 822 1057 974 1129; x_wconf 85' lang='lat' dir='ltr'><strong>motibus</strong></span> <span class='ocrx_word' id='word_1_26' title='bbox 991 1068 1162 1151; x_wconf 78' lang='lat' dir='ltr'><strong>aegrotat,</strong></span> <span class='ocrx_word' id='word_1_27' title='bbox 1189 1068 1229 1131; x_wconf 90' lang='lat' dir='ltr'><strong>et</strong></span> 
     </span>
     <span class='ocr_line' id='line_1_5' title="bbox 141 1180 1227 1275; baseline 0 -21"><span class='ocrx_word' id='word_1_28' title='bbox 141 1181 289 1275; x_wconf 92' lang='lat' dir='ltr'><strong>propriis</strong></span> <span class='ocrx_word' id='word_1_29' title='bbox 309 1180 458 1250; x_wconf 87' lang='lat' dir='ltr'><strong>flammis</strong></span> <span class='ocrx_word' id='word_1_30' title='bbox 478 1182 587 1251; x_wconf 88' lang='lat' dir='ltr'><strong>ardet.</strong></span> <span class='ocrx_word' id='word_1_31' title='bbox 607 1181 783 1273; x_wconf 77' lang='lat' dir='ltr'><strong>Hispaniae</strong></span> <span class='ocrx_word' id='word_1_32' title='bbox 800 1202 903 1271; x_wconf 77' lang='lat' dir='ltr'><strong>reges</strong></span> <span class='ocrx_word' id='word_1_33' title='bbox 921 1181 954 1250; x_wconf 91' lang='lat' dir='ltr'><strong>in</strong></span> <span class='ocrx_word' id='word_1_34' title='bbox 974 1202 1012 1253; x_wconf 88' lang='lat' dir='ltr'><strong>se</strong></span> <span class='ocrx_word' id='word_1_35' title='bbox 1028 1202 1125 1254; x_wconf 90' lang='lat' dir='ltr'><strong>arma</strong></span> <span class='ocrx_word' id='word_1_36' title='bbox 1143 1201 1227 1254; x_wconf 87' lang='lat' dir='ltr'><strong>vcr-</strong></span> 
     </span>
     <span class='ocr_line' id='line_1_6' title="bbox 143 1302 1227 1398; baseline 0 -23"><span class='ocrx_word' id='word_1_37' title='bbox 143 1312 272 1385; x_wconf 84' lang='lat' dir='ltr'><strong>terunt;</strong></span> <span class='ocrx_word' id='word_1_38' title='bbox 294 1302 447 1373; x_wconf 84' lang='lat' dir='ltr'><strong>Balearis</strong></span> <span class='ocrx_word' id='word_1_39' title='bbox 473 1303 584 1374; x_wconf 90' lang='lat' dir='ltr'><strong>maior</strong></span> <span class='ocrx_word' id='word_1_40' title='bbox 610 1324 729 1395; x_wconf 79' lang='lat' dir='ltr'><strong>regem</strong></span> <span class='ocrx_word' id='word_1_41' title='bbox 756 1325 858 1375; x_wconf 91' lang='lat' dir='ltr'><strong>suum</strong></span> <span class='ocrx_word' id='word_1_42' title='bbox 885 1326 996 1398; x_wconf 87' lang='lat' dir='ltr'><strong>nuper</strong></span> <span class='ocrx_word' id='word_1_43' title='bbox 1021 1304 1164 1375; x_wconf 84' lang='lat' dir='ltr'><strong>exulem</strong></span> <span class='ocrx_word' id='word_1_44' title='bbox 1188 1315 1227 1377; x_wconf 88' lang='lat' dir='ltr'><strong>et</strong></span> 
     </span>
     <span class='ocr_line' id='line_1_7' title="bbox 143 1424 1225 1519; baseline 0.002 -23"><span class='ocrx_word' id='word_1_45' title='bbox 143 1448 226 1498; x_wconf 82' lang='lat' dir='ltr'><strong>mox</strong></span> <span class='ocrx_word' id='word_1_46' title='bbox 247 1424 489 1496; x_wconf 80' lang='lat' dir='ltr'><strong>miserabiliter</strong></span> <span class='ocrx_word' id='word_1_47' title='bbox 508 1425 750 1498; x_wconf 89' lang='lat' dir='ltr'><strong>obtruncatum</strong></span> <span class='ocrx_word' id='word_1_48' title='bbox 773 1426 871 1498; x_wconf 90' lang='lat' dir='ltr'><strong>triste</strong></span> <span class='ocrx_word' id='word_1_49' title='bbox 889 1426 1042 1498; x_wconf 87' lang='lat' dir='ltr'><strong>cadaver</strong></span> <span class='ocrx_word' id='word_1_50' title='bbox 1062 1427 1225 1519; x_wconf 82' lang='lat' dir='ltr'><strong>aspexit3</strong></span> 
     </span>
     <span class='ocr_line' id='line_1_8' title="bbox 142 1547 1226 1640; baseline 0.001 -23"><span class='ocrx_word' id='word_1_51' title='bbox 142 1547 299 1618; x_wconf 89' lang='lat' dir='ltr'><strong>Sardinia</strong></span> <span class='ocrx_word' id='word_1_52' title='bbox 320 1556 356 1617; x_wconf 88' lang='lat' dir='ltr'><strong>et</strong></span> <span class='ocrx_word' id='word_1_53' title='bbox 375 1547 452 1618; x_wconf 86' lang='lat' dir='ltr'><strong>coeli</strong></span> <span class='ocrx_word' id='word_1_54' title='bbox 473 1547 691 1631; x_wconf 83' lang='lat' dir='ltr'><strong>inclementia</strong></span> <span class='ocrx_word' id='word_1_55' title='bbox 715 1557 750 1621; x_wconf 91' lang='lat' dir='ltr'><strong>et</strong></span> <span class='ocrx_word' id='word_1_56' title='bbox 775 1547 866 1640; x_wconf 89' lang='lat' dir='ltr'><strong>turpi</strong></span> <span class='ocrx_word' id='word_1_57' title='bbox 894 1548 1038 1620; x_wconf 88' lang='lat' dir='ltr'><strong>servitio</strong></span> <span class='ocrx_word' id='word_1_58' title='bbox 1066 1548 1226 1631; x_wconf 87' lang='lat' dir='ltr'><strong>laborat;</strong></span> 
     </span>
     <span class='ocr_line' id='line_1_9' title="bbox 144 1669 1228 1763; baseline -0.002 -22"><span class='ocrx_word' id='word_1_59' title='bbox 144 1669 284 1743; x_wconf 85' lang='lat' dir='ltr'><strong>Corsica</strong></span> <span class='ocrx_word' id='word_1_60' title='bbox 316 1670 462 1741; x_wconf 91' lang='lat' dir='ltr'><strong>horrens</strong></span> <span class='ocrx_word' id='word_1_61' title='bbox 495 1680 531 1741; x_wconf 88' lang='lat' dir='ltr'><strong>et</strong></span> <span class='ocrx_word' id='word_1_62' title='bbox 563 1671 736 1763; x_wconf 90' lang='lat' dir='ltr'><strong>squalida:</strong></span> <span class='ocrx_word' id='word_1_63' title='bbox 766 1671 988 1762; x_wconf 85' lang='lat' dir='ltr'><strong>minoresque</strong></span> <span class='ocrx_word' id='word_1_64' title='bbox 1013 1669 1091 1741; x_wconf 84' lang='lat' dir='ltr'><strong>aliae</strong></span> <span class='ocrx_word' id='word_1_65' title='bbox 1116 1670 1228 1742; x_wconf 87' lang='lat' dir='ltr'><strong>nostri</strong></span> 
     </span>
     <span class='ocr_line' id='line_1_10' title="bbox 144 1791 1229 1885; baseline 0.002 -22"><span class='ocrx_word' id='word_1_66' title='bbox 144 1793 251 1867; x_wconf 88' lang='lat' dir='ltr'><strong>maris</strong></span> <span class='ocrx_word' id='word_1_67' title='bbox 277 1794 402 1864; x_wconf 83' lang='lat' dir='ltr'><strong>insulae</strong></span> <span class='ocrx_word' id='word_1_68' title='bbox 428 1792 618 1885; x_wconf 88' lang='lat' dir='ltr'><strong>piratarum</strong></span> <span class='ocrx_word' id='word_1_69' title='bbox 640 1791 837 1864; x_wconf 89' lang='lat' dir='ltr'><strong>incursibus</strong></span> <span class='ocrx_word' id='word_1_70' title='bbox 863 1792 1009 1863; x_wconf 81' lang='lat' dir='ltr'><strong>infames</strong></span> <span class='ocrx_word' id='word_1_71' title='bbox 1035 1802 1141 1884; x_wconf 88' lang='lat' dir='ltr'><strong>atque</strong></span> <span class='ocrx_word' id='word_1_72' title='bbox 1166 1814 1229 1865; x_wconf 90' lang='lat' dir='ltr'><strong>su·</strong></span> 
     </span>
     <span class='ocr_line' id='line_1_11' title="bbox 145 1914 1229 2011; baseline -0.004 -21"><span class='ocrx_word' id='word_1_73' title='bbox 145 1929 275 2011; x_wconf 83' lang='lat' dir='ltr'><strong>speotae</strong></span> <span class='ocrx_word' id='word_1_74' title='bbox 293 1925 394 1987; x_wconf 89' lang='lat' dir='ltr'><strong>sunt:</strong></span> <span class='ocrx_word' id='word_1_75' title='bbox 417 1914 591 1986; x_wconf 80' lang='lat' dir='ltr'><strong>Trinacria</strong></span> <span class='ocrx_word' id='word_1_76' title='bbox 611 1925 681 1986; x_wconf 92' lang='lat' dir='ltr'><strong>tota</strong></span> <span class='ocrx_word' id='word_1_77' title='bbox 698 1915 810 1985; x_wconf 86' lang='lat' dir='ltr'><strong>AEtnae</strong></span> <span class='ocrx_word' id='word_1_78' title='bbox 827 1914 950 1986; x_wconf 87' lang='lat' dir='ltr'><strong>similis</strong></span> <span class='ocrx_word' id='word_1_79' title='bbox 971 1914 1135 1986; x_wconf 88' lang='lat' dir='ltr'><strong>aestuanti</strong></span> <span class='ocrx_word' id='word_1_80' title='bbox 1154 1936 1229 1986; x_wconf 94' lang='lat' dir='ltr'><strong>ma-</strong></span> 
     </span>
     <span class='ocr_line' id='line_1_12' title="bbox 145 2036 1227 2132; baseline -0.002 -21"><span class='ocrx_word' id='word_1_81' title='bbox 145 2042 222 2132; x_wconf 81' lang='lat' dir='ltr'><strong>gnis</strong></span> <span class='ocrx_word' id='word_1_82' title='bbox 243 2040 401 2111; x_wconf 91' lang='lat' dir='ltr'><strong>odiorum</strong></span> <span class='ocrx_word' id='word_1_83' title='bbox 424 2038 573 2110; x_wconf 86' lang='lat' dir='ltr'><strong>tlammis</strong></span> <span class='ocrx_word' id='word_1_84' title='bbox 593 2038 716 2121; x_wconf 88' lang='lat' dir='ltr'><strong>uritur,</strong></span> <span class='ocrx_word' id='word_1_85' title='bbox 738 2047 837 2109; x_wconf 90' lang='lat' dir='ltr'><strong>etan</strong></span> <span class='ocrx_word' id='word_1_86' title='bbox 860 2036 938 2109; x_wconf 89' lang='lat' dir='ltr'><strong>itala</strong></span> <span class='ocrx_word' id='word_1_87' title='bbox 959 2057 1040 2108; x_wconf 88' lang='lat' dir='ltr'><strong>esse</strong></span> <span class='ocrx_word' id='word_1_88' title='bbox 1062 2037 1158 2108; x_wconf 90' lang='lat' dir='ltr'><strong>malit</strong></span> <span class='ocrx_word' id='word_1_89' title='bbox 1181 2058 1227 2109; x_wconf 90' lang='lat' dir='ltr'><strong>an</strong></span> 
     </span>
     <span class='ocr_line' id='line_1_13' title="bbox 145 2159 1228 2254; baseline 0 -22"><span class='ocrx_word' id='word_1_90' title='bbox 145 2163 292 2254; x_wconf 88' lang='lat' dir='ltr'><strong>hispana</strong></span> <span class='ocrx_word' id='word_1_91' title='bbox 312 2161 524 2243; x_wconf 77' lang='lat' dir='ltr'><strong>deliberem,</strong></span> <span class='ocrx_word' id='word_1_92' title='bbox 547 2159 684 2231; x_wconf 89' lang='lat' dir='ltr'><strong>interim</strong></span> <span class='ocrx_word' id='word_1_93' title='bbox 706 2170 830 2231; x_wconf 85' lang='lat' dir='ltr'><strong>neutra</strong></span> <span class='ocrx_word' id='word_1_94' title='bbox 845 2168 901 2230; x_wconf 86' lang='lat' dir='ltr'><strong>est</strong></span> <span class='ocrx_word' id='word_1_95' title='bbox 917 2159 1110 2231; x_wconf 88' lang='lat' dir='ltr'><strong>animorum</strong></span> <span class='ocrx_word' id='word_1_96' title='bbox 1134 2169 1228 2232; x_wconf 90' lang='lat' dir='ltr'><strong>statu</strong></span> 
     </span>
     <span class='ocr_line' id='line_1_14' title="bbox 145 2281 1229 2376; baseline -0.004 -20"><span class='ocrx_word' id='word_1_97' title='bbox 145 2281 263 2365; x_wconf 91' lang='lat' dir='ltr'><strong>dubio,</strong></span> <span class='ocrx_word' id='word_1_98' title='bbox 287 2282 458 2353; x_wconf 89' lang='lat' dir='ltr'><strong>servitute</strong></span> <span class='ocrx_word' id='word_1_99' title='bbox 478 2291 573 2351; x_wconf 88' lang='lat' dir='ltr'><strong>certa</strong></span> <span class='ocrx_word' id='word_1_100' title='bbox 594 2290 630 2350; x_wconf 92' lang='lat' dir='ltr'><strong>et</strong></span> <span class='ocrx_word' id='word_1_101' title='bbox 650 2282 807 2375; x_wconf 82' lang='lat' dir='ltr'><strong>indigne,</strong></span> <span class='ocrx_word' id='word_1_102' title='bbox 830 2283 897 2353; x_wconf 90' lang='lat' dir='ltr'><strong>nisi</strong></span> <span class='ocrx_word' id='word_1_103' title='bbox 916 2283 997 2376; x_wconf 88' lang='lat' dir='ltr'><strong>quia</strong></span> <span class='ocrx_word' id='word_1_104' title='bbox 1019 2281 1154 2353; x_wconf 87' lang='lat' dir='ltr'><strong>servire</strong></span> <span class='ocrx_word' id='word_1_105' title='bbox 1174 2282 1229 2354; x_wconf 90' lang='lat' dir='ltr'><strong>di-</strong></span> 
     </span>
     <span class='ocr_line' id='line_1_15' title="bbox 145 2402 1318 2501; baseline 0.005 -28"><span class='ocrx_word' id='word_1_106' title='bbox 145 2424 237 2495; x_wconf 76' lang='lat' dir='ltr'><strong>gnus</strong></span> <span class='ocrx_word' id='word_1_107' title='bbox 258 2403 393 2495; x_wconf 87' lang='lat' dir='ltr'><strong>estqui</strong></span> <span class='ocrx_word' id='word_1_108' title='bbox 414 2402 502 2473; x_wconf 86' lang='lat' dir='ltr'><strong>liber</strong></span> <span class='ocrx_word' id='word_1_109' title='bbox 521 2423 601 2474; x_wconf 89' lang='lat' dir='ltr'><strong>esse</strong></span> <span class='ocrx_word' id='word_1_110' title='bbox 622 2425 689 2474; x_wconf 91' lang='lat' dir='ltr'><strong>non</strong></span> <span class='ocrx_word' id='word_1_111' title='bbox 712 2406 797 2477; x_wconf 88' lang='lat' dir='ltr'><strong>vult.</strong></span> <span class='ocrx_word' id='word_1_112' title='bbox 817 2403 961 2477; x_wconf 88' lang='lat' dir='ltr'><strong>Rhodus</strong></span> <span class='ocrx_word' id='word_1_113' title='bbox 984 2404 1063 2477; x_wconf 89' lang='lat' dir='ltr'><strong>fidei</strong></span> <span class='ocrx_word' id='word_1_114' title='bbox 1083 2407 1228 2501; x_wconf 79' lang='lat' dir='ltr'><strong>clypeus</strong></span> <span class='ocrx_word' id='word_1_115' title='bbox 1315 2402 1318 2407; x_wconf 73' lang='grc'><strong>’</strong></span> 
     </span>
     <span class='ocr_line' id='line_1_16' title="bbox 147 2525 1226 2620; baseline 0.001 -22"><span class='ocrx_word' id='word_1_116' title='bbox 147 2527 223 2598; x_wconf 91' lang='lat' dir='ltr'><strong>sine</strong></span> <span class='ocrx_word' id='word_1_117' title='bbox 235 2528 380 2597; x_wconf 90' lang='lat' dir='ltr'><strong>vulnere</strong></span> <span class='ocrx_word' id='word_1_118' title='bbox 398 2525 486 2597; x_wconf 88' lang='lat' dir='ltr'><strong>iacet</strong></span> <span class='ocrx_word' id='word_1_119' title='bbox 503 2525 685 2618; x_wconf 79' lang='lat' dir='ltr'><strong>inglorias:</strong></span> <span class='ocrx_word' id='word_1_120' title='bbox 704 2528 803 2597; x_wconf 84' lang='lat' dir='ltr'><strong>Creta</strong></span> <span class='ocrx_word' id='word_1_121' title='bbox 820 2537 923 2598; x_wconf 85' lang='lat' dir='ltr'><strong>vetus</strong></span> <span class='ocrx_word' id='word_1_122' title='bbox 942 2527 1226 2620; x_wconf 86' lang='lat' dir='ltr'><strong>superstitionum</strong></span> 
     </span>
     <span class='ocr_line' id='line_1_17' title="bbox 146 2647 1227 2745; baseline -0.003 -23"><span class='ocrx_word' id='word_1_123' title='bbox 146 2650 286 2734; x_wconf 90' lang='lat' dir='ltr'><strong>domus,</strong></span> <span class='ocrx_word' id='word_1_124' title='bbox 309 2650 387 2720; x_wconf 91' lang='lat' dir='ltr'><strong>aliis</strong></span> <span class='ocrx_word' id='word_1_125' title='bbox 408 2648 510 2731; x_wconf 85' lang='lat' dir='ltr'><strong>vivit;</strong></span> <span class='ocrx_word' id='word_1_126' title='bbox 531 2650 664 2721; x_wconf 88' lang='lat' dir='ltr'><strong>Graecia</strong></span> <span class='ocrx_word' id='word_1_127' title='bbox 685 2647 749 2719; x_wconf 92' lang='lat' dir='ltr'><strong>sibi</strong></span> <span class='ocrx_word' id='word_1_128' title='bbox 770 2658 857 2734; x_wconf 90' lang='lat' dir='ltr'><strong>arat,</strong></span> <span class='ocrx_word' id='word_1_129' title='bbox 881 2648 945 2720; x_wconf 93' lang='lat' dir='ltr'><strong>sibi</strong></span> <span class='ocrx_word' id='word_1_130' title='bbox 964 2659 1138 2745; x_wconf 86' lang='lat' dir='ltr'><strong>amputat,</strong></span> <span class='ocrx_word' id='word_1_131' title='bbox 1160 2650 1227 2722; x_wconf 89' lang='lat' dir='ltr'><strong>sibi</strong></span> 
     </span>
     <span class='ocr_line' id='line_1_18' title="bbox 147 2770 1229 2866; baseline 0 -23"><span class='ocrx_word' id='word_1_132' title='bbox 147 2773 296 2857; x_wconf 80' lang='lat' dir='ltr'><strong>triturat,</strong></span> <span class='ocrx_word' id='word_1_133' title='bbox 313 2771 379 2844; x_wconf 92' lang='lat' dir='ltr'><strong>sibi</strong></span> <span class='ocrx_word' id='word_1_134' title='bbox 393 2773 515 2866; x_wconf 90' lang='lat' dir='ltr'><strong>pascit,</strong></span> <span class='ocrx_word' id='word_1_135' title='bbox 532 2771 717 2863; x_wconf 87' lang='lat' dir='ltr'><strong>cibumque</strong></span> <span class='ocrx_word' id='word_1_136' title='bbox 733 2770 855 2843; x_wconf 89' lang='lat' dir='ltr'><strong>salutis</strong></span> <span class='ocrx_word' id='word_1_137' title='bbox 871 2773 959 2843; x_wconf 87' lang='lat' dir='ltr'><strong>male</strong></span> <span class='ocrx_word' id='word_1_138' title='bbox 973 2772 1152 2843; x_wconf 89' lang='lat' dir='ltr'><strong>ruminans</strong></span> <span class='ocrx_word' id='word_1_139' title='bbox 1165 2792 1229 2843; x_wconf 91' lang='lat' dir='ltr'><strong>no-</strong></span> 
     </span>
     <span class='ocr_line' id='line_1_19' title="bbox 147 2891 1229 2989; baseline -0.001 -23"><span class='ocrx_word' id='word_1_140' title='bbox 147 2904 258 2966; x_wconf 93' lang='lat' dir='ltr'><strong>strum</strong></span> <span class='ocrx_word' id='word_1_141' title='bbox 277 2914 435 2989; x_wconf 86' lang='lat' dir='ltr'><strong>praesepe</strong></span> <span class='ocrx_word' id='word_1_142' title='bbox 451 2893 616 2967; x_wconf 85' lang='lat' dir='ltr'><strong>desernit.</strong></span> <span class='ocrx_word' id='word_1_143' title='bbox 636 2893 674 2961; x_wconf 95' lang='lat' dir='ltr'><strong>ln</strong></span> <span class='ocrx_word' id='word_1_144' title='bbox 696 2892 838 2985; x_wconf 91' lang='lat' dir='ltr'><strong>reliquis</strong></span> <span class='ocrx_word' id='word_1_145' title='bbox 859 2892 1008 2987; x_wconf 76' lang='lat' dir='ltr'><strong>Europae</strong></span> <span class='ocrx_word' id='word_1_146' title='bbox 1027 2891 1229 2985; x_wconf 84' lang='lat' dir='ltr'><strong>regionibus</strong></span> 
     </span>
     <span class='ocr_line' id='line_1_20' title="bbox 148 3014 1231 3111; baseline -0.003 -22"><span class='ocrx_word' id='word_1_147' title='bbox 148 3015 308 3089; x_wconf 88' lang='lat' dir='ltr'><strong>Christus</strong></span> <span class='ocrx_word' id='word_1_148' title='bbox 321 3018 377 3087; x_wconf 92' lang='lat' dir='ltr'><strong>vel</strong></span> <span class='ocrx_word' id='word_1_149' title='bbox 397 3017 592 3109; x_wconf 79' lang='lat' dir='ltr'><strong>incognitus</strong></span> <span class='ocrx_word' id='word_1_150' title='bbox 611 3017 667 3086; x_wconf 89' lang='lat' dir='ltr'><strong>vel</strong></span> <span class='ocrx_word' id='word_1_151' title='bbox 685 3014 820 3086; x_wconf 89' lang='lat' dir='ltr'><strong>invisus</strong></span> <span class='ocrx_word' id='word_1_152' title='bbox 838 3023 903 3085; x_wconf 88' lang='lat' dir='ltr'><strong>est.</strong></span> <span class='ocrx_word' id='word_1_153' title='bbox 923 3016 1059 3111; x_wconf 77' lang='lat' dir='ltr'><strong>Cyprus</strong></span> <span class='ocrx_word' id='word_1_154' title='bbox 1074 3016 1156 3109; x_wconf 89' lang='lat' dir='ltr'><strong>qaia</strong></span> <span class='ocrx_word' id='word_1_155' title='bbox 1173 3036 1231 3086; x_wconf 87' lang='lat' dir='ltr'><strong>ar-</strong></span> 
     </span>
     <span class='ocr_line' id='line_1_21' title="bbox 148 3134 1231 3230; baseline 0 -20"><span class='ocrx_word' id='word_1_156' title='bbox 148 3150 240 3211; x_wconf 90' lang='lat' dir='ltr'><strong>mato</strong></span> <span class='ocrx_word' id='word_1_157' title='bbox 251 3141 351 3212; x_wconf 87' lang='lat' dir='ltr'><strong>hoste</strong></span> <span class='ocrx_word' id='word_1_158' title='bbox 363 3134 495 3224; x_wconf 86' lang='lat' dir='ltr'><strong>carens,</strong></span> <span class='ocrx_word' id='word_1_159' title='bbox 508 3138 628 3210; x_wconf 89' lang='lat' dir='ltr'><strong>inermi</strong></span> <span class='ocrx_word' id='word_1_160' title='bbox 642 3137 804 3230; x_wconf 77' lang='lat' dir='ltr'><strong>mollique</strong></span> <span class='ocrx_word' id='word_1_161' title='bbox 818 3138 901 3223; x_wconf 89' lang='lat' dir='ltr'><strong>otio,</strong></span> <span class='ocrx_word' id='word_1_162' title='bbox 919 3140 1110 3230; x_wconf 89' lang='lat' dir='ltr'><strong>voluptate,</strong></span> <span class='ocrx_word' id='word_1_163' title='bbox 1128 3139 1231 3210; x_wconf 87' lang='lat' dir='ltr'><strong>laxu-</strong></span> 
     </span>
     <span class='ocr_line' id='line_1_22' title="bbox 149 3257 1229 3354; baseline -0.003 -21"><span class='ocrx_word' id='word_1_164' title='bbox 149 3262 208 3345; x_wconf 92' lang='lat' dir='ltr'><strong>ria,</strong></span> <span class='ocrx_word' id='word_1_165' title='bbox 224 3263 324 3334; x_wconf 91' lang='lat' dir='ltr'><strong>malis</strong></span> <span class='ocrx_word' id='word_1_166' title='bbox 343 3260 503 3334; x_wconf 89' lang='lat' dir='ltr'><strong>hostibus</strong></span> <span class='ocrx_word' id='word_1_167' title='bbox 521 3271 755 3354; x_wconf 79' lang='lat' dir='ltr'><strong>oppugnatur,</strong></span> <span class='ocrx_word' id='word_1_168' title='bbox 772 3258 848 3329; x_wconf 89' lang='lat' dir='ltr'><strong>viro</strong></span> <span class='ocrx_word' id='word_1_169' title='bbox 862 3259 939 3329; x_wconf 84' lang='lat' dir='ltr'><strong>lorti</strong></span> <span class='ocrx_word' id='word_1_170' title='bbox 958 3258 1060 3331; x_wconf 90' lang='lat' dir='ltr'><strong>sedes</strong></span> <span class='ocrx_word' id='word_1_171' title='bbox 1075 3257 1229 3343; x_wconf 87' lang='lat' dir='ltr'><strong>inabilis;</strong></span> 
     </span>
     <span class='ocr_line' id='line_1_23' title="bbox 151 3377 1231 3473; baseline 0 -21"><span class='ocrx_word' id='word_1_172' title='bbox 151 3383 261 3452; x_wconf 91' lang='lat' dir='ltr'><strong>minor</strong></span> <span class='ocrx_word' id='word_1_173' title='bbox 272 3380 436 3451; x_wconf 80' lang='lat' dir='ltr'><strong>Armenia</strong></span> <span class='ocrx_word' id='word_1_174' title='bbox 448 3381 602 3473; x_wconf 89' lang='lat' dir='ltr'><strong>undique</strong></span> <span class='ocrx_word' id='word_1_175' title='bbox 615 3381 729 3452; x_wconf 91' lang='lat' dir='ltr'><strong>crucis</strong></span> <span class='ocrx_word' id='word_1_176' title='bbox 744 3379 790 3450; x_wconf 89' lang='lat' dir='ltr'><strong>ab</strong></span> <span class='ocrx_word' id='word_1_177' title='bbox 802 3377 962 3450; x_wconf 90' lang='lat' dir='ltr'><strong>hostibus</strong></span> <span class='ocrx_word' id='word_1_178' title='bbox 976 3378 1125 3451; x_wconf 91' lang='lat' dir='ltr'><strong>obsessa</strong></span> <span class='ocrx_word' id='word_1_179' title='bbox 1139 3379 1231 3452; x_wconf 84' lang='lat' dir='ltr'><strong>inter</strong></span> 
     </span>
     <span class='ocr_line' id='line_1_24' title="bbox 151 3501 1232 3598; baseline 0.001 -24"><span class='ocrx_word' id='word_1_180' title='bbox 151 3503 347 3598; x_wconf 84' lang='lat' dir='ltr'><strong>temporalis</strong></span> <span class='ocrx_word' id='word_1_181' title='bbox 359 3513 395 3574; x_wconf 87' lang='lat' dir='ltr'><strong>et</strong></span> <span class='ocrx_word' id='word_1_182' title='bbox 407 3511 550 3575; x_wconf 75' lang='lat' dir='ltr'><strong>aeternae</strong></span> <span class='ocrx_word' id='word_1_183' title='bbox 563 3504 682 3574; x_wconf 91' lang='lat' dir='ltr'><strong>mortis</strong></span> <span class='ocrx_word' id='word_1_184' title='bbox 700 3501 887 3596; x_wconf 88' lang='lat' dir='ltr'><strong>periculum</strong></span> <span class='ocrx_word' id='word_1_185' title='bbox 901 3501 1054 3573; x_wconf 86' lang='lat' dir='ltr'><strong>fluctuat.</strong></span> <span class='ocrx_word' id='word_1_186' title='bbox 1070 3502 1176 3574; x_wconf 91' lang='lat' dir='ltr'><strong>Ortus</strong></span> <span class='ocrx_word' id='word_1_187' title='bbox 1190 3525 1232 3575; x_wconf 91' lang='lat' dir='ltr'><strong>ac</strong></span> 
     </span>
     <span class='ocr_line' id='line_1_25' title="bbox 151 3622 1233 3720; baseline 0 -23"><span class='ocrx_word' id='word_1_188' title='bbox 151 3625 371 3720; x_wconf 88' lang='lat' dir='ltr'><strong>sepulchrum</strong></span> <span class='ocrx_word' id='word_1_189' title='bbox 389 3623 522 3693; x_wconf 86' lang='lat' dir='ltr'><strong>Domini</strong></span> <span class='ocrx_word' id='word_1_190' title='bbox 539 3622 668 3714; x_wconf 82' lang='lat' dir='ltr'><strong>duplex</strong></span> <span class='ocrx_word' id='word_1_191' title='bbox 686 3623 960 3695; x_wconf 87' lang='lat' dir='ltr'><strong>Christianorum</strong></span> <span class='ocrx_word' id='word_1_192' title='bbox 979 3635 1100 3717; x_wconf 90' lang='lat' dir='ltr'><strong>portus</strong></span> <span class='ocrx_word' id='word_1_193' title='bbox 1118 3647 1159 3697; x_wconf 91' lang='lat' dir='ltr'><strong>ac</strong></span> <span class='ocrx_word' id='word_1_194' title='bbox 1176 3644 1233 3697; x_wconf 68' lang='lat' dir='ltr'><strong>re</strong></span> 
     </span>
     <span class='ocr_line' id='line_1_26' title="bbox 151 3742 1234 3840; baseline 0.001 -22"><span class='ocrx_word' id='word_1_195' title='bbox 151 3748 267 3840; x_wconf 88' lang='lat' dir='ltr'><strong>quies,</strong></span> <span class='ocrx_word' id='word_1_196' title='bbox 282 3766 407 3816; x_wconf 88' lang='lat' dir='ltr'><strong>canum</strong></span> <span class='ocrx_word' id='word_1_197' title='bbox 425 3742 573 3839; x_wconf 87' lang='lat' dir='ltr'><strong>pedibus</strong></span> <span class='ocrx_word' id='word_1_198' title='bbox 594 3745 847 3829; x_wconf 80' lang='lat' dir='ltr'><strong>conculcantur,</strong></span> <span class='ocrx_word' id='word_1_199' title='bbox 864 3768 929 3818; x_wconf 90' lang='lat' dir='ltr'><strong>nec</strong></span> <span class='ocrx_word' id='word_1_200' title='bbox 950 3755 1045 3818; x_wconf 92' lang='lat' dir='ltr'><strong>tutus</strong></span> <span class='ocrx_word' id='word_1_201' title='bbox 1063 3758 1125 3820; x_wconf 91' lang='lat' dir='ltr'><strong>aut</strong></span> <span class='ocrx_word' id='word_1_202' title='bbox 1145 3746 1234 3819; x_wconf 89' lang='lat' dir='ltr'><strong>liber</strong></span> 
     </span>
     <span class='ocr_line' id='line_1_27' title="bbox 150 3864 1233 3962; baseline -0.003 -23"><span class='ocrx_word' id='word_1_203' title='bbox 150 3890 193 3940; x_wconf 87' lang='lat' dir='ltr'><strong>ea</strong></span> <span class='ocrx_word' id='word_1_204' title='bbox 213 3871 287 3939; x_wconf 89' lang='lat' dir='ltr'><strong>loca</strong></span> <span class='ocrx_word' id='word_1_205' title='bbox 307 3864 501 3960; x_wconf 88' lang='lat' dir='ltr'><strong>petentibus</strong></span> <span class='ocrx_word' id='word_1_206' title='bbox 522 3886 686 3937; x_wconf 91' lang='lat' dir='ltr'><strong>accessus</strong></span> <span class='ocrx_word' id='word_1_207' title='bbox 709 3876 811 3957; x_wconf 85' lang='lat' dir='ltr'><strong>patet.</strong></span> <span class='ocrx_word' id='word_1_208' title='bbox 834 3869 958 3962; x_wconf 81' lang='lat' dir='ltr'><strong>lugens</strong></span> <span class='ocrx_word' id='word_1_209' title='bbox 980 3869 1099 3941; x_wconf 88' lang='lat' dir='ltr'><strong>saeculi</strong></span> <span class='ocrx_word' id='word_1_210' title='bbox 1121 3867 1233 3941; x_wconf 91' lang='lat' dir='ltr'><strong>nostri</strong></span> 
     </span>
     <span class='ocr_line' id='line_1_28' title="bbox 151 3990 1230 4084; baseline 0.001 -24"><span class='ocrx_word' id='word_1_211' title='bbox 151 3990 281 4060; x_wconf 88' lang='lat' dir='ltr'><strong>crimen</strong></span> <span class='ocrx_word' id='word_1_212' title='bbox 302 3990 480 4084; x_wconf 89' lang='lat' dir='ltr'><strong>pudorque</strong></span> <span class='ocrx_word' id='word_1_213' title='bbox 502 3998 706 4083; x_wconf 81' lang='lat' dir='ltr'><strong>perpetuus3</strong></span> <span class='ocrx_word' id='word_1_214' title='bbox 729 4010 808 4060; x_wconf 92' lang='lat' dir='ltr'><strong>nam</strong></span> <span class='ocrx_word' id='word_1_215' title='bbox 827 3991 894 4062; x_wconf 89' lang='lat' dir='ltr'><strong>nisi</strong></span> <span class='ocrx_word' id='word_1_216' title='bbox 913 3992 1038 4062; x_wconf 93' lang='lat' dir='ltr'><strong>mortni</strong></span> <span class='ocrx_word' id='word_1_217' title='bbox 1055 4011 1230 4075; x_wconf 88' lang='lat' dir='ltr'><strong>essemus,</strong></span> 
     </span>
     <span class='ocr_line' id='line_1_29' title="bbox 153 4110 1233 4206; baseline 0.004 -28"><span class='ocrx_word' id='word_1_218' title='bbox 153 4131 245 4181; x_wconf 89' lang='lat' dir='ltr'><strong>mors</strong></span> <span class='ocrx_word' id='word_1_219' title='bbox 271 4112 351 4183; x_wconf 89' lang='lat' dir='ltr'><strong>huic</strong></span> <span class='ocrx_word' id='word_1_220' title='bbox 376 4113 573 4206; x_wconf 73' lang='lat' dir='ltr'><strong>ignominiae</strong></span> <span class='ocrx_word' id='word_1_221' title='bbox 601 4110 814 4204; x_wconf 79' lang='lat' dir='ltr'><strong>praeferenda</strong></span> <span class='ocrx_word' id='word_1_222' title='bbox 840 4121 946 4183; x_wconf 86' lang='lat' dir='ltr'><strong>esset.</strong></span> <span class='ocrx_word' id='word_1_223' title='bbox 974 4113 1086 4183; x_wconf 85' lang='lat' dir='ltr'><strong>Taceo</strong></span> <span class='ocrx_word' id='word_1_224' title='bbox 1111 4110 1233 4183; x_wconf 84' lang='lat' dir='ltr'><strong>Asiam</strong></span> 
     </span>
     <span class='ocr_line' id='line_1_30' title="bbox 152 4233 1234 4328; baseline 0.003 -26"><span class='ocrx_word' id='word_1_225' title='bbox 152 4244 255 4303; x_wconf 87' lang='lat' dir='ltr'><strong>totam</strong></span> <span class='ocrx_word' id='word_1_226' title='bbox 271 4243 375 4327; x_wconf 89' lang='lat' dir='ltr'><strong>atque</strong></span> <span class='ocrx_word' id='word_1_227' title='bbox 388 4235 555 4318; x_wconf 82' lang='lat' dir='ltr'><strong>Africam,</strong></span> <span class='ocrx_word' id='word_1_228' title='bbox 574 4255 654 4328; x_wconf 83' lang='lat' dir='ltr'><strong>quae</strong></span> <span class='ocrx_word' id='word_1_229' title='bbox 672 4233 749 4305; x_wconf 85' lang='lat' dir='ltr'><strong>licet</strong></span> <span class='ocrx_word' id='word_1_230' title='bbox 766 4234 987 4305; x_wconf 91' lang='lat' dir='ltr'><strong>historiarum</strong></span> <span class='ocrx_word' id='word_1_231' title='bbox 1008 4233 1077 4308; x_wconf 87' lang='lat' dir='ltr'><strong>fide</strong></span> <span class='ocrx_word' id='word_1_232' title='bbox 1093 4257 1133 4306; x_wconf 88' lang='lat' dir='ltr'><strong>ac</strong></span> <span class='ocrx_word' id='word_1_233' title='bbox 1152 4256 1234 4306; x_wconf 91' lang='lat' dir='ltr'><strong>san-</strong></span> 
     </span>
     <span class='ocr_line' id='line_1_31' title="bbox 151 4355 1236 4450; baseline 0.001 -23"><span class='ocrx_word' id='word_1_234' title='bbox 151 4364 283 4428; x_wconf 85' lang='lat' dir='ltr'><strong>ctorum</strong></span> <span class='ocrx_word' id='word_1_235' title='bbox 306 4357 502 4429; x_wconf 85' lang='lat' dir='ltr'><strong>testimonio</strong></span> <span class='ocrx_word' id='word_1_236' title='bbox 522 4356 711 4450; x_wconf 86' lang='lat' dir='ltr'><strong>probentur</strong></span> <span class='ocrx_word' id='word_1_237' title='bbox 732 4355 860 4427; x_wconf 89' lang='lat' dir='ltr'><strong>Christi</strong></span> <span class='ocrx_word' id='word_1_238' title='bbox 881 4355 963 4448; x_wconf 79' lang='lat' dir='ltr'><strong>iugo</strong></span> <span class='ocrx_word' id='word_1_239' title='bbox 984 4357 1094 4427; x_wconf 86' lang='lat' dir='ltr'><strong>luisse</strong></span> <span class='ocrx_word' id='word_1_240' title='bbox 1115 4355 1236 4428; x_wconf 88' lang='lat' dir='ltr'><strong>subie-</strong></span> 
     </span>
     <span class='ocr_line' id='line_1_32' title="bbox 151 4478 1233 4571; baseline 0 -23"><span class='ocrx_word' id='word_1_241' title='bbox 151 4490 228 4564; x_wconf 84' lang='lat' dir='ltr'><strong>ctae,</strong></span> <span class='ocrx_word' id='word_1_242' title='bbox 251 4480 417 4553; x_wconf 88' lang='lat' dir='ltr'><strong>damnum</strong></span> <span class='ocrx_word' id='word_1_243' title='bbox 432 4491 546 4551; x_wconf 68' lang='lat' dir='ltr'><strong>amen</strong></span> <span class='ocrx_word' id='word_1_244' title='bbox 561 4489 668 4551; x_wconf 88' lang='lat' dir='ltr'><strong>tractu</strong></span> <span class='ocrx_word' id='word_1_245' title='bbox 692 4479 857 4571; x_wconf 86' lang='lat' dir='ltr'><strong>temporis</strong></span> <span class='ocrx_word' id='word_1_246' title='bbox 871 4478 904 4547; x_wconf 89' lang='lat' dir='ltr'><strong>in</strong></span> <span class='ocrx_word' id='word_1_247' title='bbox 919 4478 1233 4551; x_wconf 85' lang='lat' dir='ltr'><strong>dissimulationem</strong></span> 
     </span>
    </p>
   </div>
   <div class='ocr_carea' id='block_1_3' title="bbox 0 0 1388 5062">
    <p class='ocr_par' dir='ltr' id='par_1_3' title="bbox 0 0 1388 5062">
     <span class='ocr_line' id='line_1_33' title="bbox 0 0 1388 5062; baseline 0 0"><span class='ocrx_word' id='word_1_248' title='bbox 0 0 1388 5062; x_wconf 95' lang='lat' dir='ltr'><strong> </strong></span> 
     </span>
    </p>
   </div>
  </div>
 </body>
</html>
