2738 5062
432 752 523 802 ulnsn
544 754 875 807 nonus-semrom
896 761 958 808 xiv.
1192 754 1231 815 55

148 876 308 941 veterum
319 866 465 958 ingenia,
480 892 628 963 quorum
641 873 741 944 nobis
753 874 852 969 copia
865 895 992 967 magna
1005 886 1069 947 est.
1083 880 1232 952 Proinde

144 990 294 1084 quiade
316 990 383 1062 boc
403 990 436 1061 in
459 1012 616 1086 praesens
637 996 731 1088 loqui
752 997 902 1092 amplius
928 1022 997 1071 non
1021 1012 1137 1087 vacat,
1166 1005 1230 1076 lroc

145 1115 206 1186 tibi
228 1114 264 1185 in
291 1114 445 1186 animum
471 1116 617 1202 dimitte,
647 1119 772 1191 mirum
798 1120 833 1191 in
860 1123 1000 1195 modum
1027 1127 1171 1198 auxisse
1197 1139 1229 1199 te

143 1235 333 1307 amicitiam
356 1256 460 1328 quam
484 1259 619 1310 mecum
641 1239 766 1327 habes,
789 1264 850 1335 per
875 1243 911 1316 id
930 1245 1024 1335 quod
1045 1245 1089 1317 de
1111 1246 1230 1317 solitu-

141 1358 225 1430 dine
248 1366 319 1429 tam
340 1357 526 1430 efficaciter
552 1361 745 1455 scripsisti;
767 1365 870 1436 modo
891 1365 973 1435 mihi
999 1388 1230 1460 perseveran-

143 1490 197 1552 ter
216 1491 254 1552 et
274 1479 408 1552 sortiter
429 1480 464 1550 in
485 1481 646 1576 opinione
667 1485 872 1579 perstiteris,
894 1487 991 1558 Vale.

559 1824 737 1889 bristout
758 1825 815 1889 XV.

192 1988 389 2040 uuuuclscus
412 1990 581 2041 Puuutucu
604 1993 762 2043 uutmtuo
784 1995 826 2043 DE
847 1995 1033 2044 Pusunuuuo
1055 1996 1080 2046 S.
1103 1998 1130 2046 P.
1152 1998 1182 2046 D.

210 2148 216 2161 ·
230 2127 347 2183 Librum
362 2127 415 2182 sibi
430 2129 502 2184 milti
516 2135 595 2200 rogat
608 2135 638 2185 et
652 2130 687 2185 dc
702 2137 813 2203 accepto
827 2131 941 2187 consilio
955 2134 1057 2204 gratias
1070 2135 1135 2206 agit.

241 2323 392 2394 Gratiam
416 2323 476 2394 tibi
494 2323 615 2410 habeo,
637 2326 692 2397 vir
711 2325 846 2420 optime,
865 2327 960 2419 quod
978 2336 1011 2398 te
1032 2328 1115 2397 milri
1136 2328 1225 2399 adeo

143 2442 354 2535 morigerum
372 2441 522 2537 praebes.
541 2444 618 2538 Ego
630 2446 721 2517 enim
740 2448 848 2518 multo
864 2447 980 2518 malim
999 2447 1124 2519 studiis
1139 2448 1223 2518 meis
1337 2535 1343 2545 ,

140 2587 247 2659 quam
268 2561 505 2658 voluptatibus
525 2587 626 2658 opem
648 2566 742 2650 serui,
765 2566 928 2659 quamvis
947 2577 983 2637 et
1004 2567 1119 2639 studia
1139 2589 1223 2639 suas

140 2689 338 2781 voluptates
358 2685 509 2758 habeant
526 2686 839 2772 immarcescibiles,
861 2688 1111 2781 honestasque,
1133 2709 1222 2781 quas

140 2809 225 2881 nulli
248 2806 426 2880 hominum
448 2808 599 2880 notiores
625 2809 774 2882 arbitror
793 2831 875 2882 esse
894 2830 998 2901 quam
1020 2807 1091 2878 tibi.
1118 2808 1221 2879 Libro

140 2931 199 3003 illo
218 2929 322 3002 valde
341 2950 428 3021 egeo
448 2930 483 3000 in
503 2931 667 3001 Virorum
688 2930 872 3001 illustrium
889 2929 1062 3019 congerie,
1081 2928 1135 2998 oui
1154 2929 1219 3000 hos

142 3050 306 3124 humeros
327 3052 599 3144 qualescumque
619 3048 761 3121 subieci.
780 3050 848 3120 Oro
870 3069 964 3139 ergo,
987 3048 1127 3132 festina,
1151 3049 1219 3120 scis

141 3198 246 3269 quam
261 3197 379 3247 carum
398 3184 454 3245 ost
471 3185 620 3268 tempus
639 3174 744 3247 horas
763 3184 798 3244 ct
815 3181 990 3244 momenta
1002 3169 1219 3244 libranlibus

140 3300 288 3390 Insuper
303 3305 340 3367 et
359 3318 422 3389 pro
438 3317 481 3368 eo
499 3296 699 3368 nominatim
717 3295 847 3388 gratias
865 3316 940 3385 ago,
958 3293 1053 3387 quod
1074 3314 1129 3363 me
1151 3300 1219 3363 tam

139 3418 247 3490 debiti
268 3419 438 3491 admones
459 3417 583 3489 officii:
611 3417 740 3489 tentavi
762 3427 799 3488 ut
826 3414 1017 3500 suadebas
1039 3416 1134 3509 quod
1159 3438 1221 3510 per

141 3540 334 3637 meipsum
364 3540 538 3625 fecissem,
561 3549 596 3611 et
616 3540 683 3610 iam
709 3562 897 3634 coeperam,
933 3538 996 3611 sed
1024 3538 1218 3610 tarditatem

143 3683 253 3734 meam
274 3662 367 3734 nosti
383 3671 419 3733 et
437 3672 672 3759 contemptum
694 3685 831 3734 rerum:
853 3661 900 3732 ita
921 3663 1013 3732 enim
1035 3661 1117 3731 mihi
1138 3684 1220 3733 eon-

144 3780 251 3875 tingat
268 3784 365 3868 mori,
388 3805 432 3854 ne
452 3792 545 3855 totus
565 3785 701 3871 moriar,
725 3795 762 3855 ut
782 3787 890 3857 mulla
908 3783 1061 3856 versanti
1078 3782 1220 3875 ineptis-

142 3905 230 3979 sima
252 3905 368 3978 labula
400 3914 435 3975 et
459 3926 604 3997 prorsus
637 3906 739 3979 inane
768 3907 939 3981 somnium
972 3905 1111 3977 videtur
1147 3907 1218 3976 lere

141 4027 309 4122 quidquid
329 4029 365 4098 in
386 4026 488 4098 torris
508 4028 632 4118 agitur.
654 4030 808 4102 Stimulis
829 4051 915 4121 ergo
934 4050 1023 4124 opus
1044 4037 1134 4110 crat;
1153 4028 1217 4098 hos

141 4148 225 4219 mihi
247 4170 385 4219 morum
419 4169 576 4220 meorum
602 4151 741 4222 conscia
768 4160 826 4221 tua
847 4148 934 4220 lidos
965 4148 1144 4221 adhibuit:
1172 4151 1217 4223 de

140 4279 269 4341 eventu
281 4268 411 4340 viderit
423 4271 576 4343 fortuna:
591 4272 655 4343 sed
668 4271 751 4365 quid
765 4273 910 4362 loquor‘l
921 4268 1011 4340 Nihil
1025 4271 1116 4342 illam
1136 4294 1217 4344 esse

140 4390 243 4464 didici
258 4401 385 4484 praelcr
402 4391 533 4463 nudum
551 4414 689 4476 nomeu,
704 4402 740 4464 et
752 4392 934 4485 praevaluit
946 4392 1039 4484 apud
1053 4415 1107 4464 rue
1123 4392 1216 4463 Graii
1297 4437 1303 4447 ·

139 4516 229 4587 vatis
250 4515 450 4588 auctoritas.
461 4516 605 4588 «Viderit
620 4537 705 4606 ergo
724 4516 817 4585 Deus
837 4516 1053 4608 omnipotens
1075 4515 1130 4586 cui
1150 4515 1218 4584 Da-
