2738 5062
144 635 201 695 tor!
480 652 521 699 ou
542 653 643 701 nesus
663 653 884 704 Fallltllltlltlls

143 786 242 869 xilio;
272 809 448 878 uunquam
482 787 574 857 enim
607 789 788 860 defuturos
821 790 969 862 arbitror
993 792 1053 884 qui
1078 793 1122 865 ad
1152 792 1219 867 boc

144 930 250 978 unum
279 907 448 999 ingeniosi
482 909 564 992 sint,
599 918 638 980 ut
669 909 789 981 alienis
821 910 1027 982 insidientur
1056 911 1216 1005 ingeniis.

143 1032 242 1102 Certe
258 1050 324 1120 ego
342 1051 405 1099 nee
426 1028 565 1101 latebris
591 1053 655 1103 neo
680 1031 864 1106 solitudine
888 1043 924 1104 et
948 1032 1019 1104 otio
1045 1055 1110 1105 nec
1134 1057 1220 1129 erga

143 1152 227 1223 alios
245 1163 404 1223 accurata
422 1151 593 1223 modestia
613 1154 737 1224 mereri
756 1154 864 1249 potui,
886 1166 923 1225 ut
942 1155 1031 1226 livor
1048 1155 1219 1229 haetenus

141 1275 299 1368 bbliquos
328 1277 447 1347 oeulos
474 1275 519 1347 ab
546 1276 726 1349 itineribus
754 1279 840 1349 meis
866 1287 1054 1364 averteret,
1089 1290 1125 1351 et
1153 1282 1218 1352 ieci

142 1400 257 1469 omnia
277 1418 357 1492 quae
377 1398 549 1471 adversus
574 1401 663 1469 banc
692 1410 825 1492 pestem
855 1398 929 1471 fieri
962 1410 1126 1495 possunt,
1151 1403 1220 1475 nisi

145 1543 249 1591 uuum
282 1522 376 1615 quod
408 1544 472 1593 nec
504 1521 568 1593 feci
599 1544 663 1593 nec
690 1524 803 1593 facere
823 1534 879 1593 est
898 1524 1047 1608 animus,
1072 1547 1140 1597 non
1163 1548 1220 1597 me

143 1665 265 1718 somno
277 1667 342 1716 nec
361 1646 511 1736 ignaviae
526 1645 616 1717 dedi.
631 1647 758 1717 Praeter
775 1644 840 1718 boc
859 1670 977 1728 unum,
997 1648 1117 1719 nescio
1134 1648 1219 1740 quid

142 1778 314 1861 expectet,
337 1768 403 1840 nisi
422 1789 622 1863 supremum
645 1768 788 1840 forsitan
808 1769 891 1839 vitae
913 1770 1027 1853 diem;
1048 1778 1131 1841 tunc
1152 1773 1221 1843 sal·

144 1903 226 1975 tem,
253 1903 290 1964 ut
321 1914 434 1986 spero,
464 1889 753 1984 sequacissimum
785 1891 928 1963 livorem
954 1915 975 1964 a
1003 1892 1157 1987 sepulcri
1180 1894 1222 1963 li-

143 2015 235 2085 mine
262 2015 373 2107 pudor
393 2014 534 2085 arcebit.
557 2013 632 2106 Age
661 2037 746 2105 ergo
776 2013 923 2098 iuterim,
945 2016 1067 2099 amice,
1089 2018 1219 2089 famam

142 2159 254 2208 meam
275 2157 344 2206 non
368 2136 444 2206 sine
474 2147 533 2206 tua
562 2137 672 2228 gloria
693 2137 877 2209 defendes:
910 2159 1016 2231 quem
1041 2138 1093 2208 tui
1113 2139 1220 2211 animi

141 2258 311 2342 ardorem,
332 2259 399 2329 etsi
419 2282 487 2331 non
501 2281 651 2350 egerem,
666 2259 844 2331 laudarem
863 2269 991 2343 tamen3
1011 2282 1103 2331 nunc
1118 2284 1217 2354 egeo,

143 2389 179 2451 ut
199 2379 283 2450 dixi.
303 2381 467 2451 Potentes
487 2382 599 2451 colere
621 2382 776 2470 vulgaris
805 2385 903 2453 lavor
923 2391 993 2463 est3
1014 2403 1057 2452 ea
1074 2383 1217 2455 demum

141 2525 226 2574 vera
243 2503 446 2596 magnitudo
464 2504 569 2576 animi
588 2512 653 2588 est,
672 2526 772 2596 opem
791 2508 881 2576 ferre
894 2504 1078 2578 debilibus.
1102 2508 1218 2578 Desti-

143 2636 238 2700 tutus
259 2649 340 2699 reus
362 2627 480 2701 maiori
502 2626 605 2700 laude
624 2626 828 2720 protegitur,
850 2639 886 2697 et
909 2627 1056 2720 insignis
1082 2631 1216 2722 patroni

139 2751 332 2845 eloquentia
355 2751 504 2823 maxime
536 2773 584 2822 ex
616 2750 773 2844 ancipitis
797 2770 914 2821 causae
939 2750 1142 2824 defensione
1160 2775 1218 2826 oe

141 2875 327 2965 gnoseitur.
347 2875 445 2948 Unde
462 2897 531 2946 non
545 2874 620 2946 sine
632 2872 843 2945 audientium
862 2895 1009 2944 assensu
1024 2896 1087 2967 per
1100 2897 1230 2967 gram·-

142 2997 343 3068 matieorum
364 2997 555 3068 testudines
575 3007 676 3068 sonat
693 2995 748 3065 ille
766 2994 976 3066 versiculus:
1069 2978 1072 2985 ’

300 3186 419 3248 Addidit
436 3185 574 3247 invalido
591 3186 686 3248 robur
704 3187 839 3249 facundia
856 3202 965 3249 cause.
1015 3189 1018 3193 ’

141 3370 308 3455 Quamvis
328 3390 349 3438 a
370 3369 510 3439 Lucano
528 3379 597 3440 tota
623 3369 680 3440 illa
709 3390 766 3440 res
793 3366 872 3439 ficta
893 3369 957 3438 sit:
989 3372 1213 3462 nequeenim

141 3493 272 3564 Tullius
290 3490 486 3562 thessalicis
508 3492 638 3584 campis
656 3491 819 3573 interfuit,
835 3491 899 3562 sed
913 3490 957 3561 ad
971 3492 1213 3591 perferepdum

140 3637 245 3687 voces
263 3636 303 3685 ac
323 3624 404 3685 vota
425 3613 579 3684 omnium
601 3613 636 3682 in
656 3635 758 3683 aures
788 3610 887 3683 ducis
918 3612 1012 3685 haud
1043 3613 1213 3687 immerito

139 3738 196 3810 ille
217 3759 308 3810 unus
329 3737 473 3808 idoneus
493 3735 592 3806 visus
611 3745 676 3805 est.
698 3737 819 3807 Restat
839 3744 877 3805 ut
897 3736 980 3806 mibi
1001 3744 1036 3806 et
1056 3736 1138 3809 huic
1157 3760 1214 3808 ea·

141 3870 231 3934 lamo
251 3863 404 3954 gratuler
425 3860 453 3932 si
471 3860 516 3931 ad
536 3859 789 3951 integrandam,
812 3871 850 3931 ut
870 3858 1008 3944 scribiS,
1027 3859 1213 3931 amicitiam

140 3986 229 4056 inter
249 3984 487 4079 magnanimos
509 3984 585 4054 illos
607 3983 702 4053 viros
733 3993 865 4053 tautum
892 3980 996 4052 ambo
1022 3982 1210 4065 valuimus

139 4119 304 4202 quantum
318 4119 443 4203 praeter
459 4107 586 4178 nudam
603 4103 705 4176 fidem
720 4105 857 4176 minime
874 4103 1110 4175 merebamur:
1125 4105 1213 4176 mul-

141 4241 282 4322 tumque
314 4231 380 4301 illis
413 4253 518 4323 super
550 4229 681 4322 antiqui
720 4227 834 4299 meriti
866 4230 1042 4298 cumulum
1072 4227 1119 4298 ob
1148 4227 1212 4297 boc

141 4355 252 4449 ipsum
275 4376 329 4426 me
349 4353 476 4424 debere
495 4355 613 4437 fatear,
633 4351 727 4445 quod
745 4372 783 4421 se
800 4349 883 4420 mihi
901 4357 970 4421 tam
987 4350 1106 4420 faciles
1124 4366 1211 4443 pree-

143 4478 297 4550 buerunt.
313 4474 411 4558 Quod
425 4482 619 4545 extromum
638 4472 740 4565 petie,
761 4482 796 4542 ut
819 4471 862 4541 illi
882 4473 956 4542 viro
974 4470 1156 4563 magnifice
1172 4470 1210 4540 li-
