2738 5062
150 695 208 757 572
487 704 529 753 us
550 703 652 754 susus
674 703 897 754 rnummiuuus

151 849 250 923 sibus
284 849 353 921 tuis
380 842 503 932 laetor,
534 860 571 920 et
607 846 702 941 quod
732 847 934 938 giganteum
965 846 1063 916 illum
1092 847 1235 918 exulem

149 1098 229 1172 freti
253 1097 399 1170 oonsilio
424 1095 632 1188 receperint,
659 1094 719 1185 qui
744 1093 842 1163 velut
873 1094 961 1162 alter
993 1087 1132 1162 Alcides
1165 1111 1235 1162 non

149 1221 333 1295 duodenos
358 1229 512 1302 tantum,
536 1216 601 1287 sed
625 1215 782 1286 millenos
806 1211 909 1286 obeat
934 1203 1085 1298 labores,
1112 1224 1149 1284 et
1173 1212 1237 1284 he-

140 1343 254 1416 roicis
286 1340 423 1414 actibus
452 1349 578 1411 cuncta
603 1347 774 1410 terrarum
801 1347 956 1409 monstra
981 1337 1173 1420 oonsulcet3
1200 1348 1237 1408 ot

150 1463 246 1558 quod
271 1465 362 1535 oiroa
387 1462 538 1534 Naucani
564 1472 734 1546 castrum,
756 1459 816 1531 ubi
841 1459 995 1531 maxime
1018 1458 1154 1531 lervida
1178 1456 1236 1530 illa

151 1586 207 1658 vis
229 1587 334 1657 animi
349 1595 387 1657 et
405 1585 463 1657 ille
480 1597 562 1656 tuus
580 1583 771 1655 acerrimus
787 1593 937 1654 conatus
953 1590 1150 1666 exarserat,
1165 1582 1236 1654 sal-

152 1721 222 1783 tem
244 1711 353 1781 semel
373 1709 446 1800 egit
471 1717 508 1779 ut
527 1706 649 1779 debuit
673 1709 823 1778 fortuna.
843 1704 969 1775 Videte
994 1714 1109 1777 autem
1135 1714 1176 1776 ut
1199 1717 1235 1779 et

150 1833 243 1904 areis
276 1831 369 1903 illius
401 1842 562 1903 exactam
586 1828 801 1912 custodiam,
828 1838 865 1898 et
892 1826 985 1922 piam
1017 1825 1235 1921 captivorum

151 1976 269 2027 curam
292 1953 434 2026 habeas.
461 1953 534 2025 Hoc
559 1950 833 2044 magnitudinem
856 1961 951 2021 tuum
972 1948 1087 2033 decet,
1107 1968 1153 2017 ne
1172 1968 1236 2042 per

149 2075 373 2147 insolentiam
407 2075 604 2160 attollatur,
638 2073 703 2146 sed
735 2073 826 2144 inter
858 2071 995 2144 vinctos
1030 2081 1120 2155 tuoe,
1142 2089 1235 2162 quos

151 2213 232 2273 ante
249 2202 496 2296 triumphalem
514 2223 654 2275 currum
670 2222 710 2272 es
727 2213 884 2286 acturus,
900 2221 1077 2273 summum
1093 2209 1129 2271 et
1145 2177 1236 2292 prat-

151 2322 292 2415 cipuum
313 2325 359 2393 sit
378 2325 516 2416 insigne
533 2324 726 2396 clementia.
744 2323 894 2398 Proinde
911 2335 950 2396 ut
965 2322 1123 2396 omittam
1140 2320 1236 2393 iocos

151 2453 187 2516 et
206 2441 323 2515 finiam
343 2447 438 2537 quod
460 2446 587 2540 inoepi,
609 2467 672 2518 oro
692 2448 736 2530 le,
757 2447 885 2532 amice,
906 2456 942 2518 et
957 2443 1116 2518 obtestor
1135 2455 1176 2516 ut
1189 2443 1236 2516 ad

152 2575 187 2638 te
206 2587 375 2640 reversus
396 2567 578 2639 examines
611 2588 681 2640 non
714 2567 799 2661 quid
827 2568 942 2654 iuvet,
967 2566 1033 2639 sed
1058 2565 1146 2661 quid
1173 2565 1236 2638 de-

151 2698 243 2761 oeat:
264 2711 379 2783 neque
399 2688 585 2782 quidesse
611 2711 769 2785 cuperes
793 2690 857 2762 sed
882 2688 968 2783 quid
992 2709 1047 2774 es,
1070 2710 1174 2782 quem
1200 2699 1235 2760 te

150 2812 273 2883 lecerit
303 2822 439 2896 natura,
467 2835 572 2913 quem
605 2815 759 2899 fortuna,
784 2834 889 2906 quern
920 2812 1104 2907 professio,
1128 2833 1234 2905 quem

151 2931 235 3003 vitae
260 2935 371 3005 series
392 2945 571 3007 anteaotae.
598 2934 786 3027 lutelliges,
809 2933 878 3005 nisi
897 2936 1007 3017 fallor,
1029 2935 1162 3007 nullum
1183 2934 1236 3004 in-

152 3062 206 3124 ter
224 3053 303 3126 lraeo
321 3055 501 3128 ambitioni
522 3078 563 3128 ao
583 3056 772 3142 iactantiae,
793 3058 925 3128 nullum
941 3057 1071 3150 ineptae
1090 3065 1127 3127 et
1146 3054 1235 3128 indi-

153 3195 233 3267 gnae
249 3178 426 3272 tyrannidi
442 3182 555 3252 losum
571 3199 663 3251 esse.
685 3179 853 3264 Quotiens
870 3179 938 3251 ista
955 3189 1014 3250 tua
1031 3179 1233 3253 dominandi

153 3298 327 3393 cupiditas
345 3301 556 3385 inardescet,
575 3323 646 3373 non
658 3301 736 3374 dico
757 3303 881 3374 ooeluru
900 3301 1031 3394 aspide,
1046 3301 1143 3396 quod
1156 3301 1235 3394 qui-

151 3416 233 3490 dem
266 3412 357 3494 bene
388 3421 535 3494 instituti
567 3435 603 3497 et
635 3422 786 3496 modesti
812 3423 973 3496 homiues
998 3425 1129 3496 faciunt
1145 3421 1232 3495 dum

152 3542 400 3615 tentationibus
413 3557 593 3636 urgentur,
608 3545 671 3617 sed
685 3545 719 3616 in
739 3545 904 3638 teipsum
924 3556 1024 3617 verte
1044 3547 1173 3630 oculos
1191 3567 1234 3618 ao

153 3662 309 3736 vicissim
329 3664 475 3749 calceos
494 3687 618 3735 zonam
636 3667 871 3760 amictumque
884 3670 981 3740 tu'um
996 3669 1233 3761 oontemplaro

150 3787 293 3861 acriter:
314 3785 453 3858 videbis
477 3786 526 3858 nil
546 3786 607 3859 tibi
627 3808 855 3881 purpureum,
871 3798 912 3861 et
931 3789 999 3861 snb
1018 3790 1158 3863 Christo
1181 3792 1233 3862 la-

153 3912 318 3984 mulatum
344 3910 504 3982 redolere
528 3908 658 3994 omnia,
686 3933 756 3982 non
789 3933 895 4007 super
919 3909 1080 3985 homines
1106 3911 1235 4007 prinoi-

152 4045 281 4125 patum.
303 4033 357 4105 Ad
383 4054 557 4105 summam
584 4031 615 4104 si
639 4032 744 4104 nullis
770 4034 816 4107 ad
841 4035 907 4107 hnc
931 4056 995 4119 seu
1015 4034 1145 4127 iurgiis,
1168 4054 1234 4106 seu

152 4152 304 4238 monitis,
331 4177 394 4226 sou
420 4155 583 4251 precihus
608 4155 700 4227 flecti
726 4168 826 4251 potes
848 4168 886 4228 ut
906 4158 1090 4232 ridiculum
1113 4166 1233 4252 tyran·

153 4272 243 4345 nidis
265 4276 453 4367 appetitum
471 4298 596 4363 exuas,
616 4288 652 4349 ut
672 4281 793 4350 saltem
815 4280 913 4377 pacis
933 4300 1086 4352 amorem
1107 4278 1228 4363 induo,

152 4418 196 4468 ne
213 4397 269 4468 val
281 4417 311 4474 ‚a
327 4400 500 4470 consortio
517 4402 601 4472 exul
619 4400 797 4474 hominum
818 4403 921 4474 bonae
939 4402 1139 4483 voluntatis,
1153 4401 1233 4493 qui-

152 4515 219 4589 bus
247 4539 366 4611 pacem
394 4520 571 4609 angelicus
604 4543 721 4614 pranso
753 4522 952 4609 denunciat,
980 4525 1037 4596 vel
1062 4525 1096 4595 iu
1124 4531 1233 4595 tostu-
