<?xml version="1.0" encoding="UTF-8"?>
<!DOCTYPE html PUBLIC "-//W3C//DTD XHTML 1.0 Transitional//EN"
    "http://www.w3.org/TR/xhtml1/DTD/xhtml1-transitional.dtd">
<html xmlns="http://www.w3.org/1999/xhtml" xml:lang="en" lang="en">
 <head>
  <title>
</title>
<meta http-equiv="Content-Type" content="text/html;charset=utf-8" />
  <meta name='ocr-system' content='tesseract 3.04.00' />
  <meta name='ocr-capabilities' content='ocr_page ocr_carea ocr_par ocr_line ocrx_word'/>
</head>
<body>
  <div class='ocr_page' id='page_1' title='image "./epistolaederebu02fracgoog_0508.png"; bbox 0 0 2738 5062; ppageno 0'>
   <div class='ocr_carea' id='block_1_1' title="bbox 341 668 1221 729">
    <p class='ocr_par' dir='ltr' id='par_1_1' title="bbox 341 668 1221 729">
     <span class='ocr_line' id='line_1_1' title="bbox 341 668 1221 729; baseline 0.008 -7"><span class='ocrx_word' id='word_1_1' title='bbox 341 674 433 723; x_wconf 71' lang='lat' dir='ltr'><strong>tlenlt</strong></span> <span class='ocrx_word' id='word_1_2' title='bbox 454 673 796 725; x_wconf 69' lang='lat' dir='ltr'><strong>contemnemus.—</strong></span> <span class='ocrx_word' id='word_1_3' title='bbox 808 677 960 728; x_wconf 76' lang='lat' dir='ltr'><strong>nrlsront</strong></span> <span class='ocrx_word' id='word_1_4' title='bbox 982 679 1033 728; x_wconf 79' lang='lat' dir='ltr'><strong>xll.</strong></span> <span class='ocrx_word' id='word_1_5' title='bbox 1162 668 1221 729; x_wconf 66' lang='grc'><strong>499</strong></span> 
     </span>
    </p>
   </div>
   <div class='ocr_carea' id='block_1_2' title="bbox 139 808 1274 4554">
    <p class='ocr_par' dir='ltr' id='par_1_2' title="bbox 139 808 1274 4554">
     <span class='ocr_line' id='line_1_2' title="bbox 145 808 1221 909; baseline 0.002 -24"><span class='ocrx_word' id='word_1_6' title='bbox 145 832 214 909; x_wconf 86' lang='lat' dir='ltr'><strong>que</strong></span> <span class='ocrx_word' id='word_1_7' title='bbox 231 810 401 883; x_wconf 77' lang='lat' dir='ltr'><strong>tenacius.</strong></span> <span class='ocrx_word' id='word_1_8' title='bbox 423 808 569 881; x_wconf 77' lang='lat' dir='ltr'><strong>Fatebor</strong></span> <span class='ocrx_word' id='word_1_9' title='bbox 589 820 723 882; x_wconf 74' lang='lat' dir='ltr'><strong>nmen:</strong></span> <span class='ocrx_word' id='word_1_10' title='bbox 744 811 812 881; x_wconf 86' lang='lat' dir='ltr'><strong>iarn</strong></span> <span class='ocrx_word' id='word_1_11' title='bbox 833 833 876 883; x_wconf 87' lang='lat' dir='ltr'><strong>eo</strong></span> <span class='ocrx_word' id='word_1_12' title='bbox 896 813 1081 886; x_wconf 87' lang='lat' dir='ltr'><strong>scribendo</strong></span> <span class='ocrx_word' id='word_1_13' title='bbox 1101 836 1221 908; x_wconf 87' lang='lat' dir='ltr'><strong>perve-</strong></span> 
     </span>
     <span class='ocr_line' id='line_1_3' title="bbox 145 930 1221 1026; baseline 0.001 -19"><span class='ocrx_word' id='word_1_14' title='bbox 145 955 272 1007; x_wconf 87' lang='lat' dir='ltr'><strong>neram.</strong></span> <span class='ocrx_word' id='word_1_15' title='bbox 287 940 335 1016; x_wconf 77' lang='lat' dir='ltr'><strong>ut</strong></span> <span class='ocrx_word' id='word_1_16' title='bbox 355 952 424 1004; x_wconf 94' lang='lat' dir='ltr'><strong>non</strong></span> <span class='ocrx_word' id='word_1_17' title='bbox 444 930 557 1003; x_wconf 89' lang='lat' dir='ltr'><strong>dicam</strong></span> <span class='ocrx_word' id='word_1_18' title='bbox 580 930 682 1003; x_wconf 81' lang='lat' dir='ltr'><strong>taedio</strong></span> <span class='ocrx_word' id='word_1_19' title='bbox 702 932 807 1004; x_wconf 86' lang='lat' dir='ltr'><strong>animi</strong></span> <span class='ocrx_word' id='word_1_20' title='bbox 828 933 924 1026; x_wconf 85' lang='lat' dir='ltr'><strong>(quid</strong></span> <span class='ocrx_word' id='word_1_21' title='bbox 947 937 1039 1006; x_wconf 85' lang='lat' dir='ltr'><strong>enirn</strong></span> <span class='ocrx_word' id='word_1_22' title='bbox 1066 937 1221 1008; x_wconf 84' lang='lat' dir='ltr'><strong>Ciceroni</strong></span> 
     </span>
     <span class='ocr_line' id='line_1_4' title="bbox 143 1052 1220 1152; baseline 0.003 -24"><span class='ocrx_word' id='word_1_23' title='bbox 143 1055 262 1128; x_wconf 89' lang='lat' dir='ltr'><strong>minus</strong></span> <span class='ocrx_word' id='word_1_24' title='bbox 272 1054 480 1145; x_wconf 68' lang='lat' dir='ltr'><strong>convenittl,</strong></span> <span class='ocrx_word' id='word_1_25' title='bbox 495 1052 559 1125; x_wconf 89' lang='lat' dir='ltr'><strong>sed</strong></span> <span class='ocrx_word' id='word_1_26' title='bbox 572 1053 690 1124; x_wconf 86' lang='lat' dir='ltr'><strong>labore</strong></span> <span class='ocrx_word' id='word_1_27' title='bbox 705 1075 869 1127; x_wconf 91' lang='lat' dir='ltr'><strong>mannum</strong></span> <span class='ocrx_word' id='word_1_28' title='bbox 881 1056 1005 1141; x_wconf 89' lang='lat' dir='ltr'><strong>victus,</strong></span> <span class='ocrx_word' id='word_1_29' title='bbox 1021 1067 1220 1152; x_wconf 90' lang='lat' dir='ltr'><strong>susceptum</strong></span> 
     </span>
     <span class='ocr_line' id='line_1_5' title="bbox 141 1174 1221 1274; baseline 0.002 -25"><span class='ocrx_word' id='word_1_30' title='bbox 141 1176 327 1249; x_wconf 88' lang='lat' dir='ltr'><strong>consilium</strong></span> <span class='ocrx_word' id='word_1_31' title='bbox 345 1197 413 1245; x_wconf 94' lang='lat' dir='ltr'><strong>nou</strong></span> <span class='ocrx_word' id='word_1_32' title='bbox 436 1174 631 1267; x_wconf 88' lang='lat' dir='ltr'><strong>probarem,</strong></span> <span class='ocrx_word' id='word_1_33' title='bbox 659 1198 784 1268; x_wconf 89' lang='lat' dir='ltr'><strong>meque</strong></span> <span class='ocrx_word' id='word_1_34' title='bbox 812 1178 879 1247; x_wconf 89' lang='lat' dir='ltr'><strong>iarn</strong></span> <span class='ocrx_word' id='word_1_35' title='bbox 905 1200 972 1249; x_wconf 91' lang='lat' dir='ltr'><strong>non</strong></span> <span class='ocrx_word' id='word_1_36' title='bbox 999 1180 1067 1250; x_wconf 89' lang='lat' dir='ltr'><strong>mei</strong></span> <span class='ocrx_word' id='word_1_37' title='bbox 1093 1182 1221 1274; x_wconf 83' lang='lat' dir='ltr'><strong>negotii</strong></span> 
     </span>
     <span class='ocr_line' id='line_1_6' title="bbox 142 1295 1222 1395; baseline 0.003 -25"><span class='ocrx_word' id='word_1_38' title='bbox 142 1299 344 1395; x_wconf 81' lang='lat' dir='ltr'><strong>poeniteret3</strong></span> <span class='ocrx_word' id='word_1_39' title='bbox 358 1295 440 1368; x_wconf 90' lang='lat' dir='ltr'><strong>durn</strong></span> <span class='ocrx_word' id='word_1_40' title='bbox 456 1295 571 1368; x_wconf 89' lang='lat' dir='ltr'><strong>subito</strong></span> <span class='ocrx_word' id='word_1_41' title='bbox 584 1297 640 1367; x_wconf 90' lang='lat' dir='ltr'><strong>ille</strong></span> <span class='ocrx_word' id='word_1_42' title='bbox 654 1297 737 1368; x_wconf 89' lang='lat' dir='ltr'><strong>mibi</strong></span> <span class='ocrx_word' id='word_1_43' title='bbox 761 1301 855 1369; x_wconf 91' lang='lat' dir='ltr'><strong>locus</strong></span> <span class='ocrx_word' id='word_1_44' title='bbox 872 1300 996 1371; x_wconf 88' lang='lat' dir='ltr'><strong>allatus</strong></span> <span class='ocrx_word' id='word_1_45' title='bbox 1013 1311 1080 1385; x_wconf 90' lang='lat' dir='ltr'><strong>est,</strong></span> <span class='ocrx_word' id='word_1_46' title='bbox 1096 1302 1153 1373; x_wconf 93' lang='lat' dir='ltr'><strong>ubi</strong></span> <span class='ocrx_word' id='word_1_47' title='bbox 1168 1304 1222 1375; x_wconf 89' lang='lat' dir='ltr'><strong>Ci-</strong></span> 
     </span>
     <span class='ocr_line' id='line_1_7' title="bbox 142 1419 1221 1515; baseline 0 -20"><span class='ocrx_word' id='word_1_48' title='bbox 142 1419 1221 1515; x_wconf 71' lang='lat' dir='ltr'><strong>ceroipseoratioucsalteriusnesciocuiuslsedproiectonon</strong></span> 
     </span>
     <span class='ocr_line' id='line_1_8' title="bbox 142 1539 1223 1625; baseline 0.004 -12"><span class='ocrx_word' id='word_1_49' title='bbox 142 1540 257 1623; x_wconf 82' lang='lat' dir='ltr'><strong>Tollii3</strong></span> <span class='ocrx_word' id='word_1_50' title='bbox 278 1561 371 1613; x_wconf 91' lang='lat' dir='ltr'><strong>nnus</strong></span> <span class='ocrx_word' id='word_1_51' title='bbox 391 1551 447 1612; x_wconf 90' lang='lat' dir='ltr'><strong>ost</strong></span> <span class='ocrx_word' id='word_1_52' title='bbox 465 1540 557 1611; x_wconf 87' lang='lat' dir='ltr'><strong>enirn</strong></span> <span class='ocrx_word' id='word_1_53' title='bbox 577 1539 633 1611; x_wconf 91' lang='lat' dir='ltr'><strong>ille</strong></span> <span class='ocrx_word' id='word_1_54' title='bbox 653 1541 721 1624; x_wconf 88' lang='lat' dir='ltr'><strong>vir,</strong></span> <span class='ocrx_word' id='word_1_55' title='bbox 741 1562 809 1612; x_wconf 88' lang='lat' dir='ltr'><strong>una</strong></span> <span class='ocrx_word' id='word_1_56' title='bbox 824 1542 881 1612; x_wconf 89' lang='lat' dir='ltr'><strong>illa</strong></span> <span class='ocrx_word' id='word_1_57' title='bbox 900 1564 987 1625; x_wconf 87' lang='lat' dir='ltr'><strong>vox,</strong></span> <span class='ocrx_word' id='word_1_58' title='bbox 1011 1565 1117 1615; x_wconf 87' lang='lat' dir='ltr'><strong>unum</strong></span> <span class='ocrx_word' id='word_1_59' title='bbox 1138 1545 1223 1616; x_wconf 93' lang='lat' dir='ltr'><strong>illud</strong></span> 
     </span>
     <span class='ocr_line' id='line_1_9' title="bbox 142 1661 1219 1758; baseline 0.001 -25"><span class='ocrx_word' id='word_1_60' title='bbox 142 1662 334 1757; x_wconf 79' lang='lat' dir='ltr'><strong>ingenium)</strong></span> <span class='ocrx_word' id='word_1_61' title='bbox 355 1661 540 1756; x_wconf 73' lang='lat' dir='ltr'><strong>scripsisse</strong></span> <span class='ocrx_word' id='word_1_62' title='bbox 560 1680 600 1731; x_wconf 87' lang='lat' dir='ltr'><strong>se</strong></span> <span class='ocrx_word' id='word_1_63' title='bbox 620 1672 797 1733; x_wconf 87' lang='lat' dir='ltr'><strong>memorat.</strong></span> <span class='ocrx_word' id='word_1_64' title='bbox 821 1661 910 1732; x_wconf 86' lang='lat' dir='ltr'><strong>Nam</strong></span> <span class='ocrx_word' id='word_1_65' title='bbox 922 1686 1004 1755; x_wconf 81' lang='lat' dir='ltr'><strong>ques</strong></span> <span class='ocrx_word' id='word_1_66' title='bbox 1022 1674 1069 1747; x_wconf 84' lang='lat' dir='ltr'><strong>tu,</strong></span> <span class='ocrx_word' id='word_1_67' title='bbox 1089 1663 1219 1758; x_wconf 87' lang='lat' dir='ltr'><strong>inquit,</strong></span> 
     </span>
     <span class='ocr_line' id='line_1_10' title="bbox 142 1783 1222 1876; baseline 0.003 -20"><span class='ocrx_word' id='word_1_68' title='bbox 142 1806 375 1857; x_wconf 83' lang='lat' dir='ltr'><strong>commemoras</strong></span> <span class='ocrx_word' id='word_1_69' title='bbox 397 1783 505 1856; x_wconf 68' lang='lat' dir='ltr'><strong>Corui</strong></span> <span class='ocrx_word' id='word_1_70' title='bbox 522 1787 627 1876; x_wconf 72' lang='lat' dir='ltr'><strong>tepere</strong></span> <span class='ocrx_word' id='word_1_71' title='bbox 644 1795 675 1851; x_wconf 84' lang='lat' dir='ltr'><strong>lc</strong></span> <span class='ocrx_word' id='word_1_72' title='bbox 689 1786 791 1854; x_wconf 69' lang='lat' dir='ltr'><strong>solco</strong></span> <span class='ocrx_word' id='word_1_73' title='bbox 811 1788 972 1857; x_wconf 75' lang='lat' dir='ltr'><strong>orationes</strong></span> <span class='ocrx_word' id='word_1_74' title='bbox 1003 1808 1077 1858; x_wconf 83' lang='lat' dir='ltr'><strong>com</strong></span> <span class='ocrx_word' id='word_1_75' title='bbox 1102 1789 1222 1859; x_wconf 80' lang='lat' dir='ltr'><strong>otiosos</strong></span> 
     </span>
     <span class='ocr_line' id='line_1_11' title="bbox 141 1907 1219 1999; baseline 0.003 -20"><span class='ocrx_word' id='word_1_76' title='bbox 141 1909 198 1993; x_wconf 77' lang='lat' dir='ltr'><strong>sir,</strong></span> <span class='ocrx_word' id='word_1_77' title='bbox 217 1930 273 1977; x_wconf 82' lang='lat' dir='ltr'><strong>cus</strong></span> <span class='ocrx_word' id='word_1_78' title='bbox 291 1929 349 1999; x_wconf 76' lang='lat' dir='ltr'><strong>epo</strong></span> <span class='ocrx_word' id='word_1_79' title='bbox 367 1907 501 1998; x_wconf 79' lang='lat' dir='ltr'><strong>scripsi:</strong></span> <span class='ocrx_word' id='word_1_80' title='bbox 520 1915 565 1988; x_wconf 89' lang='lat' dir='ltr'><strong>et,</strong></span> <span class='ocrx_word' id='word_1_81' title='bbox 586 1915 625 1975; x_wconf 90' lang='lat' dir='ltr'><strong>ut</strong></span> <span class='ocrx_word' id='word_1_82' title='bbox 645 1908 739 1992; x_wconf 89' lang='lat' dir='ltr'><strong>solet,</strong></span> <span class='ocrx_word' id='word_1_83' title='bbox 763 1929 842 1978; x_wconf 89' lang='lat' dir='ltr'><strong>cum</strong></span> <span class='ocrx_word' id='word_1_84' title='bbox 859 1907 1064 1981; x_wconf 86' lang='lat' dir='ltr'><strong>adversario</strong></span> <span class='ocrx_word' id='word_1_85' title='bbox 1083 1931 1147 1983; x_wconf 90' lang='lat' dir='ltr'><strong>suo</strong></span> <span class='ocrx_word' id='word_1_86' title='bbox 1164 1911 1219 1982; x_wconf 90' lang='lat' dir='ltr'><strong>io-</strong></span> 
     </span>
     <span class='ocr_line' id='line_1_12' title="bbox 141 2027 1222 2122; baseline -0.001 -19"><span class='ocrx_word' id='word_1_87' title='bbox 141 2049 226 2103; x_wconf 82' lang='lat' dir='ltr'><strong>cans</strong></span> <span class='ocrx_word' id='word_1_88' title='bbox 246 2028 345 2102; x_wconf 88' lang='lat' dir='ltr'><strong>rudis</strong></span> <span class='ocrx_word' id='word_1_89' title='bbox 362 2028 475 2120; x_wconf 90' lang='lat' dir='ltr'><strong>iuquit</strong></span> <span class='ocrx_word' id='word_1_90' title='bbox 488 2035 525 2098; x_wconf 90' lang='lat' dir='ltr'><strong>et</strong></span> <span class='ocrx_word' id='word_1_91' title='bbox 538 2027 634 2099; x_wconf 85' lang='lat' dir='ltr'><strong>ierus</strong></span> <span class='ocrx_word' id='word_1_92' title='bbox 651 2049 693 2097; x_wconf 82' lang='lat' dir='ltr'><strong>nc</strong></span> <span class='ocrx_word' id='word_1_93' title='bbox 709 2029 843 2098; x_wconf 79' lang='lat' dir='ltr'><strong>omnino</strong></span> <span class='ocrx_word' id='word_1_94' title='bbox 858 2052 1007 2122; x_wconf 77' lang='lat' dir='ltr'><strong>coquom</strong></span> <span class='ocrx_word' id='word_1_95' title='bbox 1024 2053 1124 2102; x_wconf 77' lang='lat' dir='ltr'><strong>essem</strong></span> <span class='ocrx_word' id='word_1_96' title='bbox 1140 2034 1222 2102; x_wconf 83' lang='lat' dir='ltr'><strong>otio-</strong></span> 
     </span>
     <span class='ocr_line' id='line_1_13' title="bbox 141 2147 1222 2241; baseline 0.002 -16"><span class='ocrx_word' id='word_1_97' title='bbox 141 2174 205 2225; x_wconf 65' lang='grc' dir='ltr'><strong>ιω.</strong></span> <span class='ocrx_word' id='word_1_98' title='bbox 236 2150 314 2235; x_wconf 88' lang='lat' dir='ltr'><strong>Quo</strong></span> <span class='ocrx_word' id='word_1_99' title='bbox 343 2151 432 2222; x_wconf 88' lang='lat' dir='ltr'><strong>lecte</strong></span> <span class='ocrx_word' id='word_1_100' title='bbox 453 2147 504 2222; x_wconf 91' lang='lat' dir='ltr'><strong>sic</strong></span> <span class='ocrx_word' id='word_1_101' title='bbox 527 2150 646 2223; x_wconf 83' lang='lat' dir='ltr'><strong>exarsi</strong></span> <span class='ocrx_word' id='word_1_102' title='bbox 666 2151 767 2241; x_wconf 90' lang='lat' dir='ltr'><strong>quasi</strong></span> <span class='ocrx_word' id='word_1_103' title='bbox 789 2153 1011 2226; x_wconf 86' lang='lat' dir='ltr'><strong>verecundus</strong></span> <span class='ocrx_word' id='word_1_104' title='bbox 1030 2155 1130 2227; x_wconf 89' lang='lat' dir='ltr'><strong>miles</strong></span> <span class='ocrx_word' id='word_1_105' title='bbox 1150 2155 1222 2227; x_wconf 88' lang='lat' dir='ltr'><strong>cari</strong></span> 
     </span>
     <span class='ocr_line' id='line_1_14' title="bbox 142 2271 1225 2368; baseline 0.006 -25"><span class='ocrx_word' id='word_1_106' title='bbox 142 2294 229 2347; x_wconf 86' lang='lat' dir='ltr'><strong>voce</strong></span> <span class='ocrx_word' id='word_1_107' title='bbox 249 2272 348 2345; x_wconf 91' lang='lat' dir='ltr'><strong>ducis</strong></span> <span class='ocrx_word' id='word_1_108' title='bbox 374 2271 576 2366; x_wconf 87' lang='lat' dir='ltr'><strong>increpitus,</strong></span> <span class='ocrx_word' id='word_1_109' title='bbox 603 2281 640 2343; x_wconf 91' lang='lat' dir='ltr'><strong>et</strong></span> <span class='ocrx_word' id='word_1_110' title='bbox 664 2293 814 2344; x_wconf 88' lang='lat' dir='ltr'><strong>mecum:</strong></span> <span class='ocrx_word' id='word_1_111' title='bbox 840 2295 925 2368; x_wconf 77' lang='lat' dir='ltr'><strong>ergo</strong></span> <span class='ocrx_word' id='word_1_112' title='bbox 950 2278 1081 2350; x_wconf 90' lang='lat' dir='ltr'><strong>alienas</strong></span> <span class='ocrx_word' id='word_1_113' title='bbox 1103 2278 1225 2350; x_wconf 86' lang='lat' dir='ltr'><strong>Cicero</strong></span> 
     </span>
     <span class='ocr_line' id='line_1_15' title="bbox 142 2393 1224 2492; baseline -0.001 -22"><span class='ocrx_word' id='word_1_114' title='bbox 142 2395 292 2490; x_wconf 80' lang='lat' dir='ltr'><strong>scripsit,</strong></span> <span class='ocrx_word' id='word_1_115' title='bbox 314 2403 352 2465; x_wconf 92' lang='lat' dir='ltr'><strong>tu</strong></span> <span class='ocrx_word' id='word_1_116' title='bbox 371 2393 547 2465; x_wconf 85' lang='lat' dir='ltr'><strong>Ciceronis</strong></span> <span class='ocrx_word' id='word_1_117' title='bbox 572 2395 747 2467; x_wconf 87' lang='lat' dir='ltr'><strong>orationes</strong></span> <span class='ocrx_word' id='word_1_118' title='bbox 782 2397 935 2471; x_wconf 89' lang='lat' dir='ltr'><strong>scribere</strong></span> <span class='ocrx_word' id='word_1_119' title='bbox 955 2400 1135 2492; x_wconf 78' lang='lat' dir='ltr'><strong>negligis?</strong></span> <span class='ocrx_word' id='word_1_120' title='bbox 1161 2399 1224 2470; x_wconf 86' lang='lat' dir='ltr'><strong>Hic</strong></span> 
     </span>
     <span class='ocr_line' id='line_1_16' title="bbox 141 2514 1223 2608; baseline 0.001 -21"><span class='ocrx_word' id='word_1_121' title='bbox 141 2515 247 2588; x_wconf 88' lang='lat' dir='ltr'><strong>animi</strong></span> <span class='ocrx_word' id='word_1_122' title='bbox 273 2518 405 2597; x_wconf 84' lang='lat' dir='ltr'><strong>fervor,</strong></span> <span class='ocrx_word' id='word_1_123' title='bbox 440 2514 505 2585; x_wconf 91' lang='lat' dir='ltr'><strong>boc</strong></span> <span class='ocrx_word' id='word_1_124' title='bbox 539 2514 705 2600; x_wconf 81' lang='lat' dir='ltr'><strong>studium,</strong></span> <span class='ocrx_word' id='word_1_125' title='bbox 740 2516 796 2589; x_wconf 90' lang='lat' dir='ltr'><strong>hic</strong></span> <span class='ocrx_word' id='word_1_126' title='bbox 830 2519 938 2590; x_wconf 86' lang='lat' dir='ltr'><strong>divini</strong></span> <span class='ocrx_word' id='word_1_127' title='bbox 962 2521 1072 2590; x_wconf 90' lang='lat' dir='ltr'><strong>bouus</strong></span> <span class='ocrx_word' id='word_1_128' title='bbox 1095 2518 1223 2608; x_wconf 81' lang='lat' dir='ltr'><strong>ingenii</strong></span> 
     </span>
     <span class='ocr_line' id='line_1_17' title="bbox 140 2637 1220 2731; baseline -0.003 -20"><span class='ocrx_word' id='word_1_129' title='bbox 140 2640 216 2711; x_wconf 79' lang='lat' dir='ltr'><strong>esti</strong></span> <span class='ocrx_word' id='word_1_130' title='bbox 236 2637 297 2707; x_wconf 84' lang='lat' dir='ltr'><strong>llis</strong></span> <span class='ocrx_word' id='word_1_131' title='bbox 318 2646 417 2707; x_wconf 86' lang='lat' dir='ltr'><strong>actus</strong></span> <span class='ocrx_word' id='word_1_132' title='bbox 439 2637 589 2708; x_wconf 89' lang='lat' dir='ltr'><strong>stimulis</strong></span> <span class='ocrx_word' id='word_1_133' title='bbox 611 2639 765 2728; x_wconf 90' lang='lat' dir='ltr'><strong>processi</strong></span> <span class='ocrx_word' id='word_1_134' title='bbox 799 2640 868 2709; x_wconf 87' lang='lat' dir='ltr'><strong>iarn</strong></span> <span class='ocrx_word' id='word_1_135' title='bbox 901 2637 1067 2731; x_wconf 82' lang='lat' dir='ltr'><strong>propositi</strong></span> <span class='ocrx_word' id='word_1_136' title='bbox 1087 2646 1220 2719; x_wconf 85' lang='lat' dir='ltr'><strong>certus,</strong></span> 
     </span>
     <span class='ocr_line' id='line_1_18' title="bbox 140 2758 1221 2854; baseline -0.004 -21"><span class='ocrx_word' id='word_1_137' title='bbox 140 2770 176 2833; x_wconf 92' lang='lat' dir='ltr'><strong>et</strong></span> <span class='ocrx_word' id='word_1_138' title='bbox 196 2763 226 2833; x_wconf 91' lang='lat' dir='ltr'><strong>si</strong></span> <span class='ocrx_word' id='word_1_139' title='bbox 246 2759 332 2854; x_wconf 91' lang='lat' dir='ltr'><strong>qnid</strong></span> <span class='ocrx_word' id='word_1_140' title='bbox 361 2781 409 2831; x_wconf 83' lang='lat' dir='ltr'><strong>ex</strong></span> <span class='ocrx_word' id='word_1_141' title='bbox 442 2758 594 2829; x_wconf 85' lang='lat' dir='ltr'><strong>tenebris</strong></span> <span class='ocrx_word' id='word_1_142' title='bbox 615 2760 702 2829; x_wconf 91' lang='lat' dir='ltr'><strong>meis</strong></span> <span class='ocrx_word' id='word_1_143' title='bbox 723 2769 839 2853; x_wconf 89' lang='lat' dir='ltr'><strong>potest</strong></span> <span class='ocrx_word' id='word_1_144' title='bbox 866 2758 1109 2852; x_wconf 84' lang='lat' dir='ltr'><strong>splendoribus</strong></span> <span class='ocrx_word' id='word_1_145' title='bbox 1130 2759 1221 2829; x_wconf 91' lang='lat' dir='ltr'><strong>illius</strong></span> 
     </span>
     <span class='ocr_line' id='line_1_19' title="bbox 142 2878 1220 2962; baseline -0.007 -4"><span class='ocrx_word' id='word_1_146' title='bbox 142 2882 315 2958; x_wconf 75' lang='lat' dir='ltr'><strong>facundiae</strong></span> <span class='ocrx_word' id='word_1_147' title='bbox 326 2880 480 2956; x_wconf 73' lang='lat' dir='ltr'><strong>celestis</strong></span> <span class='ocrx_word' id='word_1_148' title='bbox 494 2881 680 2961; x_wconf 87' lang='lat' dir='ltr'><strong>accedere,</strong></span> <span class='ocrx_word' id='word_1_149' title='bbox 696 2881 761 2952; x_wconf 87' lang='lat' dir='ltr'><strong>erit</strong></span> <span class='ocrx_word' id='word_1_150' title='bbox 774 2880 839 2953; x_wconf 90' lang='lat' dir='ltr'><strong>hoc</strong></span> <span class='ocrx_word' id='word_1_151' title='bbox 851 2881 939 2951; x_wconf 86' lang='lat' dir='ltr'><strong>forte</strong></span> <span class='ocrx_word' id='word_1_152' title='bbox 958 2902 1027 2951; x_wconf 90' lang='lat' dir='ltr'><strong>nou</strong></span> <span class='ocrx_word' id='word_1_153' title='bbox 1045 2878 1220 2962; x_wconf 86' lang='lat' dir='ltr'><strong>ultimum,</strong></span> 
     </span>
     <span class='ocr_line' id='line_1_20' title="bbox 141 2999 1222 3100; baseline -0.006 -23"><span class='ocrx_word' id='word_1_154' title='bbox 141 3003 240 3100; x_wconf 91' lang='lat' dir='ltr'><strong>quod</strong></span> <span class='ocrx_word' id='word_1_155' title='bbox 259 3001 442 3077; x_wconf 85' lang='lat' dir='ltr'><strong>dulcedine</strong></span> <span class='ocrx_word' id='word_1_156' title='bbox 458 3013 582 3098; x_wconf 89' lang='lat' dir='ltr'><strong>captus</strong></span> <span class='ocrx_word' id='word_1_157' title='bbox 608 2999 825 3074; x_wconf 91' lang='lat' dir='ltr'><strong>inenarrabili</strong></span> <span class='ocrx_word' id='word_1_158' title='bbox 851 3024 923 3073; x_wconf 89' lang='lat' dir='ltr'><strong>rem</strong></span> <span class='ocrx_word' id='word_1_159' title='bbox 950 3010 1073 3094; x_wconf 90' lang='lat' dir='ltr'><strong>suapte</strong></span> <span class='ocrx_word' id='word_1_160' title='bbox 1098 3009 1222 3071; x_wconf 89' lang='lat' dir='ltr'><strong>natura</strong></span> 
     </span>
     <span class='ocr_line' id='line_1_21' title="bbox 144 3123 1221 3210; baseline -0.007 -10"><span class='ocrx_word' id='word_1_161' title='bbox 144 3125 440 3210; x_wconf 81' lang='lat' dir='ltr'><strong>taediosissimam‚</strong></span> <span class='ocrx_word' id='word_1_162' title='bbox 464 3125 629 3207; x_wconf 86' lang='lat' dir='ltr'><strong>scribere,</strong></span> <span class='ocrx_word' id='word_1_163' title='bbox 652 3134 721 3194; x_wconf 88' lang='lat' dir='ltr'><strong>tam</strong></span> <span class='ocrx_word' id='word_1_164' title='bbox 741 3124 903 3195; x_wconf 75' lang='lat' dir='ltr'><strong>alacriter</strong></span> <span class='ocrx_word' id='word_1_165' title='bbox 922 3125 998 3207; x_wconf 86' lang='lat' dir='ltr'><strong>ieci,</strong></span> <span class='ocrx_word' id='word_1_166' title='bbox 1022 3132 1060 3194; x_wconf 89' lang='lat' dir='ltr'><strong>ut</strong></span> <span class='ocrx_word' id='word_1_167' title='bbox 1081 3123 1142 3193; x_wconf 88' lang='lat' dir='ltr'><strong>vix</strong></span> <span class='ocrx_word' id='word_1_168' title='bbox 1164 3142 1221 3192; x_wconf 90' lang='lat' dir='ltr'><strong>me</strong></span> 
     </span>
     <span class='ocr_line' id='line_1_22' title="bbox 140 3244 1274 3337; baseline -0.01 -19"><span class='ocrx_word' id='word_1_169' title='bbox 140 3248 266 3323; x_wconf 81' lang='lat' dir='ltr'><strong>iecisse</strong></span> <span class='ocrx_word' id='word_1_170' title='bbox 285 3248 464 3319; x_wconf 83' lang='lat' dir='ltr'><strong>sentirem.</strong></span> <span class='ocrx_word' id='word_1_171' title='bbox 484 3248 585 3319; x_wconf 91' lang='lat' dir='ltr'><strong>Nunc</strong></span> <span class='ocrx_word' id='word_1_172' title='bbox 602 3266 688 3337; x_wconf 80' lang='lat' dir='ltr'><strong>ergo</strong></span> <span class='ocrx_word' id='word_1_173' title='bbox 712 3246 781 3317; x_wconf 86' lang='lat' dir='ltr'><strong>iam</strong></span> <span class='ocrx_word' id='word_1_174' title='bbox 815 3244 951 3317; x_wconf 89' lang='lat' dir='ltr'><strong>tandem</strong></span> <span class='ocrx_word' id='word_1_175' title='bbox 986 3244 1106 3316; x_wconf 87' lang='lat' dir='ltr'><strong>Cicero</strong></span> <span class='ocrx_word' id='word_1_176' title='bbox 1139 3253 1221 3314; x_wconf 86' lang='lat' dir='ltr'><strong>tuus</strong></span> <span class='ocrx_word' id='word_1_177' title='bbox 1266 3291 1274 3307; x_wconf 89' lang='lat'><strong>.</strong></span> 
     </span>
     <span class='ocr_line' id='line_1_23' title="bbox 142 3361 1218 3457; baseline -0.007 -17"><span class='ocrx_word' id='word_1_178' title='bbox 142 3372 273 3451; x_wconf 86' lang='lat' dir='ltr'><strong>volens,</strong></span> <span class='ocrx_word' id='word_1_179' title='bbox 294 3377 332 3440; x_wconf 89' lang='lat' dir='ltr'><strong>et</strong></span> <span class='ocrx_word' id='word_1_180' title='bbox 347 3388 427 3439; x_wconf 90' lang='lat' dir='ltr'><strong>meo</strong></span> <span class='ocrx_word' id='word_1_181' title='bbox 447 3368 585 3439; x_wconf 88' lang='lat' dir='ltr'><strong>nomine</strong></span> <span class='ocrx_word' id='word_1_182' title='bbox 607 3365 666 3437; x_wconf 91' lang='lat' dir='ltr'><strong>tibi</strong></span> <span class='ocrx_word' id='word_1_183' title='bbox 685 3365 815 3457; x_wconf 77' lang='lat' dir='ltr'><strong>gratias</strong></span> <span class='ocrx_word' id='word_1_184' title='bbox 835 3374 977 3436; x_wconf 89' lang='lat' dir='ltr'><strong>acturus</strong></span> <span class='ocrx_word' id='word_1_185' title='bbox 998 3363 1043 3434; x_wconf 86' lang='lat' dir='ltr'><strong>ad</strong></span> <span class='ocrx_word' id='word_1_186' title='bbox 1064 3373 1098 3435; x_wconf 91' lang='lat' dir='ltr'><strong>te</strong></span> <span class='ocrx_word' id='word_1_187' title='bbox 1119 3361 1218 3435; x_wconf 86' lang='lat' dir='ltr'><strong>redit.</strong></span> 
     </span>
     <span class='ocr_line' id='line_1_24' title="bbox 141 3486 1222 3583; baseline -0.004 -21"><span class='ocrx_word' id='word_1_188' title='bbox 141 3490 236 3565; x_wconf 86' lang='lat' dir='ltr'><strong>idem</strong></span> <span class='ocrx_word' id='word_1_189' title='bbox 256 3487 351 3583; x_wconf 87' lang='lat' dir='ltr'><strong>apud</strong></span> <span class='ocrx_word' id='word_1_190' title='bbox 371 3510 428 3561; x_wconf 89' lang='lat' dir='ltr'><strong>me</strong></span> <span class='ocrx_word' id='word_1_191' title='bbox 446 3512 512 3561; x_wconf 90' lang='lat' dir='ltr'><strong>non</strong></span> <span class='ocrx_word' id='word_1_192' title='bbox 538 3488 670 3560; x_wconf 82' lang='lat' dir='ltr'><strong>invitus</strong></span> <span class='ocrx_word' id='word_1_193' title='bbox 689 3495 819 3569; x_wconf 85' lang='lat' dir='ltr'><strong>manet,</strong></span> <span class='ocrx_word' id='word_1_194' title='bbox 841 3486 898 3557; x_wconf 92' lang='lat' dir='ltr'><strong>cui</strong></span> <span class='ocrx_word' id='word_1_195' title='bbox 919 3487 985 3559; x_wconf 91' lang='lat' dir='ltr'><strong>hoc</strong></span> <span class='ocrx_word' id='word_1_196' title='bbox 1008 3486 1222 3558; x_wconf 83' lang='lat' dir='ltr'><strong>familiariter</strong></span> 
     </span>
     <span class='ocr_line' id='line_1_25' title="bbox 141 3607 1222 3705; baseline -0.006 -21"><span class='ocrx_word' id='word_1_197' title='bbox 141 3614 327 3705; x_wconf 90' lang='lat' dir='ltr'><strong>imputem,</strong></span> <span class='ocrx_word' id='word_1_198' title='bbox 347 3611 434 3682; x_wconf 91' lang='lat' dir='ltr'><strong>nnlli</strong></span> <span class='ocrx_word' id='word_1_199' title='bbox 453 3612 524 3683; x_wconf 86' lang='lat' dir='ltr'><strong>sere</strong></span> <span class='ocrx_word' id='word_1_200' title='bbox 548 3611 702 3683; x_wconf 91' lang='lat' dir='ltr'><strong>omnium</strong></span> <span class='ocrx_word' id='word_1_201' title='bbox 733 3608 795 3702; x_wconf 88' lang='lat' dir='ltr'><strong>qui</strong></span> <span class='ocrx_word' id='word_1_202' title='bbox 828 3630 981 3702; x_wconf 89' lang='lat' dir='ltr'><strong>unquam</strong></span> <span class='ocrx_word' id='word_1_203' title='bbox 1007 3607 1222 3703; x_wconf 87' lang='lat' dir='ltr'><strong>scripserunt</strong></span> 
     </span>
     <span class='ocr_line' id='line_1_26' title="bbox 141 3730 1221 3815; baseline -0.008 -8"><span class='ocrx_word' id='word_1_204' title='bbox 141 3758 196 3808; x_wconf 92' lang='lat' dir='ltr'><strong>me</strong></span> <span class='ocrx_word' id='word_1_205' title='bbox 216 3745 352 3810; x_wconf 88' lang='lat' dir='ltr'><strong>tantum</strong></span> <span class='ocrx_word' id='word_1_206' title='bbox 368 3734 478 3805; x_wconf 84' lang='lat' dir='ltr'><strong>luisse</strong></span> <span class='ocrx_word' id='word_1_207' title='bbox 495 3733 673 3815; x_wconf 89' lang='lat' dir='ltr'><strong>daturum,</strong></span> <span class='ocrx_word' id='word_1_208' title='bbox 696 3744 736 3804; x_wconf 90' lang='lat' dir='ltr'><strong>ut</strong></span> <span class='ocrx_word' id='word_1_209' title='bbox 756 3733 845 3803; x_wconf 85' lang='lat' dir='ltr'><strong>inter</strong></span> <span class='ocrx_word' id='word_1_210' title='bbox 866 3741 917 3804; x_wconf 91' lang='lat' dir='ltr'><strong>tot</strong></span> <span class='ocrx_word' id='word_1_211' title='bbox 936 3733 1076 3803; x_wconf 88' lang='lat' dir='ltr'><strong>aculeos</strong></span> <span class='ocrx_word' id='word_1_212' title='bbox 1098 3730 1221 3800; x_wconf 88' lang='lat' dir='ltr'><strong>huma-</strong></span> 
     </span>
     <span class='ocr_line' id='line_1_27' title="bbox 141 3847 1221 3947; baseline -0.011 -19"><span class='ocrx_word' id='word_1_213' title='bbox 141 3878 264 3930; x_wconf 88' lang='lat' dir='ltr'><strong>narum</strong></span> <span class='ocrx_word' id='word_1_214' title='bbox 280 3856 519 3929; x_wconf 85' lang='lat' dir='ltr'><strong>difficultatum</strong></span> <span class='ocrx_word' id='word_1_215' title='bbox 539 3877 627 3947; x_wconf 86' lang='lat' dir='ltr'><strong>quos</strong></span> <span class='ocrx_word' id='word_1_216' title='bbox 648 3876 795 3947; x_wconf 91' lang='lat' dir='ltr'><strong>prorsus</strong></span> <span class='ocrx_word' id='word_1_217' title='bbox 814 3864 982 3926; x_wconf 86' lang='lat' dir='ltr'><strong>excutere</strong></span> <span class='ocrx_word' id='word_1_218' title='bbox 1001 3869 1144 3942; x_wconf 88' lang='lat' dir='ltr'><strong>nequeo,</strong></span> <span class='ocrx_word' id='word_1_219' title='bbox 1168 3847 1221 3916; x_wconf 93' lang='lat' dir='ltr'><strong>in·</strong></span> 
     </span>
     <span class='ocr_line' id='line_1_28' title="bbox 141 3967 1220 4068; baseline -0.013 -18"><span class='ocrx_word' id='word_1_220' title='bbox 141 3988 193 4050; x_wconf 87' lang='lat' dir='ltr'><strong>ter</strong></span> <span class='ocrx_word' id='word_1_221' title='bbox 214 3986 266 4049; x_wconf 89' lang='lat' dir='ltr'><strong>tot</strong></span> <span class='ocrx_word' id='word_1_222' title='bbox 285 3978 477 4051; x_wconf 88' lang='lat' dir='ltr'><strong>studiorum</strong></span> <span class='ocrx_word' id='word_1_223' title='bbox 499 3998 616 4058; x_wconf 89' lang='lat' dir='ltr'><strong>curas,</strong></span> <span class='ocrx_word' id='word_1_224' title='bbox 651 3977 696 4047; x_wconf 87' lang='lat' dir='ltr'><strong>ad</strong></span> <span class='ocrx_word' id='word_1_225' title='bbox 726 3996 815 4068; x_wconf 86' lang='lat' dir='ltr'><strong>quas</strong></span> <span class='ocrx_word' id='word_1_226' title='bbox 846 3977 946 4062; x_wconf 80' lang='lat' dir='ltr'><strong>longa</strong></span> <span class='ocrx_word' id='word_1_227' title='bbox 966 3971 1068 4041; x_wconf 86' lang='lat' dir='ltr'><strong>etiam</strong></span> <span class='ocrx_word' id='word_1_228' title='bbox 1101 3967 1220 4037; x_wconf 88' lang='lat' dir='ltr'><strong>brevis</strong></span> 
     </span>
     <span class='ocr_line' id='line_1_29' title="bbox 139 4087 1218 4187; baseline -0.01 -17"><span class='ocrx_word' id='word_1_229' title='bbox 139 4109 196 4171; x_wconf 88' lang='lat' dir='ltr'><strong>cst</strong></span> <span class='ocrx_word' id='word_1_230' title='bbox 228 4099 317 4182; x_wconf 83' lang='lat' dir='ltr'><strong>vita,</strong></span> <span class='ocrx_word' id='word_1_231' title='bbox 351 4098 471 4170; x_wconf 84' lang='lat' dir='ltr'><strong>alienis</strong></span> <span class='ocrx_word' id='word_1_232' title='bbox 499 4097 769 4169; x_wconf 87' lang='lat' dir='ltr'><strong>transcribendis</strong></span> <span class='ocrx_word' id='word_1_233' title='bbox 799 4105 936 4187; x_wconf 89' lang='lat' dir='ltr'><strong>tempus</strong></span> <span class='ocrx_word' id='word_1_234' title='bbox 971 4087 1218 4184; x_wconf 87' lang='lat' dir='ltr'><strong>impenderem.</strong></span> 
     </span>
     <span class='ocr_line' id='line_1_30' title="bbox 140 4212 1219 4312; baseline -0.011 -21"><span class='ocrx_word' id='word_1_235' title='bbox 140 4222 221 4294; x_wconf 86' lang='lat' dir='ltr'><strong>Feci</strong></span> <span class='ocrx_word' id='word_1_236' title='bbox 241 4224 329 4293; x_wconf 85' lang='lat' dir='ltr'><strong>sorte</strong></span> <span class='ocrx_word' id='word_1_237' title='bbox 348 4222 428 4292; x_wconf 90' lang='lat' dir='ltr'><strong>olim</strong></span> <span class='ocrx_word' id='word_1_238' title='bbox 451 4223 517 4292; x_wconf 87' lang='lat' dir='ltr'><strong>tale</strong></span> <span class='ocrx_word' id='word_1_239' title='bbox 537 4219 682 4312; x_wconf 87' lang='lat' dir='ltr'><strong>aliquid.</strong></span> <span class='ocrx_word' id='word_1_240' title='bbox 705 4218 787 4288; x_wconf 87' lang='lat' dir='ltr'><strong>dum</strong></span> <span class='ocrx_word' id='word_1_241' title='bbox 809 4217 895 4286; x_wconf 92' lang='lat' dir='ltr'><strong>clam</strong></span> <span class='ocrx_word' id='word_1_242' title='bbox 918 4212 1065 4283; x_wconf 88' lang='lat' dir='ltr'><strong>labentis</strong></span> <span class='ocrx_word' id='word_1_243' title='bbox 1086 4222 1219 4302; x_wconf 87' lang='lat' dir='ltr'><strong>tempo-</strong></span> 
     </span>
     <span class='ocr_line' id='line_1_31' title="bbox 141 4332 1218 4434; baseline -0.012 -21"><span class='ocrx_word' id='word_1_244' title='bbox 141 4346 189 4415; x_wconf 93' lang='lat' dir='ltr'><strong>ris</strong></span> <span class='ocrx_word' id='word_1_245' title='bbox 223 4345 327 4416; x_wconf 88' lang='lat' dir='ltr'><strong>ditior</strong></span> <span class='ocrx_word' id='word_1_246' title='bbox 359 4341 519 4420; x_wconf 79' lang='lat' dir='ltr'><strong>videbar.</strong></span> <span class='ocrx_word' id='word_1_247' title='bbox 543 4363 623 4434; x_wconf 81' lang='lat' dir='ltr'><strong>qnae</strong></span> <span class='ocrx_word' id='word_1_248' title='bbox 657 4353 769 4412; x_wconf 88' lang='lat' dir='ltr'><strong>tamen</strong></span> <span class='ocrx_word' id='word_1_249' title='bbox 803 4335 1045 4407; x_wconf 88' lang='lat' dir='ltr'><strong>incertissimae</strong></span> <span class='ocrx_word' id='word_1_250' title='bbox 1065 4332 1218 4403; x_wconf 87' lang='lat' dir='ltr'><strong>omnium</strong></span> 
     </span>
     <span class='ocr_line' id='line_1_32' title="bbox 140 4456 1219 4554; baseline -0.012 -21"><span class='ocrx_word' id='word_1_251' title='bbox 140 4464 446 4554; x_wconf 66' lang='lat' dir='ltr'><strong>sagacissimoque</strong></span> <span class='ocrx_word' id='word_1_252' title='bbox 465 4462 598 4533; x_wconf 80' lang='lat' dir='ltr'><strong>divitiae</strong></span> <span class='ocrx_word' id='word_1_253' title='bbox 620 4474 716 4533; x_wconf 82' lang='lat' dir='ltr'><strong>sunt:</strong></span> <span class='ocrx_word' id='word_1_254' title='bbox 738 4480 829 4531; x_wconf 88' lang='lat' dir='ltr'><strong>nuuc</strong></span> <span class='ocrx_word' id='word_1_255' title='bbox 846 4467 965 4549; x_wconf 87' lang='lat' dir='ltr'><strong>aperte</strong></span> <span class='ocrx_word' id='word_1_256' title='bbox 982 4477 1039 4528; x_wconf 89' lang='lat' dir='ltr'><strong>res</strong></span> <span class='ocrx_word' id='word_1_257' title='bbox 1056 4456 1091 4526; x_wconf 90' lang='lat' dir='ltr'><strong>iu</strong></span> <span class='ocrx_word' id='word_1_258' title='bbox 1109 4473 1219 4540; x_wconf 78' lang='lat' dir='ltr'><strong>angu-</strong></span> 
     </span>
    </p>
   </div>
   <div class='ocr_carea' id='block_1_3' title="bbox 0 0 1374 5062">
    <p class='ocr_par' dir='ltr' id='par_1_3' title="bbox 0 0 1374 5062">
     <span class='ocr_line' id='line_1_33' title="bbox 0 0 1374 5062; baseline 0 0"><span class='ocrx_word' id='word_1_259' title='bbox 0 0 1374 5062; x_wconf 95' lang='lat' dir='ltr'><strong> </strong></span> 
     </span>
    </p>
   </div>
  </div>
 </body>
</html>
