2738 5062
340 707 434 756 umen
455 705 774 758 sexrusnsunrus.-
787 706 940 756 srrsroun
962 710 991 755 v.
1159 693 1216 757 377

562 1004 740 1071 ansrotu
762 1005 795 1069 V.

367 1191 560 1244 FRANCISCUS
581 1193 749 1243 PETRARCA
773 1193 814 1244 AB
836 1193 987 1245 teneruit.

216 1359 378 1415 Gratulatur
391 1356 426 1411 de
440 1353 596 1410 valetudine
609 1361 785 1427 recuperata:
801 1371 907 1428 nosque
922 1356 1038 1412 vivendo
1052 1355 1140 1424 mori,

309 1453 337 1503 et
351 1445 495 1503 moriendo
512 1444 610 1501 mortis
621 1445 706 1500 tinem
720 1445 1043 1518 oppetere'demonstrat.

237 1702 268 1774 Α
294 1703 410 1775 limine
430 1703 553 1773 mortis
580 1713 613 1774 te
635 1722 816 1772 reversum
838 1700 957 1784 audio,
979 1700 1024 1772 ad
1043 1701 1139 1793 quod
1164 1711 1216 1772 ta·

141 1849 219 1898 meu
240 1825 346 1920 (dictu
367 1822 506 1916 mirum)
530 1822 709 1895 redeundo
734 1824 892 1906 festinas,
916 1822 1038 1893 metius
1066 1823 1216 1894 dicerem

140 1950 344 2020 festinamus
364 1966 487 2017 omnes
511 1945 721 2038 quicumque
747 1945 831 2015 vitae
851 1945 955 2016 huius
976 1943 1042 2014 iter
1066 1942 1217 2034 ingressi

142 2089 286 2140 sumus:
308 2068 513 2139 festinamus
536 2065 694 2156 inquam,
716 2086 889 2158 nusquam
917 2063 1157 2149 subsistimus,
1183 2074 1219 2135 et

141 2189 224 2261 dum
241 2190 430 2280 quiescere
456 2186 628 2271 videmur,
654 2188 849 2259 currimus:
880 2188 995 2259 minus
1025 2188 1121 2259 dixi:
1147 2211 1217 2260 non

140 2310 323 2393 currimus
347 2308 411 2380 sed
427 2309 599 2379 volamus.
622 2309 741 2400 ltaque
766 2309 833 2380 iam
860 2311 977 2402 procui
999 2309 1125 2381 abesse
1149 2331 1219 2380 non

143 2451 342 2525 possumus.
365 2429 434 2501 Sed
459 2429 550 2501 bono
576 2428 686 2502 simos
707 2429 822 2503 animo
847 2442 884 2502 et
902 2452 1024 2504 eamus
1050 2430 1219 2525 intrepide

141 2553 401 2634 incunctantem
434 2572 503 2622 uon
534 2551 654 2624 mortis
687 2554 770 2626 iiiud
796 2557 895 2638 torte,
927 2554 992 2626 sed
1017 2555 1218 2626 vitaelimen

140 2684 283 2745 aeternae
302 2684 366 2756 est,
385 2672 514 2743 nostris
531 2672 608 2744 licet
624 2673 827 2744 criminibus
845 2674 1071 2758 obstructum,
1091 2674 1218 2744 Christi

119 2785 123 2791 ’
141 2803 257 2866 tamen
267 2794 446 2885 'sanguine
460 2795 664 2887 patefactum
680 2804 909 2888 apertumque
922 2794 1135 2866 vuineribus.
1146 2795 1215 2865 Oh!

143 2917 225 2986 siin
243 2916 333 2986 iilam
356 2915 511 3008 requiem
535 2915 668 3008 ingredi
689 2916 867 3007 contingat
887 2917 1085 2999 immeritos
1105 2915 1167 2985 oh!
1189 2914 1219 2985 si

144 3038 178 3107 in
199 3058 283 3131 pace
308 3035 511 3130 inidipsum
533 3036 763 3122 dormiamus,
787 3049 823 3110 et
842 3038 900 3130 qui
923 3038 983 3109 diu
1004 3039 1219 3129 multumque

143 3157 387 3241 laboravimus,
408 3160 629 3251 quiescamus
651 3159 787 3232 taudem
810 3161 845 3229 in
867 3159 936 3245 iilo,
958 3160 1017 3252 qui
1036 3156 1219 3248 singuiari-

143 3290 195 3352 ter
215 3301 278 3351 uos
299 3281 477 3352 constituit
502 3281 537 3350 in
562 3303 636 3375 spe,
658 3303 739 3377 quae
765 3282 840 3377 ipso
866 3283 1015 3354 donante
1040 3281 1125 3352 saise
1150 3300 1218 3350 non

141 3402 255 3474 suerit.
276 3403 353 3493 Ego
372 3401 512 3493 quidem
534 3402 660 3474 bonam
684 3403 743 3474 tibi
766 3401 995 3474 valetudinem
1024 3401 1217 3473 restitutam
1251 3458 1255 3465 .

142 3521 288 3614 gaudeo,
310 3543 375 3592 nec
396 3521 511 3593 adhuc
531 3544 595 3594 nos
616 3523 650 3592 in
671 3523 737 3595 hoc
756 3524 840 3594 vitae
858 3523 965 3596 exilio
985 3525 1138 3619 separari
1159 3547 1219 3595 cu-

142 3645 214 3737 pio,
248 3643 411 3736 quamvis
447 3643 654 3737 ubicumque
679 3645 916 3730 distrahimur,
948 3645 1071 3718 eodem
1097 3645 1218 3716 aeterni

141 3765 247 3837 Ducis
269 3765 424 3859 auspicio
441 3766 652 3840 veniendum
673 3768 729 3840 sit.
751 3770 934 3850 Caeterum,
954 3779 992 3840 ut
1008 3780 1063 3839 est
1082 3767 1218 3839 animus

143 3889 321 3960 hominum
342 3890 491 3993 fortunae
511 3893 657 3963 multum
678 3891 822 3964 amicior
842 3913 946 3985 quum
967 3901 1116 3973 naturae,
1140 3910 1248 3980 gra,

144 4012 234 4081 tutor
249 4032 307 4082 me
324 4033 391 4082 non
409 4011 507 4104 prius
524 4012 558 4080 in
576 4019 610 4082 te
626 4014 817 4105 pericuium
834 4034 940 4104 quam
954 4010 1097 4104 periculi
1115 4008 1216 4080 finem

141 4154 260 4218 nosse,
284 4133 313 4204 si
335 4143 448 4204 tamen
474 4143 645 4223 aegrotare
669 4140 831 4201 autumes
859 4131 1063 4223 periculum,
1090 4142 1126 4202 et
1150 4154 1218 4201 non

142 4254 187 4326 ad
208 4275 329 4324 veram
347 4252 561 4345 soiidamque
580 4252 801 4324 securitatem
819 4251 875 4322 via
893 4261 956 4323 est.
976 4253 1026 4323 Tu
1045 4261 1157 4325 tamen
1177 4275 1218 4324 ea

141 4376 219 4468 iege
237 4388 272 4448 te
292 4387 451 4450 sanatum
472 4374 567 4458 scito,
591 4385 714 4445 utnon
733 4373 835 4445 modo
853 4376 1006 4447 mortalis
1031 4375 1215 4453 manseris,

144 4499 206 4570 sed
229 4499 322 4572 horis
348 4497 510 4571 omnibus
537 4496 664 4568 interea
687 4495 729 4566 ad
758 4505 900 4568 mortem
923 4496 1128 4579 accesseris,
1157 4494 1218 4563 ho-
