2738 5062
403 710 494 759 ntnsu
515 711 839 765 NONUS-EPISTULA
861 717 888 764 v.
1134 706 1169 768 Ἢ

110 852 352 927 conscientiam
379 875 487 924 meam
515 864 622 926 testor
655 878 710 926 me
743 860 914 930 nemiuem
945 861 1070 945 follere,
1089 864 1172 933 nulli

108 972 285 1046 hominum
306 973 459 1056 invideo,
482 996 554 1068 prae
575 978 735 1050 omnibus
755 982 845 1051 notis
866 982 953 1052 meis
978 995 1070 1053 sorte
1095 1006 1173 1078 pro-

107 1097 178 1190 pria
195 1106 391 1179 contentus,
411 1106 446 1167 et
462 1097 497 1167 id
517 1098 631 1191 potius
653 1121 775 1171 vercor
787 1123 832 1172 ne
850 1103 958 1175 hostis
971 1104 1055 1174 mihi
1067 1127 1171 1198 quam

105 1241 148 1290 ne
160 1220 291 1312 hospes
306 1220 350 1288 sit
362 1219 498 1303 invidia,
508 1221 572 1294 hoc
585 1223 846 1308 est,invidiosus
859 1227 968 1317 magis
981 1250 1171 1321 essequam

105 1342 255 1413 invidus.
276 1341 351 1412 Tibi
371 1351 500 1429 autem,
523 1354 633 1437 pater,
656 1367 725 1417 non
742 1346 843 1418 modo
861 1369 928 1417 non
948 1349 1094 1434 invide0‚
1111 1351 1173 1423 sed

106 1472 144 1533 ut
158 1464 271 1536 dicam
292 1466 385 1556 quod
406 1467 529 1550 sentio,
552 1466 761 1539 filialietiam
775 1466 958 1541 devotione
970 1472 1170 1566 compatior:

105 1608 219 1679 neque
241 1585 301 1656 tibi
323 1597 467 1672 tautum,
496 1588 557 1660 sed
581 1590 742 1662 omnibus
776 1614 863 1685 quos
895 1614 959 1688 par
990 1594 1173 1688 pastoralis

105 1731 187 1781 cura
207 1710 333 1805 premit
352 1712 466 1783 officii:
488 1711 547 1783 tibi
579 1723 697 1785 autem
730 1714 904 1807 aliquanto
920 1717 1171 1806 vehementius,

105 1833 160 1905 cui
181 1855 286 1926 super
304 1833 548 1906 ecclesiasticae
570 1837 809 1910 sollicitudinis
826 1860 1041 1912 communem
1067 1843 1173 1914 sarci-

105 1977 194 2040 nam,
215 1966 353 2026 tuorum
373 1978 509 2049 quoquc
526 1959 655 2031 civium
668 1970 710 2045 ct,
726 1959 853 2052 quibus
867 1961 922 2033 illa
934 1963 1056 2034 civitas
1071 1965 1173 2034 misc-

106 2077 271 2150 rabilibns
289 2077 403 2149 modis
424 2089 541 2162 scatet,
564 2079 714 2153 civilium
738 2082 948 2154 simultatum
969 2083 1175 2177 poudusac-

105 2201 208 2285 cedit,
230 2201 406 2272 familiaris
428 2203 537 2294 pestis
559 2204 668 2296 patria
690 2204 774 2276 urbe
800 2208 1027 2298 regnantium.
1054 2209 1173 2280 Restat

107 2333 144 2393 ut
158 2324 228 2395 iam
247 2323 328 2395 hinc
346 2324 391 2395 de
412 2346 473 2420 spe
494 2318 656 2420 metuque
675 2326 853 2400 disseram.
867 2331 1017 2402 Primum
1032 2332 1172 2424 quidem

107 2447 151 2518 de
168 2458 226 2517 tua
243 2447 340 2517 ruina
359 2449 454 2517 nulla
474 2448 557 2518 mihi
579 2471 659 2541 spes
677 2451 881 2523 adscensus.
908 2455 995 2524 Pace
1022 2463 1079 2526 tua
1104 2454 1173 2526 dici

105 2571 226 2642 credas
242 2570 359 2642 velim:
374 2594 547 2663 nunquam
562 2572 644 2642 mihi
658 2576 752 2645 venit
765 2574 800 2644 in
813 2576 980 2659 animum,
996 2599 1172 2670 nunquam

105 2695 220 2766 ueniet
240 2705 279 2765 ut
295 2694 401 2765 otium
415 2718 527 2767 mcum
543 2719 621 2767 cum
636 2697 703 2767 tuis
717 2696 879 2788 negotiis,
894 2697 1045 2789 quietem
1059 2720 1189 2791 meam,

103 2839 179 2888 cum
201 2819 269 2888 tuis
291 2817 478 2903 laboribus
498 2829 735 2914 paupertatem
750 2842 861 2890 meam
872 2842 952 2891 oum
968 2820 1172 2910 tuisopihus

104 2950 337 3011 commutasse
355 2941 499 3033 cupiam.
521 2943 618 3011 Neve
638 2965 694 3010 me
715 2943 886 3010 fortunam
908 2953 1000 3009 tuum
1019 2938 1172 3010 fastidire

105 3060 269 3131 aestimes.
284 3061 389 3133 Nemo
407 3084 553 3154 usquam
574 3061 662 3131 vivit
680 3071 749 3131 tuae
771 3060 874 3129 sortis
896 3059 994 3129 cuius
1016 3061 1100 3130 solio
1118 3081 1173 3130 se-

104 3183 185 3255 dere
206 3185 343 3268 vellem,
366 3184 469 3256 immo
491 3207 575 3257 vcro
589 3206 657 3254 nou
670 3181 946 3279 pertinacissime
961 3201 1170 3266 recusarem,

104 3307 132 3377 si
152 3309 243 3379 ultro
259 3307 364 3378 etiam
383 3308 570 3378 offerretur.
593 3307 628 3376 Si
646 3307 792 3377 mentior
808 3304 948 3377 fulmine
973 3303 1061 3375 ictus
1087 3302 1173 3375 inte-

104 3453 207 3502 ream.
226 3429 407 3503 Mirahitur
423 3433 571 3502 fortasse
596 3428 733 3521 aliquis:
762 3440 797 3500 tu
822 3429 941 3524 procul
973 3427 1079 3500 dubio
1104 3449 1172 3500 non

106 3554 251 3636 miraris,
273 3553 333 3646 qui
354 3564 423 3624 tuac
444 3553 537 3623 sedis
554 3550 713 3623 duritiem
727 3574 795 3623 non
809 3551 958 3642 ignoras.
973 3552 1093 3644 Neque
1106 3573 1173 3644 ego

107 3685 173 3744 tam
190 3685 388 3747 constanter
408 3675 484 3747 haec
500 3674 659 3760 dicerem,
674 3673 741 3744 nisi
756 3695 907 3745 romanae
922 3672 1015 3745 sedis
1029 3672 1173 3744 Antisti—

107 3805 176 3865 tem
194 3806 230 3866 et
244 3798 308 3868 hos
330 3818 470 3868 romano
490 3795 629 3868 cardine
642 3794 804 3888 fulgidos,
819 3806 924 3888 atque
936 3794 1021 3865 alios
1036 3793 1172 3866 urbium

104 3919 264 4013 praelatos
281 3919 492 3991 familiariter
517 3919 706 4001 novissem;
733 3941 812 4012 quae
837 3899 1047 3989 familiaritas
1073 3919 1108 3986 in
1132 3917 1172 3989 il-

107 4043 215 4115 lorum
237 4042 452 4114 adumbratae
468 4043 633 4115 felicitatis
654 4041 779 4114 iudicio
801 4063 854 4112 mc
870 4062 938 4111 non
953 4040 1034 4111 sinit
1044 4062 1170 4114 errare.

57 4225 65 4252 ,
106 4167 237 4239 Bictum
250 4165 454 4237 interseram
472 4166 633 4238 Hadriani
646 4168 758 4258 Papae.
774 4164 860 4233 Nam
877 4162 1005 4234 dictum
1023 4162 1105 4234 illud
1118 4185 1173 4235 re-

106 4291 158 4380 gis
177 4289 339 4361 omnibus
360 4298 415 4360 est
434 4299 566 4373 notum,
589 4290 649 4381 qui
667 4288 829 4359 traditum
851 4286 917 4358 sibi
936 4285 1110 4372 diadema,
1133 4300 1171 4358 ut

105 4411 261 4483 Valerius
283 4412 343 4495 ait,
366 4413 462 4504 prius
483 4434 586 4505 quam
600 4409 701 4503 capiti
715 4408 911 4501 imponeret,
928 4421 1097 4482 retentum
1111 4408 1170 4480 diu

105 4535 338 4618 considerans,
361 4533 462 4607 dixit:
483 4535 510 4604 0
531 4533 677 4605 nobilem
697 4531 807 4623 magis
822 4555 925 4625 quam
940 4533 1072 4605 felicem
1085 4552 1171 4626 pan-
