2738 5062
389 712 482 763 trouu
502 713 690 762 conserues.
703 733 739 743 —
752 712 903 761 srrsroca
927 714 990 761 rur.
1169 703 1225 763 tlt

146 851 212 925 tina
237 850 300 921 vis
325 850 469 942 ingruat
491 859 551 921 ant
571 849 600 920 si
625 871 695 942 qua
715 848 908 933 barbaries,
937 848 1031 941 quod
1057 848 1227 921 interdum

145 972 206 1045 sed
225 992 412 1065 nunquam
434 971 541 1061 gratis
562 993 649 1042 ausa
668 981 735 1055 est,
758 968 847 1042 flues
868 981 1008 1041 nostros
1034 969 1223 1063 irrumpat,

143 1096 246 1193 primi
266 1094 454 1167 vobiscum
475 1117 570 1166 arma
587 1115 650 1189 pro
670 1096 903 1166 communium
925 1096 1139 1165 fortunarum
1165 1096 1226 1166 de-

143 1217 304 1290 fensioue
324 1216 527 1308 suscipient,
550 1217 609 1306 qui
636 1217 735 1287 simul
755 1227 894 1309 pectora
913 1240 976 1287 sna
1001 1219 1101 1289 morti
1123 1229 1226 1311 atque

145 1337 334 1412 hostilibus
354 1337 432 1408 telis
454 1335 630 1423 obiicieut,
652 1339 711 1430 qui
731 1349 766 1409 et
786 1340 914 1411 vestris
935 1352 1093 1430 tegentur
1110 1351 1144 1412 et
1161 1364 1225 1412 vos

145 1461 276 1558 clypeis
297 1469 334 1531 et
353 1459 557 1553 corporibus
585 1460 657 1531 suis
679 1472 814 1553 tegent,
842 1461 900 1553 qui
922 1465 1086 1556 profugos
1106 1464 1225 1535 hostes

144 1582 321 1656 classibus
340 1592 608 1675 prosequentur,
627 1583 757 1675 pariter
774 1584 911 1668 vivent,
932 1586 1060 1677 pariter
1076 1586 1225 1658 morien-

146 1718 217 1791 tur,
248 1707 383 1801 pariter
415 1703 632 1796 pugnabunt,
667 1705 796 1798 pariter
825 1706 1095 1800 triumphabunt.
1125 1709 1224 1779 Tales

144 1830 251 1921 igitur
271 1829 339 1899 bos
360 1827 457 1897 viros
474 1837 612 1920 propter
629 1829 718 1899 levis
736 1828 880 1899 forsitan
898 1829 1088 1900 iracundiae
1106 1831 1225 1900 stimu-

143 1954 196 2026 los
214 1949 399 2033 invadere,
421 1959 471 2033 et,
494 1973 704 2043 quamquam
726 1952 867 2043 impune
888 1951 1019 2045 possis,
1042 1944 1223 2035 evertere,

144 2072 228 2168 quid
243 2072 484 2146 delectationis
501 2072 640 2156 habeat,
661 2094 728 2143 non
747 2073 909 2165 intelligo.
927 2074 1061 2145 Norunt
1078 2076 1225 2146 tortasse

147 2195 271 2269 melius
290 2195 423 2266 incensi
444 2194 673 2286 quorumdam
690 2195 808 2280 animi,
831 2196 889 2288 qui
910 2197 1078 2291 supplicio
1099 2196 1225 2268 amico-

151 2338 230 2389 rum
248 2326 284 2388 et
301 2317 454 2390 uindicta
471 2317 704 2410 quarumlibet
719 2319 928 2390 offensarum
955 2343 1049 2391 moro
1075 2321 1223 2391 femineo

150 2441 375 2515 delectantur:
397 2443 550 2534 prolecto
572 2463 634 2514 nec
656 2442 735 2514 utile
762 2464 825 2515 nec
850 2445 1048 2528 honestum,
1070 2442 1223 2535 deniquo

147 2588 212 2639 nec
230 2565 421 2637 humanum
443 2575 507 2635 est.
529 2564 643 2637 Satius
667 2576 721 2636 est
753 2565 909 2638 oblivisci
931 2566 1092 2635 iniuriam
1113 2587 1216 2657 qnam

144 2689 277 2773 ulcisci,
298 2699 335 2760 et
355 2686 529 2758 inimicum
551 2690 688 2782 placare
708 2709 811 2780 quam
834 2687 990 2779 perdere,
1014 2688 1107 2756 illum
1130 2706 1219 2778 prm-

142 2812 245 2908 cipue
260 2812 363 2883 cnins
376 2820 412 2881 et
428 2810 549 2881 merita
562 2817 831 2904 praecesserunt,
846 2819 892 2886 ct,
913 2810 942 2880 si
957 2810 1151 2898 ingratiam
1166 2828 1221 2876 re-

145 2932 264 3017 dierit,
282 2932 383 3025 sequi
400 2941 556 3025 possunt.
575 2932 705 3021 Nempe
723 2931 753 2999 si
772 2927 952 3021 utrobique
972 2951 1033 3021 par
1050 2927 1145 2997 labor
1163 2947 1221 2999 es-

146 3067 219 3140 set,
239 3065 350 3127 tamen
372 3053 602 3125 mansuetudo
622 3052 800 3122 bominum
820 3061 888 3134 est,
911 3053 1060 3122 serarum
1088 3049 1218 3121 rabies:

142 3200 257 3279 euque
272 3201 344 3250 uon
360 3177 523 3260 omnium,
540 3177 603 3249 sed
620 3175 837 3269 ignobilium,
852 3185 888 3247 et
900 3196 988 3268 quas
1003 3173 1143 3245 sinistra
1160 3195 1222 3244 ua-

144 3314 235 3376 tnrae
245 3322 373 3373 manus
388 3299 509 3391 attigit.
525 3301 558 3370 Si
578 3300 681 3392 igitur
694 3299 783 3372 inter
794 3301 1009 3371 consultores
1024 3307 1116 3380 tuos
1132 3320 1220 3390 quos

141 3422 312 3522 plurimos
333 3423 630 3516 gravissimosque
644 3445 713 3494 non
729 3423 863 3506 dubito,
883 3444 960 3492 mea
979 3443 1049 3492 vox
1070 3421 1218 3503 auditur,

142 3570 212 3621 non
232 3548 338 3619 modo
357 3545 555 3619 venientem
577 3567 645 3615 non
666 3548 811 3639 repelles
831 3567 965 3641 pacem,
986 3543 1049 3615 scd
1067 3547 1156 3615 ultro
1173 3545 1218 3614 illi

140 3671 284 3744 obviam
317 3669 401 3753 ibis,
429 3678 465 3739 et
490 3668 709 3740 tenacissime
735 3671 941 3762 complexus
962 3668 1152 3751 inventam,
1181 3679 1217 3737 ut

140 3793 237 3889 apud
257 3814 323 3864 vos
343 3802 513 3862 aeternum
535 3800 673 3864 maneat
688 3791 842 3875 curabis,
861 3791 955 3885 quod
972 3791 1105 3863 lacilius
1121 3811 1218 3863 asse

142 3916 273 4009 queris,
291 3914 332 3998 si,
347 3914 516 4006 quidquid
535 3915 612 3999 erit,
633 3914 782 3986 sobriam
805 3915 1108 4007 venerandamque
1125 3916 1219 3986 cani-

142 4039 224 4111 tiem
246 4038 281 4108 in
301 4036 434 4108 consilii
456 4047 588 4128 partem
602 4059 718 4109 voces.
739 4040 817 4109 lllos
833 4038 928 4121 audi,
943 4038 1000 4129 qui
1019 4047 1055 4107 et
1072 4038 1218 4106 lortunre

143 4162 244 4234 ludos
277 4180 383 4231 nosse
419 4168 455 4230 et
485 4183 603 4232 amare
629 4160 890 4253 llempublicam
917 4157 1121 4229 didicerunt.
1157 4159 1217 4228 llis

141 4284 234 4354 enirn
254 4281 404 4354 dulcedo
423 4282 518 4376 pacis
543 4294 598 4354 est
619 4282 761 4374 gratior,
789 4281 846 4372 qui
873 4281 1032 4352 contrarii
1054 4281 1218 4352 amaritu-

140 4404 258 4479 dinum
281 4413 550 4498 praegustarunt.
574 4404 696 4476 Caeteri
722 4424 806 4493 ergo
835 4414 1007 4496 tamquam
1033 4403 1128 4496 pacis
1157 4403 1218 4470 bo-

139 4538 213 4601 stes
230 4550 251 4600 a
272 4527 391 4597 limine
412 4536 604 4601 arceantur.
624 4528 742 4620 Neque
763 4526 854 4597 enirn
876 4536 989 4596 tamen
1004 4526 1078 4596 illos
1092 4522 1216 4593 admit-

269 4659 299 4698 ll.
1047 4645 1063 4693 9
