2738 5062
351 705 442 753 claun
464 703 974 762 oulnrusnucntus-nrrsrona
995 705 1014 752 1.
1161 691 1221 753 ata

141 838 334 931 conspexit,
357 849 462 931 atque
483 838 550 908 illis
570 836 746 922 manibus,
770 860 858 930 quas
884 838 1041 910 victoriis
1065 859 1220 931 auroque

140 962 387 1053 compleverat,
411 971 471 1032 aut
495 959 624 1053 quibus
645 960 747 1031 insita
768 961 896 1053 pietate
917 971 1133 1055 pepercerat,
1155 961 1222 1032 oir-

138 1093 346 1154 cumventus
371 1083 540 1154 occubuit.
568 1082 751 1174 Augustus
777 1085 832 1155 illc
859 1085 1053 1179 principum
1078 1083 1222 1154 mitissi-

138 1227 231 1288 mus,
266 1217 301 1274 et
333 1204 438 1275 totius
475 1205 615 1276 humani
650 1206 788 1297 generis
822 1229 939 1278 amore
969 1205 1218 1296 dignissimus,

137 1325 324 1418 inquietam
358 1347 502 1396 suorum
534 1325 848 1418 conspirationibus
880 1328 988 1398 vitam
1017 1327 1098 1418 egit.
1133 1326 1221 1399 Nota

136 1445 275 1538 quidem
300 1456 337 1517 et
361 1447 451 1518 iuter·
476 1447 658 1518 historicos
686 1449 765 1518 trita
791 1470 966 1520 recenseo.
995 1448 1085 1541 Age,
1113 1471 1218 1541 quam

135 1588 263 1658 graves
284 1567 470 1639 discordiae
488 1570 797 1662 contentionesque
823 1568 1030 1654 verborum,
1053 1572 1135 1642 dum
1157 1571 1220 1644 de-

136 1688 254 1759 licatas
274 1710 379 1759 aures
400 1689 531 1761 dictum
551 1691 695 1761 liberius
722 1693 848 1786 pungit
867 1717 907 1765 ac
929 1696 1088 1766 sauciat?
1111 1692 1220 1788 pudet

133 1809 269 1892 cedere,
295 1810 401 1901 pudet
420 1811 526 1896 vinci,
549 1810 643 1903 quod
667 1813 782 1906 ipsum
808 1815 877 1887 etsi
902 1816 991 1885 inter
1016 1836 1137 1886 omnes
1162 1836 1218 1885 or-

132 1931 231 2001 dines
253 1930 450 2013 videamus,
478 1933 723 2004 Sallustianum
751 1945 867 2006 tamen
896 1936 980 2007 illud
999 1946 1055 2006 est
1075 1956 1215 2018 verum,

132 2073 314 2123 commune
335 2053 521 2125 nobilitatis
544 2056 671 2125 malum
693 2077 774 2126 esse
796 2056 1009 2151 superbiam.
1036 2057 1107 2127 lllic
1131 2078 1218 2149 ergo

130 2175 209 2267 plus
243 2175 411 2246 stomachi
444 2175 503 2248 ubi
536 2176 757 2248 excellentiae
791 2179 871 2270 plns
903 2189 974 2250 est:
1003 2177 1217 2273 insitumque

131 2297 255 2368 animis
278 2320 470 2371 caesareum
497 2298 594 2379 illud,
618 2299 816 2390 primordiis
842 2301 1092 2386 resistendum¹
1120 2301 1216 2394 quod

131 2418 304 2491 difficilius
326 2443 346 2492 a
367 2420 476 2514 primo
502 2419 538 2490 in
564 2422 769 2506 secundum,
803 2444 908 2516 quam
942 2446 963 2495 a
999 2424 1155 2495 secundo
1179 2422 1215 2494 in

131 2543 287 2614 ultimum
320 2546 434 2615 locum
467 2543 641 2639 principes
678 2542 921 2620 detrudantur.
960 2546 1034 2639 Age
1072 2568 1213 2619 rursus:

128 2685 290 2757 quaeuam
308 2665 364 2735 illa
383 2686 590 2756 pomparum
610 2667 800 2749 aemulatio,
820 2669 976 2739 vestium
995 2667 1105 2749 labor,
1128 2689 1216 2759 epu·
1326 2682 1332 2692 ·

129 2788 307 2878 larumque
326 2785 517 2869 fastidium,
536 2787 596 2879 qui
621 2811 757 2859 morum
775 2786 892 2875 focae,
912 2790 1007 2884 quod
1026 2787 1214 2860 verborum

127 2910 275 2990 lienum,
294 2929 456 3001 quaenam
475 2909 658 2980 affectuum
678 2909 769 3000 iugis
792 2913 847 2981 illa
866 2912 1108 3003 conpressio?
1125 2911 1214 3002 Ope-

126 3052 206 3102 rosa
226 3052 284 3101 res
304 3042 359 3102 cst
379 3031 533 3101 humana
557 3029 735 3114 iactantia,
762 3028 846 3101 dum
874 3033 931 3102 vel
958 3031 1052 3123 quod
1079 3053 1147 3102 non
1172 3051 1212 3103 os

126 3150 251 3235 videri,
274 3154 330 3222 vel
350 3151 445 3245 quod
465 3172 505 3222 es
527 3150 751 3222 dissimulare
772 3153 912 3224 niteris:
939 3152 1071 3245 duplex
1095 3151 1208 3224 labor:

124 3271 179 3344 bis
200 3284 323 3350 natura
343 3272 529 3358 vincenda,
551 3294 657 3365 quam
679 3278 787 3346 semel
809 3274 939 3346 vicisse
961 3272 1209 3345 difficillimum.

121 3396 215 3481 Quid
235 3396 449 3490 propagandi
469 3395 640 3488 cupiditas
661 3397 825 3481 nominis,
845 3408 881 3467 et
903 3395 1115 3488 posteritatis
1133 3417 1212 3486 gro-

102 3521 170 3604 tia
200 3517 315 3588 studio
351 3515 539 3611 qnaerenda
571 3516 762 3611 pervigili?
797 3516 881 3608 quid
916 3515 1064 3587 filiorum
1097 3515 1210 3610 pietas

122 3648 182 3710 aut
202 3650 365 3735 nepotum
388 3639 585 3730 vetustique
607 3637 749 3729 generis
770 3659 901 3730 anceps
918 3648 1081 3721 eventuS,
1103 3658 1210 3728 gone-

122 3761 211 3832 rosis
236 3763 359 3853 ingens
380 3780 469 3832 cura
491 3759 713 3853 pectoribus‘.l
739 3759 824 3853 quid
851 3760 1008 3851 regimen
1033 3758 1211 3829 effrenatae

120 3868 258 3956 samiliae
282 3893 318 3953 et
342 3893 580 3952 extremorum
608 3880 786 3952 hominum
814 3881 932 3952 odium
963 3901 1057 3974 saepe
1079 3882 1206 3962 latens,

119 4013 367 4095 nonnunquam
393 4002 428 4071 in
454 4002 568 4094 ipsum
593 4001 722 4071 domini
750 4011 856 4094 caput
878 4003 1096 4095 erumpens?
1120 4000 1209 4072 dura

117 4125 267 4196 conditio
288 4125 381 4197 alere
402 4125 553 4216 aliquem
574 4121 649 4212 cogi
677 4122 753 4190 illos
778 4120 907 4214 quibus
934 4121 1014 4190 odio
1040 4122 1117 4213 ipse
1144 4122 1205 4205 sit,

116 4249 244 4341 quique
265 4246 331 4319 sibi
352 4250 468 4318 forsan
487 4244 609 4326 exitio,
633 4240 738 4314 taedio
763 4251 858 4312 oerte
884 4241 977 4323 sint;
1005 4264 1074 4313 non
1100 4265 1207 4336 posse

116 4372 229 4441 solum
253 4393 336 4443 esse
360 4392 440 4442 eum
467 4367 562 4450 volit,
589 4364 741 4435 obsideri
765 4386 903 4458 semper
932 4365 1133 4442 domesticis
1159 4362 1204 4434 ab

116 4489 288 4578 hostibus,
312 4514 418 4566 nosse
440 4487 637 4581 cupiditatis
659 4508 697 4557 se
719 4487 916 4580 multiplicis
938 4487 1091 4583 praedaru
1115 4487 1199 4566 fore,

247 4625 275 4662 ll.
1017 4609 1045 4652 ttt
