2738 5062
140 624 197 686 :tea
475 633 515 680 un
537 631 637 679 annas
658 628 880 679 raanmntnus

140 773 248 865 putris
269 769 378 842 nostri
400 768 550 860 vestigia
571 764 780 839 veniendum
801 774 877 836 est:
899 762 1142 859 praemisimus
1168 766 1236 859 qui

140 895 238 969 nobis
265 901 438 988 praeparet
463 890 560 982 regni
587 888 740 962 coelestis
767 886 1016 968 habitaculum,
1039 896 1078 958 et
1104 908 1235 979 regem

140 1020 268 1091 nostris
294 1016 405 1109 culpis
431 1014 602 1085 offensum
628 1012 789 1106 precibus
815 1010 888 1081 suis
914 1010 1037 1103 placet.
1073 1009 1145 1080 lvit
1172 1011 1234 1085 ille

140 1143 233 1224 felix,
247 1138 380 1231 etquid
397 1135 532 1208 dicam‘l
547 1135 663 1207 Minus
677 1144 734 1206 est
749 1156 851 1206 omne
867 1133 963 1226 quod
974 1132 1101 1223 cogito,
1118 1156 1230 1229 quam

140 1261 233 1354 quod
254 1260 344 1331 illius
365 1259 539 1352 praeconio
563 1259 722 1332 debetur.
745 1256 881 1339 Dicam,
907 1254 1066 1327 deseruit
1088 1262 1232 1331 terras?

142 1382 252 1453 atille
272 1403 449 1474 nunqnam
469 1382 523 1452 hic
543 1382 656 1453 luerat
676 1378 743 1450 nisi
763 1399 917 1473 corpore,
937 1379 1004 1450 boc
1022 1386 1079 1451 est
1102 1403 1175 1454 una
1191 1392 1230 1455 et

143 1505 261 1575 ultima
281 1512 379 1596 parte
401 1503 466 1574 sui.
487 1502 617 1585 Dicam,
639 1500 799 1574 destituit
818 1502 969 1593 corpus?
989 1500 1054 1571 sed
1074 1522 1147 1573 non
1164 1503 1230 1576 ali-

143 1636 195 1697 ter
213 1626 269 1697 ille
288 1647 394 1718 quam
414 1644 589 1696 carcerom
610 1643 738 1717 corpus
760 1620 910 1693 incoluit.
928 1622 1049 1694 Dicam
1068 1626 1190 1697 evasit
1206 1648 1228 1699 c

141 1750 307 1841 corpore?
328 1746 393 1817 hoc
409 1747 496 1816 torte
512 1744 619 1815 rebus
637 1743 933 1816 accommodatius
951 1743 1018 1816 dici
1036 1723 1225 1833 videbitur,

141 1868 275 1941 dicetur
295 1880 411 1939 tannen
433 1866 626 1959 improprie.
646 1865 827 1949 Quomodo
846 1864 939 1935 enim
961 1865 1044 1938 inde
1062 1867 1225 1941 evasisse

142 1992 311 2066 dicendus
336 2002 399 2075 est,
428 1991 487 2086 qni
508 1991 592 2062 dum
614 1999 712 2063 esset
732 1989 765 2059 in
787 2009 940 2083 corpore,
964 1997 1003 2057 ut
1022 1988 1073 2059 ait
1092 1988 1223 2073 Cicero,

141 2113 286 2184 eminuit
306 2114 406 2195 sorae,
425 2123 461 2183 et
477 2135 519 2184 ca
535 2133 617 2206 quae
634 2123 735 2183 extra
753 2119 836 2183 sunt
851 2111 1100 2204 contemplans,
1119 2130 1224 2204 quam

143 2235 294 2303 maxime
320 2254 358 2303 se
383 2255 567 2325 aeorpore
594 2254 730 2328 semper
750 2231 946 2303 abstraxit?
966 2231 1102 2313 Dicam,
1129 2232 1225 2325 petiit

142 2356 290 2426 coelnm‘?
314 2365 350 2425 at
377 2376 516 2447 semper
543 2355 576 2423 in
601 2356 703 2435 coelo,
724 2354 827 2426 etiam
850 2353 933 2426 dum
960 2352 1017 2425 bic
1041 2354 1224 2427 nobiscum

143 2497 223 2547 csse
245 2477 437 2559 videretur,
461 2475 569 2547 sacris
590 2475 856 2566 cogitationibus
879 2476 1067 2549 habitabat.
1091 2478 1224 2561 Dicam,

143 2599 206 2669 ivit
230 2600 276 2673 ad
297 2599 433 2672 sidera‘.l
460 2619 582 2671 verum
604 2597 661 2668 illc
685 2597 719 2667 in
742 2598 844 2669 terris
864 2598 1101 2670 clarissimum
1127 2599 1225 2672 sidus

143 2733 228 2796 erat.
249 2723 379 2807 Dicam,
416 2722 478 2793 ivit
511 2719 556 2791 ad
589 2723 724 2792 Dcum‘?
750 2721 824 2792 sinc
850 2722 921 2791 Deo
947 2720 1112 2813 equidem
1139 2745 1227 2794 nun·

143 2866 246 2939 quam
267 2846 345 2917 luit:
364 2844 492 2938 quippe
517 2844 599 2916 iusti
624 2846 750 2916 anima·
765 2843 868 2915 sedes
895 2858 950 2915 est
976 2845 1051 2929 Dei,
1075 2856 1111 2916 et
1131 2844 1227 2939 quod

144 2964 334 3038 mirabilius
354 2977 453 3038 sonat
474 2988 520 3037 ex
541 2987 602 3038 ore
622 2967 774 3056 gentilis,
800 2964 942 3035 Deusod
957 2966 1106 3037 homiues
1122 2969 1225 3051 venit,

143 3088 255 3182 inquit
274 3091 420 3171 Scncca,
443 3090 536 3157 trulla
568 3090 639 3157 sine
673 3090 741 3158 Deo
775 3109 866 3156 mens
896 3090 982 3157 bona
1006 3099 1063 3159 cst.
1087 3089 1176 3173 Quae
1195 3088 1226 3161 si

143 3234 228 3282 vera
249 3222 346 3294 sunt,
369 3209 510 3303 quando
535 3210 612 3281 sine
633 3212 705 3281 Deo
733 3232 883 3303 unquam
911 3210 975 3281 fuit
1000 3211 1055 3282 ille
1081 3211 1224 3283 mitissi-

144 3353 222 3400 mus
249 3332 442 3405 animarum
475 3343 671 3406 nostrarum
704 3335 822 3425 patcr‘?
854 3331 945 3415 Quid
971 3332 1085 3405 dicam
1117 3334 1228 3425 ergo?

144 3452 210 3521 lvit
230 3451 274 3523 ad
294 3474 375 3523 eum
396 3454 639 3547 proculdubio
663 3455 722 3548 qui
750 3475 866 3525 secum
890 3464 982 3538 erat,
1003 3466 1039 3526 ct
1063 3455 1124 3547 qui
1151 3455 1228 3527 ubi·

143 3597 212 3670 que
231 3584 300 3658 est,
323 3572 365 3645 ad
386 3574 479 3644 illum
503 3575 577 3658 ivit,
600 3598 727 3669 corpus
746 3598 849 3647 suum
872 3576 938 3649 sibi
954 3576 1171 3671 despectum,
1191 3588 1229 3651 et

143 3720 209 3771 nos
226 3696 341 3769 animo
363 3716 427 3766 suo
446 3716 560 3781 caros,
581 3720 663 3769 cum
679 3697 807 3790 quibus
829 3700 874 3773 ad
896 3710 1034 3793 tempus
1058 3698 1230 3773 exulabat

143 3816 366 3913 corporaliter
385 3817 638 3910 derelinquens.
653 3819 697 3889 Et
709 3817 837 3911 quibus
855 3821 990 3906 verbis,
1006 3820 1229 3893 sanctissime

145 3946 287 4035 praesul,
320 3943 485 4037 quodque
518 3963 619 4014 nemo
652 3942 869 4036 gravabitur,
904 3947 1096 4040 praesulum
1117 3942 1229 4017 decus

144 4064 309 4138 eximium
343 4066 453 4139 nostri
486 4066 569 4150 aevi,
603 4065 731 4159 quibus
763 4066 881 4138 verbis
913 4075 949 4139 et
981 4065 1131 4138 felicitati
1156 4075 1230 4137 tuac

144 4191 296 4279 gratuler
315 4199 350 4258 et
370 4189 588 4261 solitudinem
611 4199 764 4260 nostram
786 4187 911 4260 fleam‘l
928 4190 992 4273 Tu,
1007 4209 1147 4283 precor,
1165 4189 1231 4259 sti-

146 4310 216 4380 lum
245 4306 350 4380 rebus
380 4310 547 4401 imparem
577 4321 613 4382 et
641 4312 799 4383 materiae
822 4310 1123 4395 succumbentem,
1147 4332 1228 4383 nam

146 4440 258 4527 poles,
281 4429 496 4502 orationibus
523 4432 591 4504 tuis
613 4434 704 4506 iuva.
732 4434 796 4505 lvit
822 4432 926 4523 igitur
951 4433 1083 4526 praesnl
1109 4441 1230 4505 noster
