2738 5062
334 670 426 721 droun
448 668 738 720 ocultusosscltlus.
750 668 954 720 -ssplsnonn
974 671 1036 720 xvl.
1165 659 1220 719 5ss

143 812 338 883 lnnostros
350 805 617 899 hostes,quibus
627 805 759 876 utinam
770 824 981 888 careremus,
990 804 1104 896 potius
1117 825 1223 897 quam

143 935 181 1005 in
198 931 434 1025 nosmetipsos
454 929 531 1000 haec
550 930 618 1000 tela
636 935 828 999 vertantur.
858 926 984 997 Melius
1013 925 1070 997 hae
1089 925 1223 997 divitiae

142 1055 203 1127 vel
221 1053 497 1125 necessariorum
516 1049 682 1144 praesidia
701 1048 880 1132 bellorum,
902 1050 960 1121 vel
981 1047 1075 1140 pacis
1095 1047 1225 1119 fuerint

143 1181 355 1255 ornamenta,
368 1194 472 1265 quam
483 1170 927 1243 voluntariaeinstrumenta
941 1170 1224 1252 saevitiaeQuan

145 1306 219 1369 tum
239 1306 339 1388 potes
356 1295 527 1376 accelera;
546 1294 711 1385 quoniam
731 1292 920 1387 praeteritis
938 1314 1141 1365 succurrere
1153 1311 1223 1362 non

144 1417 238 1501 licet,
262 1413 472 1487 instantibus
502 1416 623 1485 saltem
650 1414 751 1486 malis
772 1436 923 1486 occurre.
945 1415 1016 1485 Nec
1041 1422 1222 1506 expectes,

144 1538 230 1611 dum
250 1547 321 1611 tota
340 1537 416 1609 haec
433 1536 638 1631 impendens
655 1536 736 1607 belli
758 1536 870 1608 nubes
891 1537 926 1607 in
946 1546 1103 1607 nostrum
1121 1543 1225 1627 capnt

144 1658 355 1742 detonuerit,
386 1670 422 1730 et
454 1657 625 1748 sanguine
649 1660 790 1752 proprio
822 1658 919 1729 ltalia
937 1659 1050 1730 omnis
1076 1655 1224 1729 inunda-

144 1782 250 1866 verit,
268 1780 408 1874 quando
428 1779 571 1871 gemitui
591 1801 661 1851 non
683 1781 750 1851 iam
770 1780 916 1851 consilio
936 1782 1032 1851 locus
1053 1779 1128 1851 erit.
1151 1781 1225 1850 llx-

146 1902 354 1997 pergiscere,
370 1911 520 1993 tuosque
532 1901 628 1973 cives
641 1901 770 1984 excita,
784 1910 820 1973 et
831 1899 1008 1995 publicum
1026 1901 1091 1973 illis
1105 1912 1225 1973 osten·
1329 1978 1333 1987 ,

144 2024 189 2099 de
207 2023 409 2119 pericnlum.
431 2027 503 2096 Hoc
532 2025 586 2095 fac
615 2025 712 2116 prins
742 2046 847 2116 quam
873 2034 998 2096 cuncta
1023 2025 1222 2117 depereant,

144 2147 347 2241 priusquam
374 2146 419 2217 de
450 2146 546 2218 ltalia
573 2148 631 2216 vel
658 2147 835 2217 desertum
865 2147 922 2217 vel
951 2145 1132 2218 barbaries
1152 2146 1223 2219 fiat.

145 2270 238 2343 Cave
257 2292 302 2342 ne
321 2292 401 2343 cum
427 2278 552 2341 natura
572 2279 606 2341 te
630 2267 748 2340 mitem
770 2267 1020 2362 pacificumque
1047 2270 1223 2361 genuerit,

143 2396 378 2486 populumque
400 2401 495 2463 tuum
517 2414 672 2475 omnem,
704 2393 804 2465 cuius
830 2392 866 2465 in
893 2392 1102 2465 immensum
1125 2403 1225 2465 eructa

142 2514 288 2587 felicitas
300 2536 370 2587 non
382 2514 566 2600 bellorum,
590 2515 653 2587 sed
670 2518 767 2609 pacis
784 2526 819 2586 et
836 2515 977 2587 institiae
989 2515 1224 2587 fundamentis

143 2634 312 2721 innititur,
334 2635 379 2708 de
398 2637 532 2707 illorum
553 2658 661 2729 grege
686 2635 884 2715 videamini,
907 2637 975 2727 qui,
1001 2644 1039 2707 ut
1058 2635 1106 2705 ait
1126 2637 1223 2705 Psal-

142 2758 256 2843 mistn,
282 2760 512 2853 cogitaverunt
536 2759 724 2849 iniquitates
742 2760 779 2828 in
800 2755 908 2840 corde,
936 2768 1002 2827 totu
1024 2755 1077 2827 die
1103 2759 1225 2828 consti-

127 2863 277 2953 tuebant
302 2883 433 2974 proeliu.
460 2882 510 2953 Ne
535 2885 655 2954 forsan
680 2877 839 2951 eiusdem
865 2878 1066 2976 imprecatio
1094 2879 1130 2951 in
1156 2900 1223 2952 vos

142 3003 258 3086 cudae
281 3000 406 3095 dissipo
430 3015 554 3092 pentes,
580 3026 653 3094 pute
678 3002 760 3072 bellu
786 3003 910 3073 colunt.
943 3001 1034 3072 Nihil
1060 3000 1162 3085 enim,
1185 3011 1224 3072 ut

142 3124 304 3210 arbitror,
322 3123 480 3197 odiosius
500 3126 573 3196 Deo
593 3136 648 3197 est
667 3148 771 3218 quam
790 3146 913 3197 curare
931 3134 969 3194 et
987 3122 1062 3207 niti,
1083 3132 1122 3194 ut
1141 3145 1221 3194 cum

142 3244 197 3319 ille
225 3258 260 3318 te
291 3247 409 3339 aliqua
441 3247 629 3337 singularis
658 3248 739 3319 dote
775 3246 915 3319 virtutis
946 3244 1135 3327 ornaverit,
1163 3255 1222 3316 tua

142 3380 265 3465 sponte
282 3379 318 3443 et
335 3371 513 3462 voluptate
540 3371 689 3462 quadam
711 3371 826 3454 edera,
862 3372 974 3442 malus
996 3369 1072 3441 fias.
1094 3368 1222 3453 Quam-

141 3490 261 3565 obrem
286 3491 389 3565 etiam
415 3502 521 3584 atque
545 3492 649 3565 etiam
675 3493 733 3563 bic
754 3493 892 3575 insisto,
915 3495 1042 3565 clamo:
1074 3513 1222 3587 sequere

141 3633 210 3685 non
228 3612 326 3704 vulgi
346 3615 515 3697 furorem,
538 3611 600 3685 sed
621 3623 781 3687 naturam
811 3623 906 3687 tuam
925 3614 1109 3688 dexteram
1130 3634 1223 3684 sem-

141 3756 202 3827 per
222 3735 258 3806 in
277 3745 429 3830 partem,
451 3746 488 3808 et
503 3737 547 3808 ad
569 3737 711 3809 meliora
732 3739 898 3831 quaelibet
915 3751 948 3811 te
964 3747 1159 3810 vocantem.
1178 3736 1223 3806 Et

142 3854 171 3925 si
189 3856 395 3948 vulgaribus
413 3859 507 3931 auris
524 3847 566 3929 eo
578 3862 666 3930 forte
688 3862 871 3953 prolapsus
885 3880 924 3931 es
945 3881 1016 3950 qno
1033 3882 1102 3929 non
1119 3878 1222 3949 opor-

142 3974 219 4060 tuit,
240 3979 379 4050 retrabe
413 4002 505 4052 nunc
530 3981 635 4051 ctiam
655 3980 780 4072 pedem
806 3980 852 4049 ab
880 3981 1017 4072 incepto
1041 3975 1218 4068 praecipiti,

140 4092 223 4166 dum
244 4097 335 4184 licet,
351 4100 434 4171 dum
455 4099 608 4171 nondum
627 4098 737 4190 signis
759 4098 860 4190 signa
877 4099 1003 4169 collata
1023 4107 1114 4182 sunt,
1136 4097 1219 4169 dum

142 4224 238 4290 tonat
258 4220 372 4292 adhuc
397 4221 569 4294 necdum
595 4223 754 4293 fulminat
783 4221 874 4291 llurs
896 4220 1108 4303 horrendus,
1136 4221 1219 4292 dum

141 4336 231 4410 inter
260 4362 398 4413 amaras
431 4354 468 4412 et
500 4343 682 4415 horribiles
716 4343 795 4414 belli
824 4343 934 4413 minas
968 4344 1080 4416 audiri
1105 4352 1220 4437 potest

141 4457 382 4534 dulcissimum
400 4466 496 4556 pacis
516 4486 652 4536 nomen.
677 4463 832 4555 Denique
852 4463 935 4533 duni
958 4486 1038 4555 spes
1059 4487 1128 4535 una
1148 4473 1216 4531 tam
