2738 5062
349 519 442 569 nunu
462 518 944 569 necrunsrnnrrns-nrrsrona
967 520 1016 567 vu.
1160 507 1216 569 “tlt

146 653 221 727 deo.
245 651 443 725 Occurrunt
467 651 559 721 enim
586 649 679 721 omni
704 671 751 720 ex
779 659 877 744 parte
912 650 1114 742 phrenetici,
1143 673 1220 744 per-

141 783 343 857 mutantur,
379 772 562 870 arripiunt,
594 772 735 858 docent,
770 773 959 869 disputant,
998 775 1217 859 altercantur,

139 896 264 969 dcent
298 915 380 989 quae
416 917 592 989 nunquam
626 897 834 967 Mantuanus
869 903 1007 991 pastor,
1042 918 1220 989 nunquam

144 1019 319 1091 blaeonius
340 1038 452 1090 senex
478 1018 590 1091 novit:
620 1029 655 1090 et
678 1017 852 1111 indignor,
879 1019 982 1091 etad
1007 1029 1220 1112 postremum

143 1152 264 1215 metuo
287 1163 330 1213 ne
349 1142 435 1213 forte
455 1140 678 1233 magistratus
703 1141 737 1212 in
757 1141 812 1213 ius
833 1141 954 1235 rapiat,
978 1152 1220 1237 corruptaque

146 1263 346 1362 reipublicae
368 1285 448 1336 reus
466 1263 543 1334 sim.
561 1261 630 1334 Scd
646 1286 715 1357 quo
731 1266 843 1336 feror?
860 1264 1022 1336 Dicebam
1044 1263 1145 1337 modo
1166 1286 1220 1335 me

149 1411 215 1483 non
232 1388 363 1460 habere
382 1387 476 1479 quod
494 1384 695 1457 scriberem.
712 1387 766 1456 En
786 1386 891 1459 meris
907 1409 953 1459 ex
970 1386 1072 1478 nugis
1092 1387 1220 1481 episto·

149 1514 215 1583 lam
237 1520 371 1583 textam
391 1509 501 1582 vides.
524 1506 685 1581 Dicebam
706 1531 762 1580 me
782 1510 915 1581 nescire
934 1510 989 1582 cui
1012 1508 1220 1593 scriberem

150 1643 185 1705 tu
206 1633 263 1704 bis
280 1631 436 1725 legendis
453 1631 656 1727 aptissimus
674 1630 773 1702 visus
786 1653 837 1703 cs.
852 1632 886 1701 Si
903 1654 966 1702 cur
982 1633 1119 1724 quaeris,
1137 1652 1221 1704 cau·

151 1778 223 1829 sam
242 1756 318 1829 dixi
338 1776 455 1827 unam.
472 1752 571 1827 Addo
589 1753 706 1825 aliam:
727 1756 808 1847 quia
825 1754 968 1839 scilicet,
988 1766 1025 1824 ut
1044 1776 1065 1825 a
1081 1754 1221 1827 ludicris

151 1880 290 1953 tandem
304 1878 349 1950 ad
366 1879 456 1949 scria
474 1890 701 1962 revertamur,
720 1877 907 1973 promptior
924 1879 994 1949 eris
1011 1878 1055 1951 ad
1074 1876 1220 1960 veniam,

153 2003 180 2074 si
200 2002 307 2074 totius
325 1999 419 2072 orbis
438 2000 654 2094 poematibus
675 2022 715 2071 ac
732 2000 841 2094 poetis
860 2000 1035 2073 obnoxius
1050 2012 1086 2073 et
1100 2000 1221 2072 obses-

154 2148 226 2210 sus,
251 2124 298 2196 ad
321 2123 514 2196 communis
540 2122 674 2193 Domini
699 2135 844 2216 tuasque
866 2124 997 2196 litteras
1028 2148 1075 2196 cx
1100 2123 1221 2195 itincre

153 2250 277 2321 missas
291 2268 360 2319 nou
377 2246 541 2340 respondi
555 2247 654 2318 aliter
670 2269 772 2339 quam
789 2271 825 2319 rc
843 2249 926 2342 ipsa.
946 2249 1127 2343 inquibus
1146 2271 1220 2319 suae

155 2371 286 2464 pietatis
319 2379 355 2440 et
380 2369 429 2441 tui
457 2368 583 2440 amoris
614 2368 714 2460 signa
740 2373 925 2465 perspexi:
950 2394 1098 2465 quarum
1130 2391 1221 2465 prae-

155 2503 289 2588 ceptum
322 2515 363 2564 ac
392 2492 571 2565 consilium
598 2504 752 2578 secutus
779 2517 858 2566 cum
884 2495 967 2566 mihi
993 2497 1060 2566 iam
1086 2506 1221 2566 moturo

155 2615 492 2691 vestraiucubuisset
501 2614 697 2698 auctoritas,
711 2637 872 2705 gressum
884 2616 1022 2687 cohibui
1032 2626 1221 2708 expectans

153 2739 253 2811 anxie
278 2737 362 2808 dum
388 2737 498 2831 potui;
519 2737 628 2806 Deum
651 2744 772 2818 testor,
800 2738 929 2807 nullam
959 2745 1099 2831 proptor
1124 2758 1221 2828 spem

151 2860 262 2956 ipsius
296 2882 343 2931 ex
373 2859 494 2931 litteris
527 2858 689 2928 oblatam.
726 2856 869 2928 Gloriari
897 2856 1035 2950 quidem
1066 2859 1160 2951 apud
1190 2870 1223 2931 te

150 3006 219 3059 non
242 2994 382 3054 'vereor
418 3004 524 3054 nosse
561 3002 615 3051 mc
647 2978 822 3051 bominem
860 2981 991 3051 nullum
1026 2981 1139 3053 minus
1176 2981 1223 3053 illi

150 3108 308 3181 deditum
326 3104 477 3198 passioni
494 3107 577 3176 lore.
596 3101 729 3174 Etenim
744 3101 828 3173 nihil
846 3124 963 3197 spero:
983 3104 1050 3175 scis
1066 3126 1223 3175 causam:

151 3229 235 3324 quia
255 3232 327 3300 iere
348 3228 450 3300 ctiam
472 3227 555 3298 nibil
576 3234 666 3321 opto.
690 3227 881 3319 Expectnvi
907 3236 1022 3298 autom
1045 3237 1081 3299 ut
1099 3249 1225 3300 veron-

154 3353 237 3425 dum
251 3350 337 3423 mihi
354 3348 510 3446 praeclari
523 3347 613 3419 illius
630 3359 665 3419 ct
680 3349 798 3442 optimi
811 3350 878 3421 viri
890 3353 1035 3435 vultum,
1055 3374 1098 3423 ne
1112 3362 1225 3423 tecum

155 3471 283 3567 aliquid
305 3471 355 3543 de
381 3480 414 3542 te
440 3472 575 3564 loquar,
604 3473 725 3542 saltem
749 3475 854 3545 semel
879 3472 1016 3547 videam
1042 3483 1225 3567 antequam

155 3597 287 3670 abeam.
310 3595 416 3667 Cuius
437 3594 499 3679 rei,
530 3602 712 3688 postquam
739 3598 847 3667 semel
872 3596 1003 3682 abiero,
1025 3598 1127 3689 longa
1148 3617 1224 3667 sum

157 3740 336 3816 passurus,
346 3726 553 3809 utauguror,
563 3729 599 3789 ct
608 3719 777 3790 inamoena
791 3718 1028 3791 ieiunia.lnter
1040 3730 1227 3814 expectan-

157 3845 239 3917 dum
266 3842 371 3933 igitur
397 3840 457 3911 ubi
483 3863 539 3911 me
564 3840 687 3913 litteren
710 3863 869 3936 reperere
899 3840 1064 3912 bimestre
1089 3850 1226 3937 tompus

157 3965 351 4060 absumpsi,
369 3984 518 4057 cumque
534 3964 568 4034 in
582 3960 685 4034 finem
707 3965 812 4035 curirn
830 3963 942 4034 taediis
962 3963 1075 4034 victus
1096 3986 1225 4049 essem,

158 4091 259 4173 cessi,
280 4090 398 4172 fatcor,
417 4109 457 4174 uc
474 4087 622 4159 secessi:
644 4087 706 4157 sed
723 4109 792 4156 non
808 4086 944 4176 longius
965 4107 1070 4179 quam
1087 4089 1131 4160 ad
1149 4112 1227 4159 cam

160 4210 397 4295 solitudinem,
418 4232 497 4304 quen
517 4208 599 4279 mibi
621 4208 666 4280 ad
690 4211 817 4278 iontem
838 4206 971 4300 sorgiae
991 4220 1057 4295 cst,
1079 4232 1228 4303 quaeque

160 4360 215 4409 me
237 4335 426 4407 curialibus
449 4336 545 4408 malis
565 4338 696 4406 fossum
720 4355 875 4405 recreare
897 4335 985 4406 solot
1006 4333 1227 4405 alternatione
