2738 5062
157 621 216 681 208
496 632 536 678 nn
559 631 658 678 nunnus
679 630 898 681 inminuamus

155 776 249 870 qnod
269 776 429 847 minoret
450 773 565 855 tandm
593 797 718 849 verum⁴
747 799 795 847 ex
814 799 857 848 ea
881 776 1064 861 charitate,
1092 799 1176 871 quae
1201 788 1237 853 te

155 898 385 989 minimeque
410 896 471 967 tibi
491 896 656 980 conciliat,
679 898 712 967 in
734 897 853 990 primis
874 898 1043 971 admoneo
1064 909 1118 983 nt,
1137 901 1235 993 prius

154 1042 258 1114 qnam
276 1019 321 1090 ad
341 1018 471 1090 alienas
492 1020 610 1089 veniat
628 1040 764 1104 manus,
784 1019 941 1092 intendas
961 1020 1020 1091 ubi
1043 1020 1104 1092 uni
1125 1024 1237 1095 versi-

154 1147 244 1226 culo,
263 1164 367 1234 quern
389 1142 643 1234 longiusculum
662 1141 801 1224 offendi,
824 1140 1080 1215 incumbentem
1093 1142 1235 1217 obelum

152 1267 347 1361 inspexeris
367 1264 448 1336 fidei
470 1286 557 1335 meae
583 1264 743 1345 indicem,
772 1264 1028 1358 abscindasqne
1052 1265 1150 1358 quod
1174 1289 1236 1339 su·

152 1389 300 1483 perfluit.
313 1389 433 1481 Neque
447 1386 506 1458 tibi
520 1389 635 1457 forsan
654 1386 781 1460 idcireo
797 1389 998 1482 displiceas:
1018 1389 1089 1460 seis
1107 1397 1143 1460 in
1159 1401 1234 1463 arte

152 1513 284 1607 poetica
303 1510 468 1605 seriptum
494 1531 589 1594 esse,
618 1509 711 1603 quod
734 1510 925 1602 parendoque
950 1514 1053 1582 donus
1078 1511 1235 1585 dormitat

152 1635 323 1704 Homerus.
346 1636 436 1704 Sane
462 1633 557 1726 quod
581 1631 642 1703 tibi
668 1656 828 1705 curarum
854 1643 992 1705 tuarum
1018 1634 1232 1728 ponderibus

150 1759 291 1850 fatigato
311 1779 399 1850 opus
420 1755 550 1826 auxilio
571 1776 649 1826 meo
669 1754 769 1838 dicis,
791 1756 876 1827 iacis
896 1756 1075 1828 humiliter
1095 1767 1135 1828 nt
1153 1758 1231 1829 reli·

150 1903 229 1974 qua.
251 1880 365 1973 Atque
388 1880 518 1949 utinam
546 1878 579 1947 in
606 1878 744 1970 ingenio
765 1900 848 1962 meo,
875 1879 975 1951 cuius
995 1887 1032 1950 et
1065 1878 1230 1974 imploras

150 2026 253 2096 opem
272 2012 308 2073 et
327 2004 468 2074 dilatam
489 2001 597 2085 doles,
617 2000 741 2093 aliquis
760 1999 828 2071 tuis
849 1999 994 2073 idoneus
1016 2002 1231 2093 tempestati·

151 2125 218 2196 bus
240 2134 362 2217 portus
391 2136 501 2203 essem
536 2125 685 2217 profecto
710 2145 778 2195 non
805 2125 953 2195 sinerem
975 2135 1008 2196 te
1027 2124 1163 2197 diutius
1182 2124 1230 2197 ia-

152 2248 249 2319 ctari.
272 2249 379 2341 Spero
400 2253 514 2316 autern
536 2268 604 2316 non
623 2246 659 2316 in
680 2246 824 2318 Thetide
844 2249 901 2318 vel
919 2246 1094 2343 Neptuno,
1114 2246 1230 2325 sedin

155 2391 197 2441 eo
218 2370 316 2440 cuius
338 2379 384 2436 est
405 2389 494 2436 nrure
515 2379 544 2436 et
564 2369 632 2460 ipse
649 2370 727 2458 serit
747 2368 841 2451 illud,
867 2370 961 2463 quod
985 2371 1070 2442 vitae
1099 2383 1229 2445 nostru

152 2490 307 2562 mortalis
331 2489 479 2561 tumidos
501 2489 628 2560 fluctus
647 2499 683 2560 et
707 2489 935 2562 humanarum
962 2514 1080 2565 rerum
1104 2514 1229 2591 perpe·

149 2614 218 2687 tuis
239 2612 380 2684 flatibus
398 2610 547 2703 agitat-os
570 2611 745 2683 salutifero
765 2611 913 2685 tridente
933 2626 1145 2711 compescet.
1165 2616 1228 2689 Via

149 2738 241 2810 idem
263 2758 303 2807 ac
324 2735 507 2818 terminuS,
530 2735 604 2807 dux
630 2745 664 2805 et
688 2755 820 2820 comeS,
843 2737 940 2808 labor
963 2760 1004 2809 ac
1030 2741 1225 2831 praeminin.

147 2859 333 2952 Equidem,
352 2858 447 2951 quod
464 2859 509 2930 ad
530 2880 701 2930 summam
725 2866 835 2929 status
862 2859 908 2929 tui
930 2861 1065 2943 attinet,
1086 2863 1173 2935 satis
1193 2864 1228 2934 in

146 2984 301 3076 epistola,
325 3004 428 3075 qnam
450 2980 494 3054 ad
516 2994 547 3053 te
581 2981 698 3053 ultimo
730 2981 816 3065 misi,
851 2982 1064 3055 disseruisse
1088 2986 1225 3071 videor,

145 3107 231 3177 meis
247 3105 372 3188 verbis,
392 3105 456 3176 sed
472 3104 582 3174 aliena
600 3103 778 3174 sententia.
798 3104 925 3197 Scripsi
944 3105 1035 3175 enim
1055 3106 1117 3178 tibi
1135 3107 1225 3182 iilius

144 3227 211 3296 viri
231 3225 348 3316 optimi
380 3236 415 3294 et
447 3225 648 3295 excelientis
680 3225 861 3296 consitium
896 3238 1052 3311 secutus,
1075 3231 1173 3322 qnod
1193 3241 1225 3303 te

144 3346 274 3437 legisse
299 3353 334 3415 et
359 3345 527 3438 probasse
551 3346 631 3431 iam,
661 3369 767 3439 reque
794 3349 868 3442 ipsa
891 3349 1118 3442 probaturum
1145 3375 1226 3425 esse

144 3466 290 3538 confido.
311 3468 386 3538 ‚Cui
420 3469 496 3538 viro
527 3479 564 3538 ut
594 3479 652 3540 tuo
681 3469 817 3539 nomine
846 3480 963 3560 grates
988 3493 1090 3562 agam
1113 3473 1222 3557 iubes,

144 3590 244 3682 qnasi
271 3611 384 3660 meum
413 3610 538 3660 nornen
563 3589 623 3660 tibi
653 3589 687 3658 in
721 3589 811 3661 illins
846 3591 1009 3682 gratiam
1026 3596 1224 3688 assurgenti

143 3712 256 3804 aliqua
274 3723 319 3793 ot,
338 3723 373 3782 ut
387 3713 461 3806 ipse
482 3711 550 3794 εἰς,
571 3734 639 3799 non
658 3734 766 3804 parva
784 3735 830 3783 ex
850 3726 947 3806 parte
967 3719 1144 3808 profuerit.
1166 3722 1223 3792 Vi-

144 3832 187 3903 de
204 3842 332 3917 antem,
351 3856 427 3916 ore,
451 3856 509 3915 ne,
534 3833 562 3903 si
581 3855 733 3927 paream,
752 3838 809 3905 vel
829 3841 1039 3930 arrogantiae
1061 3843 1146 3912 mihi
1168 3847 1222 3917 vel

144 3955 290 4028 inscitiae
312 3968 479 4039 vertatur,
503 3979 580 4027 eum
606 3966 636 4026 te
656 3957 770 4049 potins
792 3959 837 4028 ilii
860 3983 921 4053 pro
943 3986 997 4033 me
1019 3965 1139 4055 ignoto
1160 3968 1222 4038 ho-

142 4074 233 4145 mine
254 4077 327 4148 iure
348 4091 407 4150 tuo
428 4077 559 4169 gratias
580 4099 688 4169 agere
713 4100 776 4170 par
797 4079 856 4157 sit;
877 4084 971 4173 quod
992 4085 1021 4154 si
1044 4088 1151 4160 nihilo
1171 4098 1221 4159 ta-

142 4218 221 4267 men
254 4199 368 4280 voles,
393 4200 674 4291 reprehensionis
701 4204 848 4295 propriae
882 4227 1041 4295 securus,
1065 4211 1218 4304 petitioni

145 4333 214 4391 tuae
233 4319 418 4409 obsequar.
440 4322 571 4415 Nempe
592 4346 682 4395 nune
706 4325 817 4396 eidem
840 4328 886 4396 iili
911 4329 955 4400 de
982 4353 1018 4403 re
1043 4335 1216 4406 maxima:

141 4441 225 4536 qnid
241 4441 332 4511 enim
355 4440 442 4510 inter
463 4444 631 4515 ironrines.
654 4457 727 4539 post
748 4448 922 4535 virtutem,
942 4454 1090 4526 amicitia
1108 4458 1217 4527 maius
