2738 5062
139 634 177 696 ltt
479 650 520 697 nn
542 649 642 698 nanus
663 648 885 698 rnurunnruus

144 795 158 829 u
188 787 256 858 ego
288 765 485 837 Danubium
521 775 558 836 et
588 765 765 848 Rhenum,
793 763 916 834 Indum
946 775 982 836 et
1005 762 1221 861 Hydaspem,

144 919 159 954 a
188 890 393 962 Rhodanum
421 900 456 962 et
473 889 622 971 Iberum,
642 888 866 980 Euphratem,
889 887 1029 979 Tigrim,
1050 888 1220 981 Gangem,

145 1042 160 1075 »
189 1012 311 1106 Halym
334 1021 370 1083 et
394 1011 561 1095 Hebrum,
589 1009 729 1081 Tanaim
747 1020 783 1081 et
799 1008 964 1092 Araxen3
984 1030 1053 1102 ego
1069 1012 1223 1084 Taurum

145 1163 160 1198 r
188 1144 224 1205 ot
240 1135 440 1229 Olympum,
461 1156 528 1225 ego
545 1134 739 1203 Caucasum
760 1140 797 1203 et
812 1132 974 1214 Atlanta;
995 1153 1062 1222 ego
1088 1133 1223 1207 lonium

145 1285 161 1320 a
189 1268 225 1328 et
245 1257 408 1347 AEgoum,
431 1255 611 1351 Scythium
632 1264 736 1348 atque
761 1253 984 1347 Carpathium
1011 1276 1131 1338 mare3
1157 1276 1226 1347 ego

65 1428 68 1433 -
146 1409 160 1443 r
189 1379 482 1472 Hellesponticum
497 1376 610 1448 sinum
624 1386 661 1448 et
673 1376 846 1449 Euboicas
860 1398 1000 1459 arenas;
1018 1398 1087 1468 ego
1100 1375 1226 1450 Adria·

144 1527 159 1564 a
190 1499 294 1570 ticum
316 1509 352 1569 et
373 1496 612 1593 Tyrrhenum,
647 1496 796 1589 denique
829 1496 1059 1589 perdomitum
1091 1498 1225 1570 nostris

146 1647 161 1684 n
188 1619 362 1690 classibus
383 1618 573 1702 Oceanum,
596 1617 748 1690 hostiurn
771 1619 874 1689 simul
900 1628 937 1689 et
954 1628 1115 1691 natorum
1144 1640 1225 1692 san·

146 1770 161 1805 n
191 1741 297 1833 guinc
317 1742 519 1827 cruentavi,
542 1751 580 1813 nt
600 1751 733 1812 tantum
761 1741 890 1812 scilicet
909 1739 1077 1813 bellorum
1104 1762 1225 1814 semen

146 1894 161 1928 r
189 1887 259 1959 pax
279 1874 410 1936 aeterna
432 1873 653 1957 sequeretur,
680 1872 718 1933 et
737 1884 799 1955 per
818 1864 1006 1934 multorum
1027 1885 1155 1936 manus
1179 1864 1226 1937 ad

144 2016 160 2051 n
190 2000 224 2060 te
243 2001 430 2061 venturum
453 1986 664 2059 stabiliretur
689 1985 883 2081 imperium.
904 1987 975 2058 Nec
995 2008 1075 2058 mea
1098 2010 1158 2059 me
1177 1990 1226 2061 se-

147 2138 162 2174 »
191 2111 274 2181 tellit
294 2110 459 2190 intentio;
480 2109 552 2178 voti
572 2130 713 2202 compos
734 2105 848 2179 omnia
870 2108 938 2179 sub
962 2109 1112 2202 pedibus
1137 2110 1225 2182 meis

148 2258 162 2294 i
191 2229 274 2302 vidi.
302 2231 385 2302 lnde
411 2229 540 2300 sensim
568 2229 685 2300 nescio
715 2250 866 2321 quonam
900 2228 1021 2313 modo,
1047 2229 1115 2302 nisi
1142 2230 1225 2323 qaia

146 2381 161 2417 n
192 2352 386 2424 mortalium
400 2372 503 2445 opera
512 2372 581 2422 non
594 2351 783 2422 decetesse
797 2349 1011 2431 immortalia,
1020 2350 1055 2421 in
1069 2351 1223 2425 laborem

148 2504 163 2538 »
193 2496 309 2544 mcum
335 2472 473 2566 irrepsit
498 2470 677 2564 segnities,
703 2479 739 2541 el
757 2493 802 2541 ne
827 2470 1076 2545 lacrimabilem
1106 2472 1226 2546 ordiar

147 2625 162 2660 n
192 2595 380 2679 historiam,
400 2615 568 2688 quorsum
587 2615 625 2664 se
644 2614 701 2665 res
723 2592 904 2683 redegerit,
929 2591 1039 2665 vides.
1061 2596 1115 2666 Tu
1139 2592 1225 2665 mihi

149 2743 163 2780 »
191 2736 297 2810 prope
317 2714 386 2786 iam
407 2715 606 2808 desperanti
627 2712 796 2786 divinitus
815 2713 1018 2799 destinatus,
1040 2715 1128 2808 quid
1148 2736 1226 2788 ces-

148 2869 163 2902 »
193 2841 275 2910 sas?
306 2838 391 2932 quid
414 2837 570 2930 cogitas?
594 2835 679 2930 quid
711 2839 901 2928 expectas?
934 2857 1018 2907 sane
1043 2858 1223 2931 nunquam

148 2990 162 3026 r
192 2971 252 3033 aut
272 2983 339 3054 ego
358 2962 529 3054 egentior,
557 2969 618 3032 aut
644 2970 681 3031 tu
701 2958 746 3030 ad
766 2980 866 3052 opem
889 2959 1066 3031 ferendam
1091 2960 1223 3054 aptior,

148 3113 163 3147 n
192 3093 253 3154 aut
278 3085 456 3155 Romanus
481 3083 640 3155 Pontifex
664 3082 877 3166 clementior,
900 3090 961 3153 aut
985 3083 1085 3154 favor
1104 3082 1167 3154 Dei
1190 3094 1226 3156 et

148 3235 163 3268 u
191 3206 369 3276 bominum
384 3204 665 3295 propensior‚aut
678 3202 842 3275 illustrior
855 3203 1227 3295 resagendabiffers?

149 3356 164 3391 a
193 3326 330 3395 inimica
344 3346 483 3417 semper
496 3324 632 3415 magnis
647 3346 744 3396 mora
761 3326 948 3421 principiis.
963 3329 1137 3412 bloveant,
1152 3350 1227 3399 mo-

148 3478 163 3514 »
192 3457 298 3519 veant
317 3447 470 3518 animum
492 3456 588 3517 tuum
609 3449 771 3541 exempla
791 3449 983 3522 clarissima
1003 3470 1143 3536 corum,
1165 3449 1226 3545 qui

149 3600 163 3636 a
193 3569 276 3641 nibil
295 3569 329 3640 in
348 3569 484 3640 senium
501 3568 700 3640 differentes
718 3568 867 3639 oblatam
883 3572 988 3641 semel
1006 3570 1225 3643 occasionem

150 3722 164 3757 r>
193 3692 426 3787 impigerrime
449 3700 646 3784 rapuerunt.
673 3689 873 3762 Alexander
893 3690 1035 3764 Macedo
1060 3714 1103 3763 ea
1122 3704 1226 3768 aetale

149 3843 163 3879 a
192 3835 261 3907 qua
276 3837 367 3886 nunc
383 3834 423 3885 es
440 3813 580 3884 Oriente
596 3822 782 3905 pererrato,
803 3813 964 3886 indorum
983 3837 1090 3907 regna
1108 3818 1227 3909 pulsa-

149 3966 164 4001 »
192 3936 268 4023 bat,
303 3937 415 4008 aliena
448 3945 622 4029 rapturus.
652 3938 702 4007 Tu
729 3945 826 4007 tuum
854 3947 1033 4033 repetens,
1060 3930 1224 4009 devotam

150 4088 165 4123 r
195 4059 253 4130 tibi
273 4083 340 4132 non
357 4057 501 4132 intrabis
522 4059 676 4130 ltaliam?
691 4057 814 4130 cadom
832 4060 898 4131 hac
914 4071 1017 4131 aetate
1035 4069 1095 4131 tua
1113 4058 1227 4152 Scipio

149 4209 164 4244 u
193 4180 376 4253 Africanus
409 4182 444 4253 in
476 4180 626 4253 Africam
661 4190 921 4271 transgressus,
951 4203 1073 4253 senum
1101 4201 1228 4273 quarn·

151 4334 166 4367 n
194 4305 249 4376 vis
270 4305 467 4377 retrahente
487 4306 671 4387 sententia,
694 4304 829 4375 nutanti
856 4305 923 4375 iarn
947 4303 1141 4376 struinam
1164 4302 1228 4373 mi-

152 4458 166 4493 »
196 4428 288 4501 nanti
315 4427 459 4522 imperio
491 4427 567 4520 pias
593 4426 752 4500 adhibuit
772 4448 908 4499 manus.
930 4429 1051 4520 ltaque
1077 4422 1228 4496 incredi-
