2738 5062
343 724 434 772 tanen
456 724 971 777 sentinosnscntos.—setsrona
994 730 1013 777 1.
1155 718 1211 779 att

146 882 161 915 r
191 864 274 935 torn,
298 868 336 926 ut
355 857 403 926 ait
423 855 502 927 alibi
523 854 638 939 idem,
660 860 822 949 quamvis
840 862 953 952 priora
970 862 1039 933 sint
1060 872 1215 957 tempore

145 1005 161 1041 r
189 999 281 1046 nova
312 989 424 1048 tanen
452 979 691 1072 anteponenda
719 990 801 1051 sunt
829 981 1018 1073 dignitate3
1051 988 1214 1077 quoniam

144 1128 161 1163 r
189 1100 245 1169 ilia
277 1110 394 1170 vetera
421 1100 592 1192 praeconia
612 1114 693 1173 sunt
719 1122 900 1174 novorum.
923 1134 938 1169 r
965 1107 1083 1199 ltaque
1106 1118 1145 1178 ut·
1170 1109 1214 1181 ad

141 1222 353 1317 propositum
375 1232 528 1295 revertar
550 1226 608 1295 lex
629 1225 702 1318 ipsa
725 1226 884 1310 Mosaios,
906 1229 1069 1320 quamvis
1094 1231 1216 1303 huma·
1277 1278 1286 1296 ,

140 1367 265 1417 narum
287 1347 402 1436 legum
424 1346 579 1416 omnium
600 1348 834 1431 sanctissima,
857 1350 932 1444 ipsa
954 1360 1082 1433 tamen,
1106 1362 1144 1422 ut
1165 1351 1216 1423 vi·
1261 1322 1266 1341 ¹

141 1469 219 1549 des,
247 1468 281 1537 in
301 1467 416 1537 multis
438 1466 561 1557 gratiae
580 1468 698 1551 cessit,
721 1491 801 1561 quae
826 1492 886 1563 per
904 1472 1019 1543 Iesum
1039 1458 1240 1544 Christum'

142 1590 230 1659 iacta
249 1598 314 1659 est.
334 1587 447 1660 Huius
467 1598 582 1660 autem
609 1591 718 1661 solius
737 1600 794 1661 est
813 1593 871 1662 iex
892 1593 947 1665 iiia
967 1593 1152 1666 immobilis
1181 1603 1217 1664 et

141 1720 270 1782 aeterna
288 1709 369 1779 nulii
390 1731 541 1801 unquam
560 1732 718 1794 cessura3
732 1713 795 1785 sed
812 1713 867 1785 cui
891 1715 946 1784 vol
962 1736 1117 1786 cessurae
1135 1728 1218 1787 sunt

142 1853 263 1903 omnes
280 1834 336 1902 vei
354 1842 548 1903 cesserunt.
569 1833 653 1902 Haec
672 1844 727 1904 est
746 1833 802 1904 iiia
824 1833 1044 1930 suscipienda
1064 1838 1123 1907 icx
1143 1837 1215 1919 Dei,

141 1953 186 2027 de
207 1974 275 2045 qua
297 1928 497 2027 Lactantius
517 1953 677 2025 Caeciiius
698 1956 903 2027 Formianos
927 1977 993 2028 non
1014 1957 1124 2028 otiose
1145 1957 1219 2048 agit

142 2075 176 2145 in
196 2075 346 2168 quodam
366 2078 440 2147 ioco
459 2105 474 2140 n
491 2097 571 2167 quae
589 2098 652 2147 nos
671 2077 714 2148 ad
733 2077 912 2171 sapientiae
929 2078 994 2149 iter
1013 2078 1139 2170 dirigit,
1162 2080 1218 2153 iiia

147 2224 161 2260 r
192 2209 332 2281 sancta,
364 2198 421 2268 iiia
440 2197 591 2269 coetestis
618 2220 721 2290 quam
749 2200 887 2272 Marcus
908 2199 1039 2271 Tullius
1064 2199 1098 2270 in
1133 2200 1219 2273 iibro

146 2349 161 2384 r>
191 2319 229 2389 de
246 2320 424 2413 Rrprrbdcc
436 2319 538 2391 tertio
550 2320 867 2415 penedivinavoce
882 2321 1049 2416 depinxit.
1072 2349 1088 2385 r
1111 2323 1218 2394 Cuius

142 2464 211 2534 ego
231 2465 275 2513 ne
296 2445 395 2536 plura
410 2441 562 2515 dicerem
583 2441 692 2514 verbo
712 2442 893 2521 subieci«
918 2446 982 2515 Est
998 2445 1149 2536 quidem,
1168 2445 1220 2513 in-

148 2592 164 2628 »
191 2563 264 2658 quit
282 2563 416 2647 Cicero,
435 2585 520 2635 vera
538 2566 610 2648 lex,
626 2574 720 2636 recta
737 2565 838 2648 ratio,
857 2576 992 2637 naturae
1009 2585 1217 2656 congruens,

147 2714 163 2752 r
190 2685 317 2758 diffusa
333 2685 369 2755 in
385 2705 522 2770 omnes,
544 2696 721 2770 constans,
738 2688 945 2779 sempiterna
958 2708 1039 2778 quae
1061 2697 1162 2757 vocet
1175 2687 1219 2758 ad

146 2838 161 2873 i
189 2809 340 2882 officium
370 2807 534 2892 iubendo
556 2810 749 2881 vetandoa
776 2808 897 2879 fraudo
924 2809 1114 2892 deterreas
1139 2830 1220 2900 quae

150 2959 164 2994 r
194 2940 308 3002 tamen
328 2952 440 3024 neque
456 2930 584 3024 probos
601 2933 729 3002 frustra
746 2930 842 3002 iubet
862 2942 921 3001 aut
943 2940 1051 3012 vetat,
1075 2952 1137 3002 nec
1151 2929 1220 2999 im-

150 3079 166 3116 »
194 3052 323 3146 probos
351 3054 503 3126 vetando
533 3063 595 3123 aut
620 3052 772 3125 iubendo
797 3062 925 3138 movet.
951 3053 1037 3123 Huic
1065 3052 1130 3142 tegi
1156 3073 1221 3122 nec

150 3203 166 3239 s
194 3174 353 3267 obrogari
371 3177 423 3248 ias
442 3186 640 3269 estusque
657 3174 816 3279 derogari
835 3173 966 3267 aliquid
980 3194 1027 3243 ex
1047 3172 1110 3245 hac
1130 3173 1218 3256 iicet,

150 3318 166 3353 s
194 3310 307 3384 neque
332 3301 401 3364 tota
421 3290 583 3385 abrogari
605 3301 733 3386 potest:
755 3311 820 3360 nec
842 3309 926 3360 vero
952 3297 1014 3359 aut
1037 3310 1099 3382 per
1120 3308 1220 3359 scne-

148 3442 164 3477 r
193 3423 279 3495 tum,
301 3425 362 3484 aut
382 3436 444 3508 per
465 3416 627 3509 populum
650 3411 738 3484 solvi
759 3412 824 3482 hac
841 3412 918 3502 logo
935 3431 1139 3502 possumus,
1158 3432 1220 3517 ne-

149 3566 165 3601 »
191 3558 259 3629 que
284 3546 340 3606 est
363 3536 577 3627 quaerendus
602 3535 826 3626 explanator,
853 3542 914 3603 aut
939 3533 1110 3627 interpres
1143 3533 1219 3605 cius

150 3686 165 3720 r
192 3658 295 3742 alius,
314 3680 379 3729 nec
392 3658 458 3729 crit
470 3658 537 3729 aiio
556 3659 612 3729 lex
630 3656 763 3741 Romae,
779 3657 845 3728 alia
858 3656 1020 3741 Athenis,
1034 3656 1101 3728 alia
1119 3677 1219 3737 nunc,

148 3809 164 3846 r
191 3783 258 3853 aiio
278 3780 439 3874 posthac,
470 3780 532 3852 sed
556 3790 591 3851 ct
609 3802 731 3852 omnes
752 3791 875 3871 gentes
896 3790 932 3850 ct
951 3778 1045 3852 omni
1067 3787 1219 3871 tempore

148 3932 164 3967 s
193 3926 261 3974 una
290 3906 347 3974 lex
378 3913 414 3975 et
443 3904 653 3997 sempiterna
688 3913 724 3975 ct
752 3900 978 3973 immutabitis
1017 3897 1218 3973 continebit:

149 4055 163 4089 a
191 4048 353 4119 unusque
373 4026 440 4096 crit
458 4024 652 4095 communis
672 4025 772 4114 quasi
793 4022 960 4111 magister
979 4030 1016 4090 et
1033 4020 1219 4111 imperator

148 4176 163 4212 r
190 4148 342 4220 omnium
366 4149 474 4230 Deus,
497 4146 553 4217 iiic
573 4144 660 4235 tegis
679 4142 782 4213 huius
800 4142 973 4226 inventor,
992 4139 1217 4233 disceptator,

148 4247 295 4341 n'iator:
315 4271 372 4343 cui
391 4271 451 4363 qui
473 4292 542 4340 non
564 4265 697 4358 parebit
717 4264 791 4356 ipse
816 4284 854 4333 se
875 4261 985 4354 fugiet
1004 4274 1040 4333 ct
1059 4271 1218 4333 naturam

147 4422 163 4458 n
190 4393 342 4464 hominis
359 4398 578 4484 aspernatus,
603 4388 669 4459 hoc
695 4386 770 4478 ipso
792 4387 862 4457 luet
889 4384 1059 4457 maximas
1082 4402 1218 4476 poenas,

149 4543 164 4577 r
191 4514 329 4586 etiamsi
353 4525 481 4586 coetera
507 4531 592 4615 7ιιιιειι
618 4519 782 4604 putantur
808 4509 977 4604 supplicia
1002 4502 1174 4596 effugerit.
1202 4527 1217 4563 r

269 4648 294 4685 ιι.
1035 4624 1065 4651 ·‘'
