2738 5062
490 701 532 749 ott
553 700 653 750 REBUS
674 701 894 751 rntttttttttttttts

569 975 748 1040 uttstotn
768 976 812 1038 ttt.

229 1169 424 1220 rutttctsctts
445 1166 615 1217 perannat
635 1165 812 1216 uttttttctsco
833 1166 939 1216 Putottt
959 1164 1151 1220 SANCTORUM

497 1270 730 1320 teosrotoutttt
752 1270 779 1320 S.
800 1271 829 1321 P.
851 1271 881 1321 1t.

235 1445 351 1502 Librum
363 1452 393 1505 ‚ct
407 1443 553 1519 epistotam
567 1442 651 1500 mittit
664 1448 696 1498 ut
710 1439 809 1499 Iacobo
824 1441 972 1499 florentino
984 1440 1141 1499 tradantur.

246 1682 447 1757 Communis
459 1680 592 1755 amicus
605 1703 650 1754 an
662 1703 755 1754 nunc
767 1680 872 1755 etiam
885 1680 1050 1754 Bononiae
1064 1683 1117 1766 sit
1131 1680 1231 1773 igno-

148 1831 197 1885 ro.
219 1808 357 1880 Mallem
379 1806 413 1876 in
434 1803 621 1877 Academia
640 1806 696 1885 vet
717 1805 905 1875 Parnasso:
926 1805 1063 1876 mallem
1087 1803 1229 1876 Platone

146 1933 203 2004 vet
223 1931 373 2002 Homero
392 1928 495 2012 duce,
514 1949 619 2020 quam
640 1925 785 2021 Ulpiano
807 1926 856 1998 uti
877 1927 982 1998 vellet
1001 1936 1064 1997 ant
1087 1927 1228 1999 Scaevo·

147 2054 193 2137 ia,
215 2051 474 2146 Pyeridumqne
493 2048 615 2132 modis,
639 2070 743 2142 quam
765 2050 883 2140 legum
903 2048 1004 2121 nodis
1023 2047 1227 2121 intenderet.

146 2173 215 2245 Sed
235 2176 343 2264 vulgo
362 2195 452 2243 unus
472 2171 612 2244 obstare
633 2192 778 2264 nequeo.
806 2171 898 2242 Satis
925 2172 969 2242 sit
994 2171 1078 2242 mihi
1105 2171 1228 2263 vulga-

146 2296 235 2368 rium
256 2294 456 2388 opinionum
474 2293 635 2364 evasisse
657 2303 855 2377 torrentem,
879 2294 907 2363 si
926 2305 1040 2365 tamen
1060 2292 1175 2377 evasi,
1192 2302 1229 2365 et

147 2440 216 2489 non
229 2417 303 2512 ipse
320 2438 399 2487 cum
419 2414 568 2485 millibus
589 2437 730 2507 mergor
747 2436 787 2488 ac
804 2415 930 2509 rapior.
953 2415 1096 2491 Gratum
1117 2418 1227 2487 fateor

146 2554 281 2612 mecum
303 2557 401 2614 meos
427 2536 591 2609 educere:
614 2535 643 2607 si
663 2559 732 2609 non
753 2559 898 2631 possum
917 2537 1024 2608 satvis
1046 2536 1226 2629 gratulari,

145 2663 267 2754 lugere
284 2663 472 2753 naufragos
490 2679 560 2731 non
577 2668 685 2731 vetor.
701 2660 875 2732 Coeterum
895 2661 970 2732 sive
988 2660 1044 2731 ilte
1061 2658 1228 2732 Bononiae

145 2782 361 2856 nuncetiam
390 2781 489 2874 degit
522 2781 590 2866 illa,
625 2803 706 2876 quae
731 2781 892 2861 omnibus
918 2785 991 2854 sere
1016 2780 1142 2854 studiis
1167 2804 1229 2876 par

145 2914 209 2991 est,
230 2904 386 2978 discendi
408 2903 583 2997 cupidine,
607 2903 684 2977 sive
718 2905 925 2977 Florentiam
959 2904 1060 2977 rediit
1091 2901 1228 2996 magnis

145 3025 330 3120 Cisalpinae
349 3025 475 3107 Galliae,
490 3024 642 3098 motibus
674 3048 695 3098 e
727 3028 844 3100 studio
865 3029 987 3122 pulsus
1008 3027 1044 3097 in
1065 3026 1226 3119 patriam,

143 3151 272 3246 quibus
303 3173 366 3244 per
385 3150 451 3221 hos
480 3148 572 3235 dies,
600 3160 639 3222 ut
664 3150 774 3236 videS,
801 3173 870 3225 non
896 3151 973 3224 sine
999 3151 1106 3224 totins
1123 3170 1228 3247 propo

143 3271 252 3343 ltaliae
271 3270 536 3364 Germaniaeque
553 3281 664 3353 motu,
686 3271 854 3364 Ligurum
874 3294 916 3346 ac
933 3273 1145 3345 Venetorum
1165 3290 1226 3365 pe-

143 3393 337 3465 tentissima
356 3415 454 3465 arma
475 3393 677 3480 miscentur,
691 3392 889 3489 quibusque
904 3394 987 3467 urbs
1005 3396 1063 3467 illa
1084 3394 1223 3476 miseru-

142 3513 221 3585 bitis
242 3516 321 3584 olim
343 3517 473 3587 laetitiae
498 3517 705 3601 clarissima,
740 3538 832 3588 nunc
865 3516 1014 3588 tristitiae
1046 3521 1144 3588 tusca
1162 3511 1223 3585 do-

143 3658 235 3720 mus,
255 3658 382 3727 graves
404 3661 515 3731 nuper
536 3637 693 3710 audaciae
714 3661 835 3733 poenas
854 3640 944 3724 tulit,
965 3639 1070 3711 rebus
1089 3637 1175 3734 ipsis
1191 3644 1224 3709 et

143 3758 314 3852 sanguine
337 3759 477 3856 proprio
501 3774 660 3855 experta,
682 3784 787 3854 qnam
813 3784 936 3835 verum
958 3771 1013 3835 est
1033 3761 1119 3835 illud
1144 3762 1224 3833 Cor-

141 3882 300 3957 dubense
319 3886 513 3977 vulgatum,
540 3884 647 3978 quod:

399 4084 524 4148 libertas
542 4084 644 4163 populi
662 4100 755 4163 quem
772 4100 865 4163 regna
882 4093 1021 4148 coercent

299 4183 448 4246 Libertate
465 4181 560 4262 perit:

140 4371 366 4465 ubicumque,
389 4375 543 4466 inquam,
572 4376 660 4448 inter
685 4375 750 4447 hos
778 4387 893 4450 motus
915 4375 971 4447 itte
992 4373 1137 4461 habitat,
1164 4397 1220 4447 cu-

140 4496 235 4569 rabis
269 4507 307 4567 ut
340 4492 585 4569 Ciceronianus
610 4499 666 4570 hic
695 4499 840 4583 libellus,
864 4497 940 4571 sive
965 4520 1069 4591 quem
1097 4499 1142 4571 ab
1167 4497 1221 4569 itto
