2738 5062
427 697 519 746 LIBER
542 697 902 748 usdraus-emmona
925 701 967 748 lll.
1030 710 1036 717 ·
1200 693 1235 753 ’Π

156 859 277 912 mrern.
301 834 373 907 Sed
392 836 585 906 evasimus.
606 833 680 904 Non
702 835 736 907 id
755 845 885 908 nostroe
902 846 1035 907 naturae
1055 836 1238 931 privilegio

154 959 294 1042 aecidit;
307 958 375 1031 sed
395 956 516 1031 diviua
535 955 715 1028 elementia
734 957 925 1030 evasimus.
951 959 1021 1030 Sed
1043 960 1156 1053 perire
1175 983 1238 1056 po

153 1084 297 1163 luimus,
324 1091 362 1152 et
385 1090 481 1151 uerte
504 1077 707 1163 debuimus,
732 1078 800 1148 nisi
824 1100 888 1151 nos
914 1081 1112 1154 miserieors
1136 1084 1238 1156 Pater

152 1202 305 1307 viuifieis
325 1201 436 1275 oeulis
457 1178 668 1293 aspexisset.
690 1200 892 1284 Evasimus,
916 1203 978 1275 sed
1010 1204 1141 1277 eisdem
1176 1228 1237 1298 pe

152 1328 341 1400 rieulorum
361 1322 553 1416 generibus
570 1326 641 1397 uoti
662 1338 695 1397 et
714 1327 796 1399 soeii
818 1327 963 1421 periere,
978 1327 1143 1413 inoendio,
1162 1330 1237 1419 glu-

151 1449 217 1533 dio,
235 1467 390 1531 caruere,
408 1444 599 1538 naufragio,
619 1447 765 1540 aliisque
784 1448 1094 1521 innumerabilibus
1112 1449 1234 1532 modis,

149 1592 302 1666 quorum
335 1577 479 1664 propter
512 1568 620 1642 dums
648 1579 684 1641 et
717 1579 876 1642 recentes
909 1571 1097 1642 amicorum
1131 1591 1236 1643 casus

150 1692 263 1787 tristis
279 1701 318 1763 et
337 1689 463 1763 acerba
483 1691 638 1763 narratio
657 1702 722 1763 est.
744 1693 838 1763 Inter
858 1692 923 1765 bos
948 1694 1092 1785 laqueos
1112 1690 1236 1764 ambu-

151 1814 312 1900 lavimus,
334 1823 441 1906 atque
458 1811 549 1885 inter
569 1813 635 1885 bos
656 1816 818 1907 scopulos
838 1813 1097 1905 navigavimus
1117 1815 1233 1885 irater.

150 1936 241 2019 Quid
262 1936 411 2029 loquor?
430 1932 538 2016 Quasi
559 1956 661 2029 aequa
680 1936 831 2007 conditio
858 1935 905 2007 sit
928 1936 1135 2008 amborum?
1160 1937 1236 2027 Ego

150 2060 259 2131 miser
278 2057 370 2129 inter
386 2057 530 2129 eosdem
551 2079 676 2129 versor
692 2058 848 2141 assidue
864 2067 899 2129 tu
913 2058 991 2142 iam,
1006 2061 1079 2130 Deo
1091 2058 1233 2150 gratias,

149 2193 289 2276 portum
310 2189 422 2251 tenes.
440 2180 540 2251 Felix
560 2179 647 2251 bora
668 2202 738 2272 qua
764 2190 866 2252 natus
883 2202 932 2265 es,
949 2181 1032 2253 lelix
1052 2201 1156 2253 omne
1173 2203 1234 2274 pe-

149 2302 299 2373 rieulum
314 2301 409 2394 quod
429 2311 463 2373 te
483 2322 547 2394 per
571 2303 679 2373 multa
702 2303 941 2396 experimenta
965 2303 1234 2377 formidabilium

150 2443 281 2505 rerum,
298 2420 342 2493 ad
357 2444 510 2493 amorem
529 2422 726 2495 securitatis
739 2423 898 2496 adduxit.
907 2425 1040 2509 Conler,
1055 2447 1126 2509 oro,
1142 2448 1234 2497 nuno

150 2546 218 2618 ista
233 2568 314 2619 eum
332 2546 409 2631 illis,
422 2567 504 2617 cum
520 2546 727 2620 turbulentis
740 2549 865 2643 opibus
880 2549 1134 2641 quietissimam
1149 2571 1233 2642 pau-

148 2678 336 2765 pertatem,
354 2690 434 2741 eum
458 2668 588 2740 amaris
606 2670 754 2762 negotiis
786 2670 888 2742 dulee
917 2670 1044 2755 otium,
1066 2693 1145 2742 eum
1168 2669 1233 2739 ini-

147 2791 227 2885 quis
243 2789 406 2863 hostibus
427 2789 575 2882 optimos
595 2793 735 2874 iratres,
762 2791 915 2884 denique
934 2813 1013 2863 eum
1040 2790 1158 2861 litibus
1185 2788 1233 2858 si-

147 2912 306 2999 lentium,
329 2934 411 2985 cum
429 2911 541 2984 turbis
562 2911 799 2995 solitudinem,
826 2933 905 2983 eum
933 2910 1080 2982 urbibus
1108 2908 1232 2992 silvas,

147 3056 228 3105 eum
261 3033 565 3106 comissationibus
599 3031 739 3114 ieiunia,
777 3053 855 3102 eum
879 3030 1061 3101 ninnrnis
1094 3029 1234 3102 choreis

147 3165 336 3229 nocturnos
353 3156 490 3240 choros,
508 3166 686 3250 postremo
700 3175 779 3225 eum
798 3151 979 3223 Avenioue
996 3150 1230 3235 chartusiam

145 3301 225 3351 uum
247 3277 397 3350 terrenis
414 3277 577 3370 periculis
601 3277 778 3349 ooelestem
805 3295 939 3368 pacem„
962 3295 1041 3345 eum
1064 3271 1234 3344 servitute

148 3400 277 3473 Diaboli
298 3398 486 3471 amicitiam
511 3398 587 3482 Dei,
615 3421 695 3470 oum
721 3409 832 3470 morte
857 3405 1025 3492 perpetua
1049 3395 1233 3490 sempiter-

146 3546 224 3595 nam
246 3521 369 3594 vitam.
390 3520 544 3592 Neeesse
562 3520 643 3604 erit,
666 3529 699 3591 te
716 3519 954 3592 felicissimum
976 3519 1116 3591 lateare.
1140 3517 1232 3609 Urge

147 3643 377 3736 propositum,
399 3663 519 3737 preme
539 3641 632 3734 quod
653 3640 798 3735 eoepisti.
819 3640 895 3712 Non
915 3649 950 3711 te
973 3639 1070 3713 labor
1091 3648 1228 3722 terreat,

147 3785 216 3838 nou
230 3769 372 3859 frangat
388 3764 570 3859 asperitas.
591 3764 702 3837 Flueoi
720 3762 868 3835 verbum
887 3772 958 3836 est:

668 4021 713 4085 llil
729 4023 796 4085 sine
813 4037 925 4100 magno

429 4118 495 4181 Vita
511 4119 613 4185 labere
629 4119 710 4184 dedit
726 4120 915 4184 moralibus.

141 4376 241 4460 Quod
271 4374 304 4446 si
332 4373 368 4444 iu
393 4372 460 4443 bac
485 4371 573 4455 vita,
601 4371 645 4442 de
671 4391 741 4461 qua
761 4369 818 4439 ille
843 4366 1061 4462 loquebatur,
1089 4367 1230 4439 minima

121 4499 242 4573 ‘etiarn
280 4516 413 4587 magno
437 4504 612 4578 constant,
640 4492 733 4584 quod
762 4490 887 4564 totiens
916 4491 1092 4565 ineassum
1123 4510 1229 4561 aucu-
1261 4595 1266 4601 ι
