2738 5062
311 707 403 754 trouu
424 706 932 764 outnrusoscruus.-urrsronr
953 709 994 756 rv.
1130 694 1191 757 283

528 984 705 1049 Erlslotl
726 985 771 1049 lv.
797 1006 799 1010 “

132 1183 324 1234 ΕΒΑΝΕΙΒΩΠΒ
342 1182 510 1232 Pnrntnct
528 1182 618 1231 LUCAE
636 1182 814 1232 sttcssnnorl
830 1183 1031 1233 PLllCENTINO
1048 1185 1074 1232 S.
1094 1184 1121 1232 P.
1140 1184 1170 1230 ll.

146 1374 287 1429 Adversus
301 1371 491 1442 obiurgatores
505 1371 606 1442 quibus
620 1370 663 1424 sui
676 1371 705 1424 in
720 1369 829 1425 ltaliam
843 1371 948 1427 reditus
962 1372 1073 1442 vulgata
1085 1370 1160 1425 lama

395 1459 580 1514 calumniandi
595 1458 713 1530 praebuit
727 1459 907 1514 occasionem.

208 1694 303 1763 Duas
328 1690 432 1762 simul
455 1691 620 1783 epistolas
649 1702 726 1761 tuas
752 1689 886 1785 accepi,
917 1690 1189 1763 exhortatoriam

110 1817 251 1886 alteram
272 1812 387 1884 animo
408 1834 486 1884 meo
506 1812 741 1903 gratissimam
763 1822 798 1884 et
818 1813 907 1883 inter
931 1813 1037 1884 huius
1059 1823 1190 1905 tempo·

111 1936 159 2007 ris
191 1955 342 2025 angores
374 1942 480 2025 atque
513 1933 650 2004 fastidia
683 1956 752 2004 non
777 1934 880 2006 modo
905 1934 1105 2016 iucundam,
1129 1932 1190 2004 sed

109 2079 216 2150 prope
235 2055 485 2127 necessariam:
507 2057 649 2125 alteram
672 2076 757 2125 vero
777 2054 1093 2149 reprehensorum,
1120 2076 1190 2127 non

110 2178 225 2250 minus
258 2177 378 2270 utique
405 2175 623 2269 placituram,
659 2176 688 2247 si
722 2176 947 2268 reprehensio
972 2176 1065 2247 iusta
1091 2178 1188 2248 toret.

109 2301 168 2370 llla
189 2298 346 2391 quidem,
370 2276 496 2380 utais,
518 2319 587 2368 non
608 2306 757 2383 tuaest,
785 2296 850 2369 sed
873 2298 982 2390 vulgi,
1005 2319 1085 2390 quae
1112 2298 1191 2370 licet

109 2420 253 2492 auribus
278 2421 416 2502 infesta,
444 2430 558 2490 tamen
583 2420 736 2492 animum
763 2438 830 2489 non
859 2421 1017 2513 attingit:
1045 2443 1126 2494 nam
1152 2432 1191 2495 ut

109 2541 248 2613 minime
267 2563 397 2613 novum
419 2541 601 2615 calumniae
618 2564 747 2633 genus,
767 2541 814 2612 itu
832 2541 901 2613 scis
917 2565 974 2613 me
996 2563 1089 2637 saepe
1110 2565 1190 2636 pas-

109 2683 187 2733 sum
209 2661 301 2743 talia,
324 2671 360 2733 et
380 2661 521 2734 minime
545 2663 687 2747 mirum,
710 2683 766 2732 me
787 2664 915 2753 populo
934 2662 1128 2756 displicere.
1150 2665 1189 2738 ld

107 2785 222 2877 potius
244 2784 349 2856 miror
370 2783 453 2855 dum
474 2782 647 2853 interdum
670 2803 725 2853 me
745 2780 790 2852 ab
811 2782 867 2854 illo
887 2780 1049 2853 laudibus
1073 2783 1190 2875 inspe-

108 2907 192 2977 ratis
212 2916 249 2977 et
267 2905 392 2976 invisis
412 2903 581 2976 celebrari
601 2902 715 2975 audio.
739 2904 823 2974 Cum
848 2902 960 2997 prima
980 2903 1071 2973 enim
1093 2926 1190 2977 amo

108 3028 157 3098 ris
189 3047 295 3099 cansa
329 3025 518 3098 similitudo
551 3025 608 3108 sit,
642 3045 710 3116 ego
735 3023 769 3093 in
799 3023 865 3095 hoc
897 3022 1188 3115 occupatissimus

109 3169 247 3240 semper
266 3147 329 3232 lui,
353 3159 391 3219 ut
410 3149 517 3238 vulgo
537 3143 791 3218 dissimillimus
818 3145 1021 3228 evaderem;
1042 3146 1136 3239 quod
1159 3148 1189 3220 si

108 3290 260 3363 unquam
283 3270 382 3360 plene
403 3268 546 3361 assequi
564 3277 718 3363 potuero,
739 3279 812 3338 tum
829 3267 970 3339 demum
992 3291 1048 3340 me
1063 3267 1189 3340 felicis-

107 3390 236 3462 simum
258 3389 462 3462 arbitrabor.
484 3390 667 3474 Quomodo
688 3389 793 3482 igitur
816 3392 988 3485 placerem
1010 3391 1090 3476 illis,
1112 3389 1190 3485 qui-

107 3509 174 3584 hus
209 3520 248 3583 ut
276 3511 478 3605 displiceam
505 3533 643 3584 summo
671 3534 809 3605 semper
831 3513 946 3587 studio
972 3515 1072 3587 nisus
1093 3536 1186 3598 sum,

110 3654 188 3705 cum
222 3643 460 3706 assentatores
485 3632 602 3708 blandi
630 3633 822 3728 plebiculae,
854 3633 983 3727 quibus
1008 3636 1187 3709 diversum

110 3756 261 3830 studium
300 3757 512 3850 intentioque
548 3757 720 3830 contraria
749 3765 818 3842 est,
847 3757 910 3828 vix
943 3756 1077 3830 artibus
1115 3757 1188 3828 suis

107 3876 269 3948 omnibus
290 3877 426 3971 possint
445 3879 539 3971 quod
559 3879 703 3971 copiunt
723 3880 890 3962 invenire,
913 3902 1061 3972 quorum
1087 3880 1189 3973 pleri-

107 4018 177 4088 que
195 4008 276 4093 post
296 3999 457 4091 pudendo
477 3997 622 4072 artificio
640 4001 808 4093 quesitas
829 4000 951 4071 laudes
979 4022 1046 4071 non
1074 4002 1186 4073 solum

108 4116 329 4206 ignominiam
350 4121 465 4192 versis
483 4127 624 4212 repento
642 4118 833 4208 suffragiis,
851 4118 924 4200 sed,
939 4117 1073 4189 illorum
1091 4141 1188 4192 more

37 4262 40 4267 ·
106 4241 165 4330 qni
192 4241 321 4335 pardos
347 4250 408 4311 aut
441 4242 548 4331 tigres
578 4249 639 4312 ant
663 4241 782 4310 leones
808 4237 983 4311 blanditiis
1010 4242 1184 4325 aluerunt,

108 4380 202 4454 saepe
222 4362 328 4435 etiam
348 4362 500 4434 delinitae
520 4362 631 4457 plebis
654 4362 818 4456 impetum
840 4372 900 4434 aut
926 4362 1070 4436 insidias
1091 4363 1187 4458 passi

108 4486 213 4552 sunt?
233 4484 303 4556 Sed
323 4485 510 4557 redeamus
528 4484 572 4556 ad
588 4483 738 4582 propria.
760 4483 846 4557 Nolo
866 4486 1001 4559 mireris
1023 4489 1053 4557 si
1075 4488 1109 4555 in
1132 4506 1187 4555 me
