2738 5062
153 625 192 687 ta
493 636 534 683 nn
555 636 656 685 nnnus
677 636 900 686 annullamus

153 754 247 824 licet
259 761 309 824 tot
321 749 525 845 pignoribus
544 751 679 847 spretis,
697 751 787 824 inter
801 753 1000 848 Scyllamet
1011 751 1234 848 Charybdim,

152 874 241 944 inter
262 874 437 964 nigrantes
459 871 590 943 Averni
606 873 757 944 vortices
777 895 961 946 senescere
979 875 1109 958 maluit,
1128 897 1234 969 quam

151 995 259 1078 domi,
282 997 410 1065 nnllam
433 994 532 1067 aliam
551 995 596 1067 ob
613 1016 766 1078 oausam,
788 1017 893 1088 quam
912 995 1156 1089 utaliquando
1175 1018 1233 1071 se-
1281 1040 1285 1045 ·

151 1141 240 1202 nex,
262 1118 395 1190 doctior
419 1118 454 1187 in
479 1118 624 1212 patriam
651 1129 831 1189 remearet.
858 1119 902 1188 Et
926 1139 1049 1189 revera
1074 1119 1104 1191 si
1124 1141 1235 1216 expe-

151 1240 276 1311 rientia
295 1249 404 1312 artem
426 1238 515 1321 lacit,
538 1237 623 1330 quid
643 1237 870 1311 artificiosum
890 1239 1022 1330 quidve
1042 1241 1113 1313 alta
1128 1242 1234 1315 laude

150 1363 293 1453 dignum
317 1383 458 1455 sperare
480 1362 684 1454 relinquitur
701 1360 748 1432 illi
765 1361 826 1454 qui
842 1370 997 1454 paternae
1013 1363 1139 1435 domus
1153 1385 1234 1457 per-

150 1495 276 1579 petuus
297 1494 417 1556 custos
438 1485 526 1554 luit?
545 1485 629 1556 Boni
651 1483 757 1555 villici
776 1493 833 1555 eat
851 1483 886 1553 in
903 1484 998 1556 avito
1014 1506 1096 1556 rure
1115 1487 1234 1559 consi·

150 1618 255 1689 sterc,
280 1606 411 1677 telluris
439 1626 513 1677 suae
538 1605 610 1675 vim
632 1604 831 1698 bonumque
851 1627 1084 1697 cognoscere3
1109 1618 1233 1681 contra

150 1727 278 1798 nobilis
299 1726 390 1799 etin
415 1729 522 1798 altum
548 1727 689 1799 nitentis
715 1726 843 1819 ingenii
868 1737 936 1810 est,
964 1731 1091 1801 multas
1118 1738 1231 1803 terras

149 1859 185 1920 et
202 1851 387 1920 multorum
414 1871 530 1920 mores
557 1848 735 1920 hominum
762 1847 907 1932 vidisse,
935 1849 1233 1943 verissimumque

147 1972 315 2062 estquod
341 1973 434 2066 apud
459 1969 643 2062 Apuleium
669 1969 793 2062 legisti.
819 1971 895 2042 Non
920 1970 1094 2044 immerito
1119 1973 1229 2058 enirn,

148 2091 270 2184 inquit,
299 2094 423 2184 priscae
448 2093 593 2186 poeticae
627 2093 767 2166 divinus
801 2103 940 2178 auctor,
980 2092 1073 2186 apud
1106 2093 1230 2169 Graios

149 2234 297 2284 summm
317 2213 510 2305 prudentiae
530 2214 645 2285 virum
663 2226 858 2287 monstrare
870 2215 1025 2309 cupiens,
1040 2218 1230 2289 multarum

147 2333 328 2405 civitatum
349 2333 445 2405 obitu
466 2344 502 2404 et
525 2334 702 2406 variorum
730 2337 935 2428 populorum
960 2334 1230 2427 cognituaum·

148 2478 224 2527 mas
265 2455 429 2548 adeptum
463 2456 611 2529 virtutes
648 2457 792 2538 cecinit3
825 2457 921 2548 quod
952 2435 1053 2552 poeta
1084 2458 1228 2551 quidem

147 2589 266 2650 noster
290 2579 459 2662 imitatus,
483 2601 584 2650 suum
612 2579 757 2649 AEneam
778 2579 880 2663 nosti,
907 2590 992 2673 quot
1015 2580 1163 2655 urbibus
1187 2605 1229 2657 ao

130 2700 305 2791 litoribus
338 2701 573 2773 circumducit.
604 2702 655 2772 Tu
680 2701 820 2773 domino
852 2712 972 2773 nostro
1003 2705 1226 2796 compateris,

145 2824 241 2914 quod
261 2823 391 2915 aliquid
408 2833 537 2918 praeter
554 2823 704 2895 Parisios
722 2822 829 2894 vidit?
845 2823 916 2895 Nec
936 2823 1099 2917 intelligis
1120 2849 1227 2920 quam

145 2955 282 3034 gratum
310 2945 546 3038 spectaculum
577 2945 624 3016 illi
656 2945 720 3016 luit
751 2943 901 3036 ingenio,
930 2946 1040 3020 oculis
1065 2968 1224 3035 cernere,

143 3066 238 3159 quod
263 3067 470 3158 cogitatione
494 3066 717 3160 praeviderat.
755 3068 889 3138 Etenim
913 3068 943 3139 si
968 3069 1002 3139 in
1028 3068 1226 3141 Tusculano

143 3188 324 3280 disputans
358 3188 477 3259 Cicero
507 3187 576 3257 ait:
602 3186 741 3278 Aliquid
772 3189 913 3282 assequi
947 3210 986 3261 se
1011 3199 1134 3283 putant
1165 3190 1226 3285 qui

143 3310 272 3380 ostium
292 3308 389 3379 Ponti
410 3308 575 3379 viderunt
594 3317 630 3378 et
648 3330 708 3380 eas
729 3311 912 3403 angustias
930 3334 991 3406 per
1011 3333 1101 3405 quas
1122 3335 1225 3407 pene·

143 3431 329 3514 ararites,
356 3451 437 3523 quae
460 3439 516 3501 est
540 3431 715 3504 nominata
744 3432 872 3525 Argos,
903 3457 1011 3527 quum
1040 3433 1164 3527 Argivi
1189 3437 1224 3508 in

142 3550 266 3623 eadem
283 3550 361 3622 lecti
382 3550 448 3622 viri
465 3552 557 3624 vecti
574 3554 739 3649 petebant
759 3560 885 3651 pellem
902 3566 1059 3629 auratam
1078 3556 1220 3643 arietis,

143 3673 239 3746 eutii
252 3675 311 3766 qui
328 3674 456 3746 Oceani
469 3674 557 3745 treta
574 3674 632 3746 illa
646 3677 823 3762 viderunt,

299 3866 452 3944 Europam
469 3865 654 3946 Libyamque
671 3885 764 3948 rapax
780 3869 834 3931 ubi
850 3869 958 3933 dividit
974 3870 1067 3946 undn;

140 4039 225 4132 quid
243 4062 281 4112 se
304 4040 360 4113 hic
377 4043 540 4135 adeptum
559 4052 681 4135 putare
698 4053 825 4136 potest,
854 4045 914 4137 qui
941 4048 1067 4120 tractas
1094 4045 1220 4140 punico

140 4170 239 4232 aceto
264 4162 395 4236 italicas
421 4165 527 4259 Alpcs
565 4166 674 4251 vidit,
714 4175 750 4238 et
787 4167 972 4261 Cisalpinae
1006 4168 1126 4239 Galliae
1158 4170 1221 4239 lae·

143 4284 294 4356 tissimus
331 4295 435 4378 atquc
469 4286 660 4360 latissimos
691 4310 833 4381 campos
866 4289 975 4361 libero
1008 4309 1218 4380 permensus

141 4404 273 4490 intuitu,
296 4408 527 4482 Mediolanum
544 4409 664 4481 urbem
681 4411 897 4502 egregiamct
909 4433 931 4481 a
945 4410 1136 4484 maioribus
1158 4433 1218 4483 ve·
