2738 5062
428 746 521 795 ursan
541 748 687 797 nncrnns.
703 751 903 800 -arlsrnnn
927 755 969 801 nr.
1204 741 1242 802 lt

156 889 299 966 tractas,
325 890 362 952 et
386 878 444 949 illa
467 887 646 965 retractas,
669 882 753 975 quid
775 883 896 955 similis
919 886 988 957 sint
1008 888 1238 959 cantiunculae
1334 896 1339 907 “

152 1005 290 1086 inanes,
312 1001 412 1073 falsis
437 1009 473 1072 et
492 1001 666 1075 obscoenis
692 1006 970 1078 muliercularum
997 1008 1160 1080 laudibus
1186 1032 1241 1081 m-

152 1128 264 1210 lertae,
296 1123 390 1221 turpi
418 1132 455 1195 et
482 1134 601 1217 aperta
622 1150 701 1198 cum
727 1129 946 1201 confessione
976 1132 1127 1215 consilii3
1153 1133 1239 1224 quid

152 1249 268 1321 simile
291 1246 422 1321 habent
454 1250 582 1322 divinis
615 1250 777 1323 laudibus
809 1259 845 1321 ct
874 1251 983 1322 sacris
1005 1252 1180 1337 excubiis,
1205 1254 1239 1324 in

152 1371 284 1466 quibus
304 1371 409 1444 modo
430 1394 492 1465 per
509 1372 638 1444 moenia
659 1384 693 1443 et
710 1374 972 1466 propugnacula
997 1372 1147 1446 civitatis
1173 1376 1237 1446 Dei

152 1493 241 1565 mira
262 1490 480 1565 ordinatione
499 1492 657 1587 dispositi
681 1493 810 1565 Christi
827 1493 964 1584 vigiles,
979 1493 1154 1566 adversus
1174 1518 1237 1567 an-

153 1615 271 1709 tiquas
289 1613 443 1685 hominis
458 1613 604 1686 insidias
625 1615 855 1687 intentissime
880 1616 1113 1708 pernoctntls‘l
1138 1617 1237 1689 Felix

151 1752 187 1812 et
206 1737 382 1810 invidiosa
403 1736 536 1822 militia,
555 1760 786 1832 magnusque,
809 1739 927 1822 fateor,
947 1748 983 1809 et
996 1739 1108 1810 durus
1124 1738 1235 1811 labor:

151 1860 217 1935 sed
234 1857 356 1931 brevis
376 1868 413 1929 et
436 1869 570 1930 aetcmo
594 1860 796 1952 pensandus
827 1859 981 1951 praemio,
1009 1861 1092 1931 Mihi
1120 1870 1234 1932 aulem

151 1982 271 2057 adbuc
290 1987 417 2066 restat,
439 1980 484 2053 de
509 2000 579 2074 quo
606 1992 735 2063 tecum,
759 1980 787 2048 sl
815 1981 959 2074 pateris,
990 1983 1086 2052 Deus
1116 2002 1232 2063 meuc,

150 2103 350 2197 disceptare
367 2102 484 2174 velim.
503 2101 594 2185 Quid
615 2110 670 2172 est
694 2101 796 2184 enirn,
821 2100 994 2193 responde
1015 2100 1112 2186 mibi,
1138 2101 1233 2194 quod

149 2248 232 2299 cum
264 2246 333 2319 ege
369 2234 406 2297 et
433 2226 542 2294 irater
571 2243 671 2293 mens
703 2222 841 2314 gemino
867 2224 991 2316 laqueo
1018 2235 1230 2307 teneremur,

150 2358 341 2440 utrumque
358 2345 530 2419 conteruit
550 2366 675 2416 manus
694 2354 768 2429 tua,
791 2344 854 2417 sed
882 2368 951 2416 non
980 2344 1084 2418 ambo
1105 2346 1233 2437 pariter

150 2469 286 2541 liberati
306 2471 450 2540 sumus‘l
468 2468 528 2539 llle
540 2467 681 2559 quidem
698 2469 874 2551 evolavit3
894 2489 961 2560 ego
976 2471 1072 2541 nullo
1093 2468 1162 2539 iam
1183 2470 1232 2538 la-

146 2612 241 2687 queo
254 2600 381 2676 tentus,
398 2589 460 2661 sed
478 2590 578 2661 visco
595 2590 856 2662 consuetudinis
875 2593 1040 2685 pessimae
1055 2591 1229 2671 delinitus,

145 2718 221 2787 alas
242 2714 419 2808 explicare
439 2732 591 2804 nequeo,
612 2721 650 2783 et
672 2712 730 2783 ubi
763 2713 902 2785 vinctus
923 2715 1067 2796 sueram,
1096 2716 1231 2784 solutus

144 2834 278 2907 haereo.
295 2832 388 2918 Quid
405 2828 525 2905 causae
544 2842 607 2914 est,
626 2830 694 2903 uisi
713 2832 816 2930 quod,
835 2833 993 2904 contritis
1011 2834 1084 2925 pari
1099 2834 1230 2904 ratione

145 2957 293 3050 laqueis,
307 2975 530 3048 neqummm
549 2955 645 3046 quod
666 2954 823 3043 sequitur
843 2976 905 3047 par
931 2956 1009 3036 luit,
1031 2953 1231 3023 adiutorium

101 3060 103 3069 ¹
146 3092 297 3151 nostrum
318 3080 356 3148 in
377 3080 510 3148 tremine
531 3076 688 3147 Domini?
708 3076 778 3147 Cur
793 3086 911 3146 autem
926 3075 1229 3148 hancbavidicam

143 3202 366 3284 cantilenam,
393 3209 488 3271 tanto
508 3210 677 3271 concentu
698 3207 860 3297 coeptam,
884 3207 954 3271 tam
975 3198 1122 3269 dissona
1142 3221 1229 3271 voce

143 3324 422 3420 complevimus?
434 3323 535 3394 Nulla
551 3321 613 3393 Dei
629 3323 790 3392 voluntas
804 3320 880 3392 sine
892 3342 1000 3394 cansa
1011 3330 1077 3393 est.
1092 3321 1229 3417 Quippe

143 3467 267 3519 omues
287 3444 370 3519 inde
389 3444 590 3543 dependent
612 3454 647 3516 ct
665 3442 723 3515 illa
749 3442 794 3514 sit
819 3443 974 3516 omnium
1000 3448 1077 3519 lons
1104 3467 1229 3518 causa-

144 3590 233 3641 mm.
254 3570 377 3640 Frater
396 3587 483 3659 ergo
504 3567 567 3638 rite
586 3565 722 3649 cecinit,
743 3572 861 3637 erecto
882 3567 926 3639 ad
948 3570 1074 3640 coelum
1093 3570 1226 3650 anim03

144 3710 213 3782 ego
247 3700 386 3762 terrena
424 3688 582 3780 cogitans
614 3699 650 3759 et
686 3698 853 3760 curvatus
883 3689 917 3757 in
952 3698 1103 3772 terram;
1138 3694 1226 3761 sorte

144 3811 373 3885 liberatricem
403 3812 586 3884 dexteram
607 3830 675 3882 ιιοιι
708 3812 848 3902 agnovi,
882 3814 970 3883 forte
1001 3812 1045 3883 dc
1077 3810 1224 3905 propriis

144 3934 278 4008 viribus
293 3934 449 4031 speravi;
469 3946 529 4006 aut
542 3935 607 4007 hoc
620 3943 680 4005 aut
692 3933 777 4007 illud
790 3955 908 4006 causae
921 3934 985 4006 luit
997 3956 1068 4019 cur,
1083 3934 1225 4006 effracto

141 4058 276 4153 laqueo,
298 4080 367 4130 non
390 4080 467 4130 sum
489 4057 584 4130 liber.
606 4059 838 4143 Misereberis
859 4058 1014 4141 Domine,
1039 4064 1077 4128 ut
1096 4057 1224 4148 diguus

142 4178 206 4249 sim
228 4179 286 4251 cui
307 4178 456 4270 amplius
481 4177 690 4250 miserearis.
718 4180 798 4249 Sine
821 4177 914 4247 enim
941 4178 1092 4267 gratuita
1118 4177 1223 4247 mise-

141 4300 291 4373 ricordia
312 4309 384 4384 tua,
413 4302 610 4372 nullatenus
634 4310 750 4393 potest
774 4299 926 4369 humana
952 4299 1091 4370 miseria
1119 4297 1223 4368 misc-

139 4423 326 4497 ricordiam
359 4421 560 4517 promereri.
593 4422 693 4493 Nunc
722 4421 767 4492 ad
800 4430 858 4506 te,
890 4422 1015 4504 irater,
1042 4420 1163 4501 redeo,
1185 4428 1222 4488 et

141 4545 274 4617 sensim
308 4544 352 4616 ad
382 4545 545 4636 graviora
574 4543 788 4626 conscendo,
824 4554 861 4613 ut
884 4541 1053 4631 gradatim
1089 4552 1120 4611 tc
1158 4538 1216 4609 tibi
