2738 5062
336 671 426 717 trouu
448 629 963 717 snnrnrusnscruus.-nrrsrocu
983 670 1026 717 ιιι.
1157 656 1217 718 llll

140 807 237 879 dices
258 803 404 876 haberet
424 825 488 875 sua
513 803 570 874 illa
595 803 755 889 felicitas,
776 814 812 876 et
830 804 928 896 quod
949 803 994 875 de
1021 805 1144 877 eodem
1170 807 1217 875 lc·

140 925 257 1017 gimus
280 925 410 997 sciebat
431 933 600 1018 expertus

259 1126 356 1198 Quam
373 1142 432 1187 non
451 1143 467 1188 e
486 1126 584 1188 stabili
600 1128 730 1189 tremulo
748 1128 801 1190 sed
816 1128 948 1190 culmine
965 1135 1071 1192 cuncta

258 1221 430 1301 [tespiceret
446 1230 600 1301 staretque
616 1241 708 1304 super
726 1226 885 1288 titubantia
902 1222 1030 1298 tultus¹3

141 1420 289 1510 ideoquc
319 1420 492 1489 servorem
519 1418 633 1509 magni
659 1418 766 1488 animi
786 1419 944 1491 modesto
964 1419 1107 1490 consilio
1128 1420 1218 1490 miti-

98 1510 110 1533 ·
140 1540 258 1632 gebat,
286 1543 471 1612 multorum
497 1562 631 1612 memor
649 1540 706 1610 ille
732 1540 981 1612 discriminum.
1003 1541 1218 1613 Multilormi-

141 1674 193 1733 ter
210 1663 265 1733 hic
284 1684 458 1746 erramus3
476 1685 555 1735 nam
576 1674 612 1732 et
628 1684 709 1754 qnae
725 1662 888 1733 videntur
909 1663 1015 1735 felicia
1035 1687 1102 1735 non
1120 1675 1213 1746 sunt,

138 1794 174 1856 et
198 1805 279 1877 quae
311 1806 493 1878 speramus
518 1785 686 1857 duratura
706 1807 775 1856 non
795 1785 937 1867 durant,
955 1795 992 1856 et
1006 1805 1088 1876 quae
1109 1788 1218 1856 semel

140 1904 255 1977 abiere
271 1928 340 1977 non
367 1907 535 1989 redeunt;
557 1906 641 1977 nihil
653 1909 756 1999 quale
773 1907 878 1998 coepit
894 1905 1034 1987 desinit;
1055 1908 1218 1978 universa

141 2037 367 2119 praetereunt:
387 2037 524 2118 tempus
538 2027 626 2111 lluit,
642 2050 754 2099 annus
774 2028 933 2112 vertitur,
947 2027 1024 2099 dies
1042 2039 1216 2121 properat,

140 2149 259 2218 volant
291 2149 399 2232 horae,
425 2150 475 2219 sol
517 2149 657 2242 obliquo
689 2152 773 2220 calle
806 2148 1104 2232 circumflectitur,
1138 2151 1218 2222 luna

141 2248 383 2358 quotidie'alia
403 2291 611 2364 semperque
631 2270 812 2342 dissimilis
839 2269 922 2353 sibi,
949 2293 1125 2363 nunquam
1148 2292 1218 2342 uno

141 2391 240 2460 oculo
258 2390 522 2462 fratremvidet.
550 2391 635 2463 Hinc
664 2391 766 2463 nobis
795 2393 871 2463 baec
896 2404 1088 2486 temporum
1118 2413 1219 2484 pera-

141 2534 256 2584 moena
281 2514 455 2596 varietas,
489 2514 743 2608 amoenitasque
770 2515 941 2607 pervarie,
968 2526 1006 2585 ut
1031 2513 1089 2583 ubi
1114 2515 1219 2586 modo

140 2633 202 2704 nix
222 2635 340 2726 riguit,
360 2659 441 2708 rosa
462 2657 547 2707 mox
573 2637 708 2722 lloreat,
724 2647 759 2707 et
780 2638 840 2728 qui
861 2636 965 2707 modo
986 2634 1101 2705 nudus
1118 2656 1220 2705 aren-

141 2757 234 2849 tique
263 2758 386 2829 similis
412 2768 556 2830 truncus
592 2771 678 2845 erat,
714 2782 796 2831 mox
829 2757 1010 2828 frondibus
1036 2757 1220 2840 vestratum

141 2877 201 2968 qui
223 2879 336 2949 tenuis
365 2901 477 2973 nuper
506 2888 542 2951 et
566 2879 729 2950 aestivum
766 2880 940 2950 resolutus
974 2876 1007 2946 in
1029 2878 1216 2968 pulverem

142 3020 286 3095 campus
305 3002 381 3085 luit,
403 3000 572 3073 imbribus
601 3001 815 3091 astringatur
839 3022 880 3071 ac
897 2998 1104 3090 pinguescat
1127 3000 1218 3071 assi-

143 3119 233 3191 duis.
247 3121 369 3193 Omnia
382 3131 510 3193 statum
525 3131 667 3204 mutant,
683 3131 793 3203 terrae,
810 3121 930 3203 mariu;
943 3120 1067 3190 coelum
1086 3119 1217 3213 ipsum3

142 3239 246 3311 bomo
265 3240 559 3315 laboriosissimus
576 3243 687 3316 incola
709 3241 1017 3332 nobilissimosque
1034 3248 1215 3327 terrarum,

132 3362 241 3433 cuius
271 3365 433 3437 continue
460 3376 572 3438 sortes
607 3376 773 3448 tremunt,
800 3364 900 3436 cuius
932 3384 1033 3434 mens
1058 3375 1219 3436 movetur

142 3485 338 3573 affectibus,
362 3510 488 3582 corpus
510 3490 608 3573 locis,
623 3490 721 3560 cuius
740 3486 908 3557 minuitur
924 3484 958 3553 in
975 3483 1053 3555 dies
1069 3486 1215 3567 animus,

142 3609 308 3680 memoria
337 3611 504 3696 senescit,
533 3611 779 3703 ingeniumque
812 3608 1021 3692 retunditur,
1053 3608 1217 3679 valetudo

142 3731 343 3816 concutitur,
367 3732 473 3804 robur
497 3733 670 3819 atteritur,
697 3733 832 3826 agilitas
859 3731 1086 3824 ingravescit,
1108 3733 1218 3801 [orma

141 3855 370 3938 consumitur,
393 3854 488 3927 viror
507 3855 651 3940 excidit,
670 3878 765 3928 mors
786 3854 994 3946 insequitur,
1022 3853 1110 3943 sugit
1134 3852 1216 3924 vita.

142 3975 212 4048 Sed
231 3999 310 4048 cum
337 3999 401 4049 sua
424 3976 585 4056 omnibus
616 3977 660 4047 sit
693 3977 842 4066 vertigo,
866 3985 981 4045 tamen
1005 3972 1217 4047 creberrima

141 4079 294 4170 omnium
313 4110 370 4171 cst
388 4096 568 4171 alternatio
587 4099 750 4180 fortunae,
773 4095 867 4188 quod
886 4093 1011 4165 acriter
1027 4096 1218 4169 attendisse

140 4220 211 4292 visi
232 4231 314 4294 sunt
332 4222 392 4314 qui
413 4230 522 4293 rotam
540 4221 588 4291 illi
605 4219 756 4291 tribuere
772 4217 982 4288 versatilem.
997 4219 1041 4289 Et
1055 4219 1218 4291 miramur

141 4340 257 4414 adhuc
284 4344 439 4416 moribus
465 4363 566 4413 usam
594 4341 688 4411 suist
715 4338 854 4411 vincere
880 4338 960 4411 victi
987 4353 1135 4433 possunt
1159 4340 1218 4432 qui

235 4499 243 4532 ⁸
261 4499 354 4550 Lucan.
372 4499 425 4549 ιιι).
443 4496 471 4546 V.
