2738 5062
186 708 245 769 {stu
521 721 562 771 nn
586 720 688 769 asans
708 718 930 770 fauraranmus

185 879 327 931 servum
349 859 409 928 Dei
432 858 534 928 unius
551 856 723 929 effectum.
745 857 844 929 Felix
864 858 1024 928 mutatio:
1040 858 1269 950 gaudendum

184 989 257 1064 est;
276 979 399 1071 inquo
418 988 511 1050 statu
528 977 612 1071 quid
632 976 808 1069 agendum
828 975 889 1047 tibi
908 998 973 1049 seu
988 976 1116 1071 quibus
1137 977 1268 1070 guber-

185 1102 318 1176 naculis
339 1101 429 1172 inter
447 1101 629 1194 procellosi
649 1099 753 1172 officii
774 1100 900 1172 fluctus
919 1122 961 1171 ao
981 1103 1144 1195 scopulos
1167 1111 1269 1173 uten-

185 1227 269 1299 dum
300 1226 359 1310 sit,
381 1246 447 1296 nec
465 1243 533 1315 ego
553 1223 620 1295 sim
639 1228 818 1297 consultor
843 1222 1007 1308 idonens,
1031 1245 1097 1295 nec
1122 1236 1159 1296 tu
1185 1246 1269 1297 oon-

186 1348 253 1421 sitii
272 1368 368 1440 eges,
391 1358 429 1419 nt
449 1347 509 1439 qui
529 1346 563 1417 in
593 1345 648 1418 his
669 1345 860 1442 disciplinis
890 1366 972 1440 quaa
996 1347 1148 1420 maxime
1172 1346 1267 1420 huno

184 1471 332 1543 doceam
364 1481 490 1542 statum
526 1479 662 1564 tempus
687 1492 790 1541 omne
811 1469 1030 1553 contriveris,
1056 1490 1168 1562 nuper
1187 1469 1267 1563 qui-

185 1593 265 1664 dem
298 1593 464 1686 pontifex,
495 1591 557 1664 sed
592 1589 755 1686 pontificii
787 1591 874 1662 iuris
904 1611 946 1662 an
977 1591 1265 1664 caeremoniarum

185 1715 338 1788 omnium
372 1736 393 1785 a
425 1715 606 1786 iuventute
634 1713 877 1808 peritissimus.
903 1713 1002 1787 Unde
1033 1734 1114 1807 quae
1146 1717 1264 1787 multis

185 1837 310 1922 ardua,
335 1837 394 1910 tihi
416 1858 525 1933 prona
547 1847 629 1908 sunt
648 1845 753 1929 atque
769 1836 889 1907 facilia.
912 1836 963 1906 Ne
984 1857 1069 1908 vero
1089 1847 1158 1909 tam
1177 1836 1265 1909 dile·

183 1969 260 2032 ctus
275 1963 355 2032 otim
369 1963 488 2044 irater,
502 1982 596 2031 nuno
613 1968 649 2031 et
668 1969 780 2053 pater,
797 1967 931 2030 tantum
947 1979 1069 2052 aequor
1082 1959 1264 2051 ingressus

185 2106 253 2156 non
273 2083 385 2156 dicam
407 2082 562 2167 oonsilio,
581 2103 650 2158 oon
669 2081 820 2165 hortatu,
840 2082 904 2154 sed
921 2103 1010 2154 meae
1028 2083 1148 2153 saitem
1166 2083 1263 2154 vonis

184 2206 299 2276 omine
312 2213 442 2289 careat,
458 2205 573 2276 sunem
594 2204 743 2275 solventi
757 2203 981 2277 Horatianum
996 2202 1080 2274 ittnd
1091 2205 1262 2276 exclamo:

343 2394 353 2456 1
370 2393 461 2470 bone,
480 2408 541 2472 quo
559 2393 658 2458 virtus
675 2401 728 2456 tna
745 2401 774 2456 te
790 2398 879 2456 vocat
895 2391 970 2471 pede
987 2392 1094 2454 tansto.

182 2572 313 2667 Nempe
334 2594 404 2666 quo
425 2572 487 2643 vix
510 2571 595 2645 atios
621 2573 736 2664 longae
757 2572 1007 2644 adhortationis
1027 2574 1141 2644 calcar
1161 2594 1264 2664 urge-

182 2703 250 2781 ret,
272 2704 396 2767 natura
417 2703 450 2766 te
467 2695 571 2767 dunat
588 2703 657 2767 tua.
679 2695 755 2767 Non
771 2716 811 2769 es
828 2694 1021 2787 ongendus,
1043 2716 1113 2766 non
1133 2718 1263 2788 urgen-

181 2817 265 2903 dus,
288 2838 353 2913 neo
377 2818 556 2912 rogandus
579 2819 731 2911 quidem.
751 2818 952 2891 Admonitin
976 2818 1051 2912 ipsa
1075 2840 1184 2912 prope
1204 2840 1263 2891 su-

182 2961 358 3033 pervacua
382 2951 452 3026 est,
473 2942 542 3012 nisi
561 2963 643 3034 quaa
664 2941 836 3014 monentis
857 2939 939 3014 fidei
965 2941 1071 3015 fidem
1089 2943 1181 3014 facit.
1207 2941 1261 3015 Ad

182 3083 353 3135 summam
380 3073 419 3135 ut
443 3074 545 3157 portu
570 3064 726 3156 gaudeas
750 3075 867 3158 optato
892 3076 1050 3136 naturam
1074 3074 1172 3136 tuam
1200 3063 1263 3136 bo

181 3204 263 3254 nam
285 3205 446 3277 sequere:
468 3186 514 3256 itti
535 3186 701 3258 sulcantis
722 3189 809 3258 treta
833 3184 965 3277 navigii
984 3187 1126 3258 olavum
1145 3185 1259 3258 crede.

181 3301 217 3372 Si
234 3300 318 3392 quid
335 3301 489 3394 ambigui
503 3323 618 3374 rernm
631 3310 823 3395 tempestas
842 3303 1009 3386 attulerit,
1029 3323 1166 3375 summa
1177 3322 1259 3373 oon·

181 3422 296 3495 sitium
321 3423 366 3495 ab
390 3444 469 3494 ame
495 3432 531 3494 et
558 3421 604 3494 ab
623 3424 681 3495 illa
708 3445 872 3520 suprema
897 3434 994 3520 parte
1013 3425 1119 3498 animi
1138 3434 1258 3521 peten-

180 3543 265 3616 dum
289 3544 366 3626 erit,
392 3565 473 3636 quae
505 3545 651 3618 terrenis
677 3546 875 3620 turbinibus
908 3548 1103 3632 inaccessa,
1133 3566 1257 3619 serena

181 3688 320 3760 semper
343 3675 448 3760 atque
473 3667 655 3759 tranquilia
679 3681 744 3742 est.
772 3672 822 3742 De
849 3669 920 3743 fine
945 3692 1090 3764 opernm
1124 3669 1173 3742 nil
1197 3668 1258 3743 tibi

180 3789 319 3883 penitus
351 3808 532 3878 arrogans,
559 3809 696 3860 omnem
727 3792 802 3887 spei
827 3813 989 3865 annornm
1018 3794 1053 3864 in
1074 3794 1148 3867 Deo
1170 3791 1256 3884 figo,

178 3912 345 4008 quodque
364 3911 412 3984 ait
430 3910 626 3997 Psalmista,
646 3910 770 3984 Revela
800 3913 942 3985 Domino
972 3914 1063 3985 oram
1087 3925 1193 3996 tunm,
1227 3923 1260 3986 et

179 4036 333 4124 sperato
353 4046 437 4105 enat
457 4035 527 4128 ipae
556 4037 665 4124 societ.
699 4036 782 4108 Haeo
806 4046 889 4108 sunt
916 4058 997 4130 quae
1030 4045 1126 4109 tanta
1150 4037 1196 4109 de
1221 4057 1258 4108 re

180 4150 284 4225 hodie
303 4155 461 4229 dicturus
476 4156 543 4242 tui,
562 4179 641 4229 cum
660 4157 860 4232 stimulante
876 4159 992 4231 animo
1004 4162 1104 4253 plura
1120 4162 1255 4239 vetlem,

180 4273 244 4347 sed
265 4276 422 4351 frenante
442 4288 545 4375 atque
565 4282 727 4358 obstante
747 4281 880 4368 nuntio,
903 4282 965 4355 vix
986 4283 1053 4354 ista
1073 4282 1255 4377 potuerim.

180 4398 277 4469 Vale.
