2738 5062
291 681 382 729 murm
404 678 921 729 sserluusoncurus-nmsrona
943 679 1006 729 vua
1128 666 1187 727 stu

108 836 175 886 non
195 832 336 904 possum
351 830 505 904 corpore,
526 813 648 881 saltem
667 809 897 882 moribundus
915 810 1086 883 incumbo.
1102 813 1185 883 Car·

108 932 254 1005 neadem
277 941 456 1004 senectute
480 931 597 1002 ultima
623 930 891 1022 frigescentibus
917 931 1081 1004 membris
1101 932 1186 1007 inoe-

107 1053 271 1126 stimabili
292 1053 416 1125 ardore
436 1048 555 1136 animi,
577 1050 779 1143 inexplebili
799 1051 998 1155 litterarum⁵
1010 1054 1066 1124 siti
1088 1075 1185 1150 saepe

106 1177 172 1249 cibi
193 1176 356 1247 videmus
383 1175 637 1257 immemorem,
669 1183 705 1244 et
725 1174 754 1244 si
776 1176 938 1246 ancillare
965 1176 1057 1250 desit
1081 1176 1185 1249 obse·

106 1298 241 1393 quium,
269 1298 357 1369 inter
382 1298 504 1391 epulas
522 1297 639 1366 lorsan
668 1295 783 1367 inedia
800 1296 1185 1393 deiecturumNullum

109 1430 225 1491 tamen
238 1439 286 1489 ex
301 1417 465 1490 omnibus
481 1419 681 1510 exemplum
699 1415 826 1488 clarius
839 1440 943 1509 quam
964 1440 1112 1511 magnus
1129 1420 1185 1491 ille

108 1542 226 1632 legiler
242 1541 359 1623 Solon,
379 1538 439 1630 qui
461 1559 625 1632 supremo
644 1538 702 1609 die
720 1537 812 1609 circa
832 1541 996 1610 lectulum
1019 1562 1131 1625 suum,
1151 1541 1185 1611 in

108 1683 177 1754 quo
197 1661 271 1754 ipse
292 1661 359 1733 iam
372 1652 528 1733 'animam
549 1658 684 1751 agebat,
703 1657 959 1750 disputantibus
977 1662 1110 1744 amicis,
1130 1681 1186 1732 se-

108 1783 276 1855 mivivum
301 1790 405 1875 caput
429 1780 574 1865 extulit,
598 1792 634 1852 et
658 1780 897 1874 quaerentibus
919 1781 1046 1874 inopini
1068 1793 1185 1855 motus

107 1925 249 1977 causam
270 1901 545 1994 mirantibusque
567 1899 764 1996 respondit,
786 1904 877 1973 velle
899 1923 937 1974 se
958 1903 1129 1998 quidquid
1149 1904 1185 1978 id

108 2036 203 2099 esset
222 2026 267 2099 de
291 2046 362 2118 quo
387 2026 609 2117 loquerentur
634 2022 829 2106 addiscere,
851 2035 887 2095 et
911 2024 962 2096 sic
988 2027 1093 2110 mori;
1121 2047 1185 2100 neo

108 2150 279 2221 immerito
294 2145 464 2221 discendo
476 2145 562 2215 mori
576 2146 697 2229 voluit,
716 2146 777 2240 qui
794 2145 862 2239 (sic
878 2146 971 2218 enim
985 2169 1071 2220 vere
1089 2150 1184 2220 illum

108 2268 248 2361 gloriari
267 2268 404 2340 solitum
422 2265 634 2360 accepimus)
648 2266 803 2360 quotidie
820 2267 987 2340 discendo
1005 2282 1181 2342 senuerat.

109 2392 138 2463 O
161 2390 327 2463 nobilium
352 2389 567 2482 ingeniorum
595 2409 766 2482 generosa
791 2389 982 2486 cupiditas!
1012 2392 1186 2486 Optabant

108 2512 156 2585 illi
175 2521 314 2584 veteres
329 2512 465 2585 discere
483 2531 553 2582 non
569 2510 685 2583 ditari:
704 2512 813 2585 nostri
830 2523 947 2585 autem
966 2534 1084 2598 senes,
1103 2537 1184 2586 con-

109 2646 159 2708 tra
180 2656 268 2728 quos
288 2636 363 2708 iure
383 2632 515 2728 optimo
532 2635 663 2707 Tullius
680 2645 875 2718 execratur,
894 2658 963 2727 quo
982 2638 1096 2707 minu's
1115 2636 1185 2707 vim

108 2767 215 2830 restat
233 2779 276 2830 eo
295 2758 375 2850 plus
392 2755 508 2829 viatici
525 2766 699 2849 quaerunt
713 2759 826 2828 Placet
843 2757 949 2848 igitur
965 2757 1058 2849 quod
1077 2760 1185 2849 vulgo

107 2878 235 2952 dictum
250 2899 345 2972 saepe
357 2878 514 2951 laudavi:
528 2878 645 2950 felices
662 2877 821 2951 homines
841 2879 872 2950 si
891 2891 959 2951 tam
979 2878 1185 2972 patrimonio

110 3023 175 3075 suo
189 3003 351 3096 quisque,
374 3023 478 3094 quam
498 3001 666 3093 sapientia
685 3003 822 3095 propria
841 3004 885 3073 sit
902 3009 1096 3074 contentus.
1115 3000 1185 3074 Sed

111 3147 174 3197 nos
198 3122 326 3217 obliqui
350 3123 608 3196 existimatores
634 3145 750 3196 rerum
776 3132 973 3196 nostrarum
993 3124 1062 3195 cito
1082 3122 1183 3195 nobis

104 3246 198 3321 docti
224 3246 472 3341 sapientesque
500 3244 683 3333 videmur,
717 3246 844 3319 divites
877 3269 961 3318 vero
993 3268 1181 3340 nunquam.

109 3369 193 3441 Hinc
213 3368 270 3440 illa
288 3368 504 3460 perversitas
522 3379 560 3440 ut
579 3370 737 3462 pecuniae
751 3367 1033 3465 appetentissimi
1055 3368 1182 3453 simus,

108 3502 144 3564 et
168 3490 305 3563 bonesti
331 3489 435 3561 studii
462 3500 728 3584 contemptores.
756 3492 825 3562 Cur
855 3512 979 3585 quaeso
1004 3490 1070 3563 nisi
1101 3493 1184 3585 quia

108 3636 188 3707 quae
207 3615 334 3687 deesse
355 3614 455 3686 nobis
475 3614 657 3709 opinamur
677 3615 887 3707 appetimus,
909 3635 990 3709 quae
1008 3613 1184 3687 credimus

108 3735 287 3810 abundare
300 3735 533 3827 negligimus?
549 3737 649 3809 Haud
667 3737 838 3810 immerito
848 3738 1007 3833 quidem,
1029 3735 1097 3807 nisi
1113 3737 1184 3807 ele-

107 3860 252 3931 ctionem
273 3858 388 3951 opinio
414 3861 498 3929 lalsa
524 3859 753 3951 praecederet3
778 3861 922 3953 pecunia
948 3860 1039 3930 enim
1066 3857 1183 3931 multis

106 4000 336 4073 supervacua,
359 3981 476 4050 multis
498 3999 592 4072 saepe
614 3981 806 4060 mortifera,
830 3981 999 4074 sapientia
1020 3979 1102 4049 nulli
1124 4001 1184 4070 pe-

107 4102 199 4173 nitus
215 4112 308 4175 tanta
321 4112 377 4174 est
392 4104 475 4195 quin
489 4111 591 4193 egeat
604 4102 779 4195 ampliore.
794 4101 868 4171 Tibi
881 4102 1050 4195 equidem,
1062 4101 1181 4184 amice,

106 4228 261 4315 gratulor
277 4226 372 4318 quod
384 4224 541 4319 pecuniae
554 4247 622 4294 non
638 4226 748 4295 solum
762 4223 878 4294 animo
892 4223 955 4295 sed
968 4223 1181 4316 professione

106 4358 336 4441 contemplor,
360 4345 540 4439 sapientiae
566 4355 683 4417 autem
705 4344 887 4437 atquibus
913 4345 1072 4419 abundas
1093 4346 1182 4417 litte·

107 4489 221 4539 rarum
242 4468 504 4561 cripidissimus,
532 4466 661 4557 quaeris
683 4467 805 4538 sedulo
826 4467 965 4540 ubinam
986 4469 1061 4540 illas
1083 4468 1181 4538 inve·

225 4601 249 4637 u.
993 4590 1023 4638 gp
