2738 5062
141 616 201 677 350
482 626 522 673 nn
544 625 644 675 nunus
667 624 887 674 ruutnmninus

142 756 295 829 lacrimis
322 756 423 825 laetus
449 751 546 823 obiit.
572 753 710 835 Quanto
737 752 861 822 melius
887 762 1006 823 noster
1035 752 1235 847 episcopus

141 881 201 973 qui
214 879 368 952 moriens
382 900 450 950 non
469 886 586 969 togam
604 887 664 946 aut
680 876 851 969 clypeum,
872 874 934 946 sed
952 873 1104 946 animam
1123 897 1233 949 suam

140 1011 176 1073 et
194 1002 377 1073 ecclesiam
398 997 581 1089 cogitabat,
601 995 868 1088 simillimusque
885 996 1043 1081 Martino,
1058 1018 1124 1068 nec
1138 998 1233 1070 mori

144 1123 287 1196 timebat
303 1143 368 1193 neo
385 1142 448 1214 pro
467 1120 585 1216 populi
607 1121 719 1191 salute
735 1117 902 1210 longioris
923 1118 1005 1190 vitae
1023 1118 1166 1191 labores
1187 1142 1232 1193 ac

143 1243 246 1315 taedia
281 1252 489 1313 recusasset.
525 1241 631 1312 Cuius
658 1240 706 1311 rei
731 1262 814 1311 oura
839 1240 968 1311 divinae
994 1238 1231 1330 providentise

143 1365 330 1438 commissa
352 1364 427 1456 ipse
447 1360 584 1433 interim
600 1361 695 1454 quod
715 1361 748 1431 in
771 1383 809 1433 se
824 1370 899 1433 erat
915 1371 951 1432 et
970 1364 1080 1433 Deum
1100 1361 1230 1435 orabat

142 1496 178 1558 el
192 1506 282 1578 quos
299 1485 356 1555 hic
374 1493 508 1577 poterat
524 1482 684 1554 homines
702 1481 919 1576 precabatur,
936 1493 973 1554 ut
990 1503 1131 1576 sponsae
1148 1504 1228 1556 suae

143 1605 302 1680 viduitati
322 1628 363 1678 ac
389 1603 565 1677 solitudini
587 1602 821 1697 providerent.
848 1605 898 1674 De
923 1624 1128 1676 successore
1147 1606 1228 1699 qui·

142 1729 224 1803 dem
241 1727 415 1820 cogitasse
431 1725 603 1818 quosdam
621 1727 784 1818 legimus,
803 1726 871 1796 imo
891 1746 977 1796 vero
996 1725 1075 1817 quis
1093 1728 1226 1820 estqui

143 1851 189 1924 de
210 1870 415 1923 successore
441 1871 511 1920 non
529 1850 680 1940 cogitet?
701 1848 763 1920 sed
788 1849 833 1920 ad
854 1849 1066 1920 movendum
1087 1835 1225 1922 animos

143 1975 330 2044 illustriora
351 1971 629 2066 perstringimus.
650 1969 762 2042 David
781 1971 858 2041 Rex
875 1970 1076 2061 aliquandiu
1096 1971 1225 2044 anxius

145 2093 290 2167 tandem.
310 2104 406 2163 certo
426 2102 462 2164 et
480 2092 642 2164 discusso
663 2092 789 2163 iudicio
810 2089 917 2161 filium
938 2113 986 2162 ex
1008 2113 1047 2163 se
1066 2092 1224 2184 genitum

145 2216 241 2307 regni
267 2214 345 2285 iecit
365 2214 543 2285 haeredem
571 2213 878 2307 sapientissimum,
900 2221 939 2283 ut
955 2215 1046 2284 lama
1063 2214 1224 2306 loquitur,

145 2335 270 2406 virum.
289 2336 384 2405 Duos
399 2355 448 2403 ex
463 2335 586 2406 ordine
603 2333 692 2406 lilios
711 2334 844 2427 imperii
863 2354 1086 2407 successores
1104 2334 1227 2407 babuit

144 2457 250 2529 divus
270 2454 510 2550 Vespasianus
535 2457 713 2527 Romanus
734 2455 936 2550 Imperator,
964 2458 1111 2528 alterum
1133 2457 1227 2531 vim·

148 2601 224 2650 rum
250 2577 434 2670 optimum,
457 2576 648 2669 pessimum
676 2599 760 2649 vero
786 2580 948 2662 alterum,
970 2577 1065 2669 quod
1090 2579 1167 2672 ipse
1192 2591 1228 2653 et

146 2703 376 2796 praesensisse
401 2711 437 2772 et
463 2701 599 2795 publice
632 2700 842 2795 praedixisse
877 2700 1040 2786 traditur,
1073 2723 1227 2792 quorum

146 2843 330 2897 successor
349 2824 465 2895 Nerva
490 2825 603 2896 iacere
623 2822 715 2895 idem
742 2845 811 2894 nou
837 2821 949 2915 potuit
970 2824 1066 2914 prole
1090 2845 1225 2897 carena.

144 2947 335 3040 Adoptauit
360 2956 478 3018 autem
500 2947 613 3018 virum
642 2947 764 3019 sortem
786 2968 828 3017 ac
848 2955 1030 3017 strenuum
1055 2954 1093 3016 et
1111 2947 1228 3041 reipu-

145 3070 246 3143 blicae
270 3070 386 3141 utilem
410 3070 604 3153 Traianum,
627 3070 728 3163 isque
747 3070 853 3140 alium
875 3068 952 3153 sibi,
969 3076 1005 3139 et
1025 3069 1083 3143 ille
1102 3094 1229 3145 rursus

145 3193 248 3265 alium
270 3190 457 3283 adoptavit,
477 3190 608 3282 diuque
625 3190 659 3259 in
677 3189 822 3284 imperio
843 3212 985 3263 romano
1002 3193 1033 3263 is
1054 3193 1230 3286 adoptivae

147 3311 381 3382 successionis
395 3313 482 3383 ordo
494 3314 692 3402 permansit,
706 3333 776 3404 quo
790 3314 896 3383 multo
909 3325 989 3384 ante
1003 3315 1153 3406 primum
1166 3314 1231 3385 im-

134 3442 325 3527 peratores
351 3434 405 3503 usi
425 3444 525 3503 erant
551 3444 588 3504 ut
613 3433 721 3505 lulius
742 3433 860 3503 Caesar
885 3434 939 3504 cui
966 3447 1169 3528 assumptus
1195 3437 1231 3508 in

146 3554 254 3625 lilium
269 3551 440 3624 successit
453 3551 645 3644 Augustus,
659 3565 695 3626 et
709 3554 784 3647 ipse
796 3554 899 3625 etiam
914 3555 1096 3648 Augustus
1110 3558 1232 3632 Caesar

148 3677 207 3768 qui
229 3673 404 3746 Tiberium
431 3673 630 3768 privignum
653 3696 755 3747 suum
784 3696 928 3749 suorum
950 3687 1096 3770 cogente
1121 3702 1234 3774 penu-

146 3796 196 3868 ria
218 3795 282 3867 sibi
304 3794 412 3868 lilium
430 3805 465 3869 el
486 3815 727 3869 successorem
745 3795 882 3891 imperii
899 3798 1039 3892 delegit.
1058 3801 1233 3884 Quamvis

146 3939 215 3988 non
235 3919 301 3991 sim
327 3919 467 3993 nescius
494 3918 658 3991 incidisse
684 3939 763 3991 eum
790 3920 825 3991 in
852 3922 1099 4015 suspicionem,
1126 3920 1232 4014 quasi

146 4042 270 4113 volem
293 4045 476 4138 sciensque
498 4044 598 4115 talem
620 4043 793 4135 elegisset,
812 4066 882 4136 quo
903 4044 1033 4116 scilicet
1054 4044 1233 4137 ipsenpost

146 4172 291 4234 mortem
318 4164 518 4256 reipublicae
550 4164 662 4236 carior
687 4172 792 4256 alque
823 4164 1006 4258 optabilior
1030 4168 1126 4239 soret.
1154 4167 1232 4239 Non

147 4285 232 4356 satis
253 4283 398 4375 dignum
421 4295 515 4358 tanto
541 4286 695 4380 principe
715 4286 919 4369 consilium,
948 4287 978 4358 si
1004 4297 1119 4359 lamen
1146 4309 1233 4360 vera

147 4426 204 4478 res
217 4415 293 4489 est;
310 4426 391 4477 nam
409 4426 472 4477 nec
492 4407 689 4479 verisimilis
706 4417 763 4480 est
777 4407 931 4499 quidem,
949 4419 985 4479 et
1001 4407 1047 4480 ab
1065 4409 1131 4480 bac
1145 4430 1230 4479 eum
