2738 5062
392 668 486 718 uinus
507 670 909 721 obducimus-numium
929 670 982 721 ¹11.
1164 656 1221 717 i39

145 805 287 879 crastini
310 825 374 901 spe
394 802 599 877 hodiernum
621 808 701 878 sinit
719 809 870 879 effluere.
893 809 926 879 Is
941 828 1034 893 sanc,
1054 816 1222 900 quantum

148 932 200 1003 iila
219 950 302 1000 vox
322 927 445 1012 innuit,
468 929 647 1001 sarcinulis
672 932 881 1025 compositis,
903 954 1039 1003 omnem
1065 931 1157 1002 diem
1185 942 1221 1002 ut

144 1054 305 1126 ultimum
318 1052 460 1145 egebat,
478 1063 582 1146 utque
598 1064 726 1126 eventu
744 1055 870 1126 clarius
887 1077 1093 1150 responsum
1113 1054 1221 1139 fieret,

142 1177 268 1250 eadem
302 1175 359 1246 illa
393 1186 491 1248 nocte
512 1176 713 1248 defunctum
745 1198 863 1249 sonem
895 1187 1094 1250 memorant.
1115 1177 1222 1250 Nobis

144 1301 300 1372 solemne
320 1307 385 1381 est,
410 1298 516 1368 futuri
535 1299 775 1391 expectatione
802 1320 956 1393 praesens
975 1302 1130 1393 perdere.
1154 1302 1221 1373 Sed

145 1423 244 1494 mitto
264 1421 344 1494 haec
360 1422 396 1494 in
417 1421 544 1515 quibus
563 1443 663 1514 poene
683 1422 811 1514 pariter
831 1443 951 1493 omnes
972 1446 1139 1495 erramus.
1166 1424 1220 1495 An

144 1546 363 1643 propositum
396 1555 562 1618 revertor.
584 1546 723 1639 Siquid
757 1568 842 1616 vero
875 1553 992 1616 contra
1013 1546 1221 1638 promissum

145 1669 225 1740 oiim
249 1667 312 1739 tibi
332 1669 459 1740 tectum
492 1668 608 1760 egisse
641 1668 774 1752 videor,
796 1669 947 1760 ignosce.
983 1669 1137 1740 Excuset
1157 1669 1222 1740 bu-

144 1813 258 1866 munae
277 1791 404 1863 mentis
424 1791 576 1863 varietas
596 1792 701 1864 etiam
717 1792 929 1864 doctioribus
951 1792 1070 1876 insitu,
1086 1800 1135 1876 et,
1152 1792 1219 1862 nisi

141 1915 348 2010 aperiectis
374 1913 434 1986 uui
467 1932 603 1985 summo
634 1915 724 1987 bono
757 1913 1022 1999 inhaerentibus,
1044 1937 1220 2006 nunqnam

146 2060 292 2135 prorsus
310 2034 498 2122 evitabilis,
521 2038 619 2110 etde
639 2060 707 2131 que
729 2060 820 2109 nunc
837 2039 943 2109 multe
962 2036 1124 2110 disserui.
1146 2038 1221 2110 Mu·

145 2161 271 2234 tutione
291 2161 446 2232 locorum
464 2160 669 2232 declinanda
690 2158 816 2232 fastidii
835 2169 946 2231 muter
967 2160 1139 2233 identitas.
1153 2164 1220 2234 De-

147 2285 253 2376 nique
265 2294 398 2376 potere,
420 2304 496 2367 oro,
516 2305 572 2354 me
593 2283 748 2354 hortulos
766 2302 864 2357 meos
883 2282 939 2357 bis
957 2283 1118 2356 manibus
1138 2307 1219 2356 con-

149 2406 247 2490 sitos,
260 2408 313 2479 vei
328 2406 360 2478 si
374 2404 527 2498 quidhic
551 2427 791 2502 supervecuae,
814 2418 849 2480 et
860 2429 940 2501 quae
953 2430 1007 2479 me
1027 2406 1216 2491 desideret,

143 2529 319 2603 familiaris
341 2541 504 2624 superest
519 2551 627 2614 ourae,
646 2533 806 2625 permitte
823 2535 945 2604 saltem
962 2534 1068 2604 colles
1087 2553 1127 2603 ac
1145 2534 1220 2603 son-

140 2662 194 2725 tes
212 2653 394 2746 silvnsqne
416 2651 568 2724 revisere
590 2654 714 2726 studiis
736 2655 863 2727 nostris
890 2655 1132 2734 amicissimam
1159 2676 1218 2748 po-

140 2784 272 2847 stremo
291 2775 416 2846 libellis
434 2776 537 2860 meis,
556 2799 701 2868 quorum
720 2777 776 2847 bic
788 2800 926 2869 quoque
945 2800 1013 2847 non
1031 2797 1139 2867 parva
1155 2798 1219 2847 nec

142 2899 316 2972 inemoenn
336 2900 435 2993 copia
456 2911 522 2981 est,
542 2902 653 2969 lucem
675 2899 839 2983 roddcrc,
861 2921 928 2991 qua
947 2902 1048 2989 longo
1067 2904 1219 2991 tempore

144 3034 331 3094 carnerunt
350 3022 458 3095 clausi
481 3020 606 3093 arculis
628 3031 662 3092 et
682 3020 853 3103 clavibus3
875 3019 1020 3092 reddere
1045 3020 1111 3091 illis
1136 3041 1219 3092 ocu-

140 3145 195 3215 los
216 3164 312 3215 meos
334 3153 368 3215 et
388 3144 496 3214 ocutis
522 3141 608 3214 meis
629 3143 719 3227 ilios,
742 3153 777 3216 et
802 3143 832 3214 si
857 3145 942 3214 sorte
966 3145 1044 3236 ptus
1065 3164 1133 3213 non
1159 3141 1218 3212 de-

142 3278 211 3354 tur,
234 3279 271 3340 at
292 3268 414 3337 saltem
436 3265 686 3337 vetustissimis
708 3264 921 3337 membranis
944 3268 1053 3338 tineus
1073 3266 1219 3337 cariem-

141 3412 210 3483 que
229 3390 417 3463 discutero.
438 3389 505 3461 Sed
525 3389 665 3461 dabitur
681 3393 875 3484 plusculum
889 3391 1032 3483 aliquid,
1049 3400 1087 3462 ut
1104 3412 1214 3484 spero,

138 3524 177 3587 et
194 3512 374 3587 biennium
397 3513 518 3608 coeptis
540 3512 704 3605 operibus
733 3512 966 3608 pendentibus
993 3515 1216 3586 suffecturum

141 3658 314 3730 auguror,
337 3645 374 3707 nt
394 3635 485 3708 dixi:
506 3636 646 3729 quibus,
669 3636 699 3707 si
719 3635 829 3722 datur,
849 3638 1035 3730 explicitis,
1050 3638 1115 3710 alia
1132 3637 1217 3709 mihi

140 3771 250 3833 restat
270 3759 356 3831 vitoe
373 3759 444 3846 via,
464 3758 507 3830 ad
527 3783 632 3852 qnam
653 3761 721 3833 inm
746 3761 889 3855 pridem,
918 3763 986 3834 nisi
1005 3761 1216 3856 ponderibus

140 3883 225 3956 meis
242 3903 431 3981 premerer,
450 3883 573 3955 anhelo
593 3894 628 3954 et
649 3907 775 3976 magna
800 3886 927 3957 mentis
951 3885 1134 3977 agitatione
1158 3905 1217 3955 su-

140 4005 243 4101 spiro.
267 4007 366 4076 Vale.

281 4151 328 4207 Ad
345 4150 449 4206 iontem
465 4152 578 4225 Sorgiae,
594 4153 657 4208 XIV
660 4195 666 4207 .
683 4153 820 4209 Kalendas
834 4155 961 4224 Augusti.
