<?xml version="1.0" encoding="UTF-8"?>
<!DOCTYPE html PUBLIC "-//W3C//DTD XHTML 1.0 Transitional//EN"
    "http://www.w3.org/TR/xhtml1/DTD/xhtml1-transitional.dtd">
<html xmlns="http://www.w3.org/1999/xhtml" xml:lang="en" lang="en">
 <head>
  <title>
</title>
<meta http-equiv="Content-Type" content="text/html;charset=utf-8" />
  <meta name='ocr-system' content='tesseract 3.04.00' />
  <meta name='ocr-capabilities' content='ocr_page ocr_carea ocr_par ocr_line ocrx_word'/>
</head>
<body>
  <div class='ocr_page' id='page_1' title='image "./epistolaederebu02fracgoog_0015.png"; bbox 0 0 2738 5062; ppageno 0'>
   <div class='ocr_carea' id='block_1_1' title="bbox 141 706 880 771">
    <p class='ocr_par' dir='ltr' id='par_1_1' title="bbox 141 706 880 771">
     <span class='ocr_line' id='line_1_1' title="bbox 141 706 880 771; baseline 0.007 -5"><span class='ocrx_word' id='word_1_1' title='bbox 141 706 160 766; x_wconf 81' lang='lat'><strong>6</strong></span> <span class='ocrx_word' id='word_1_2' title='bbox 475 721 517 768; x_wconf 80' lang='lat' dir='ltr'><strong>nn</strong></span> <span class='ocrx_word' id='word_1_3' title='bbox 538 719 639 771; x_wconf 81' lang='lat' dir='ltr'><strong>nunus</strong></span> <span class='ocrx_word' id='word_1_4' title='bbox 658 718 880 771; x_wconf 78' lang='lat' dir='ltr'><strong>ssummumus</strong></span> 
     </span>
    </p>
   </div>
   <div class='ocr_carea' id='block_1_2' title="bbox 140 862 1219 3265">
    <p class='ocr_par' dir='ltr' id='par_1_2' title="bbox 140 862 1219 3265">
     <span class='ocr_line' id='line_1_2' title="bbox 143 862 1219 961; baseline 0 -26"><span class='ocrx_word' id='word_1_5' title='bbox 143 863 334 935; x_wconf 90' lang='lat' dir='ltr'><strong>intervallis</strong></span> <span class='ocrx_word' id='word_1_6' title='bbox 375 862 625 950; x_wconf 80' lang='lat' dir='ltr'><strong>abstrahimur,</strong></span> <span class='ocrx_word' id='word_1_7' title='bbox 664 888 841 959; x_wconf 90' lang='lat' dir='ltr'><strong>unumque</strong></span> <span class='ocrx_word' id='word_1_8' title='bbox 873 865 1111 961; x_wconf 80' lang='lat' dir='ltr'><strong>prosperitatis</strong></span> <span class='ocrx_word' id='word_1_9' title='bbox 1143 867 1219 938; x_wconf 84' lang='lat' dir='ltr'><strong>exi-</strong></span> 
     </span>
     <span class='ocr_line' id='line_1_3' title="bbox 142 986 1219 1079; baseline 0.001 -23"><span class='ocrx_word' id='word_1_10' title='bbox 142 986 250 1056; x_wconf 92' lang='lat' dir='ltr'><strong>mium</strong></span> <span class='ocrx_word' id='word_1_11' title='bbox 286 986 435 1056; x_wconf 87' lang='lat' dir='ltr'><strong>fructum</strong></span> <span class='ocrx_word' id='word_1_12' title='bbox 465 994 570 1079; x_wconf 91' lang='lat' dir='ltr'><strong>atque</strong></span> <span class='ocrx_word' id='word_1_13' title='bbox 593 987 844 1059; x_wconf 74' lang='lat' dir='ltr'><strong>adversitatum</strong></span> <span class='ocrx_word' id='word_1_14' title='bbox 871 986 1061 1058; x_wconf 88' lang='lat' dir='ltr'><strong>remedium</strong></span> <span class='ocrx_word' id='word_1_15' title='bbox 1092 987 1219 1057; x_wconf 90' lang='lat' dir='ltr'><strong>amitti-</strong></span> 
     </span>
     <span class='ocr_line' id='line_1_4' title="bbox 142 1107 1219 1205; baseline 0.003 -27"><span class='ocrx_word' id='word_1_16' title='bbox 142 1130 236 1193; x_wconf 78' lang='lat' dir='ltr'><strong>muS,</strong></span> <span class='ocrx_word' id='word_1_17' title='bbox 259 1107 361 1178; x_wconf 91' lang='lat' dir='ltr'><strong>simul</strong></span> <span class='ocrx_word' id='word_1_18' title='bbox 382 1108 514 1179; x_wconf 89' lang='lat' dir='ltr'><strong>vivere.</strong></span> <span class='ocrx_word' id='word_1_19' title='bbox 536 1110 586 1180; x_wconf 88' lang='lat' dir='ltr'><strong>Dc</strong></span> <span class='ocrx_word' id='word_1_20' title='bbox 607 1109 672 1182; x_wconf 89' lang='lat' dir='ltr'><strong>hoc</strong></span> <span class='ocrx_word' id='word_1_21' title='bbox 696 1112 804 1181; x_wconf 90' lang='lat' dir='ltr'><strong>multa</strong></span> <span class='ocrx_word' id='word_1_22' title='bbox 824 1109 982 1205; x_wconf 82' lang='lat' dir='ltr'><strong>Olympio</strong></span> <span class='ocrx_word' id='word_1_23' title='bbox 1003 1108 1136 1202; x_wconf 81' lang='lat' dir='ltr'>pridem</span> <span class='ocrx_word' id='word_1_24' title='bbox 1157 1131 1219 1181; x_wconf 93' lang='lat' dir='ltr'><strong>no-</strong></span> 
     </span>
     <span class='ocr_line' id='line_1_5' title="bbox 142 1229 1219 1325; baseline 0 -23"><span class='ocrx_word' id='word_1_25' title='bbox 142 1240 230 1316; x_wconf 87' lang='lat' dir='ltr'><strong>stro,</strong></span> <span class='ocrx_word' id='word_1_26' title='bbox 253 1229 325 1314; x_wconf 88' lang='lat' dir='ltr'><strong>sed,</strong></span> <span class='ocrx_word' id='word_1_27' title='bbox 353 1240 391 1302; x_wconf 93' lang='lat' dir='ltr'><strong>ut</strong></span> <span class='ocrx_word' id='word_1_28' title='bbox 411 1253 544 1317; x_wconf 86' lang='lat' dir='ltr'><strong>vercor,</strong></span> <span class='ocrx_word' id='word_1_29' title='bbox 571 1235 713 1318; x_wconf 87' lang='lat' dir='ltr'><strong>lrustra,</strong></span> <span class='ocrx_word' id='word_1_30' title='bbox 730 1235 834 1304; x_wconf 92' lang='lat' dir='ltr'><strong>multa</strong></span> <span class='ocrx_word' id='word_1_31' title='bbox 848 1232 951 1303; x_wconf 84' lang='lat' dir='ltr'><strong>etiam</strong></span> <span class='ocrx_word' id='word_1_32' title='bbox 978 1231 1040 1303; x_wconf 93' lang='lat' dir='ltr'><strong>tibi</strong></span> <span class='ocrx_word' id='word_1_33' title='bbox 1066 1253 1161 1325; x_wconf 81' lang='lat' dir='ltr'><strong>saepe</strong></span> <span class='ocrx_word' id='word_1_34' title='bbox 1184 1240 1219 1303; x_wconf 90' lang='lat' dir='ltr'><strong>et</strong></span> 
     </span>
     <span class='ocr_line' id='line_1_6' title="bbox 142 1351 1216 1448; baseline 0.005 -24"><span class='ocrx_word' id='word_1_35' title='bbox 142 1351 217 1424; x_wconf 79' lang='lat' dir='ltr'><strong>dixi</strong></span> <span class='ocrx_word' id='word_1_36' title='bbox 236 1361 272 1425; x_wconf 90' lang='lat' dir='ltr'><strong>et</strong></span> <span class='ocrx_word' id='word_1_37' title='bbox 290 1353 427 1448; x_wconf 82' lang='lat' dir='ltr'><strong>scripsi,</strong></span> <span class='ocrx_word' id='word_1_38' title='bbox 450 1376 531 1447; x_wconf 89' lang='lat' dir='ltr'><strong>quae</strong></span> <span class='ocrx_word' id='word_1_39' title='bbox 547 1356 709 1447; x_wconf 90' lang='lat' dir='ltr'><strong>quoniam</strong></span> <span class='ocrx_word' id='word_1_40' title='bbox 735 1355 914 1427; x_wconf 80' lang='lat' dir='ltr'><strong>memoriae</strong></span> <span class='ocrx_word' id='word_1_41' title='bbox 938 1355 1045 1426; x_wconf 80' lang='lat' dir='ltr'><strong>affixa</strong></span> <span class='ocrx_word' id='word_1_42' title='bbox 1070 1355 1216 1441; x_wconf 85' lang='lat' dir='ltr'><strong>confide,</strong></span> 
     </span>
     <span class='ocr_line' id='line_1_7' title="bbox 142 1473 1218 1572; baseline 0.005 -28"><span class='ocrx_word' id='word_1_43' title='bbox 142 1473 199 1546; x_wconf 90' lang='lat' dir='ltr'><strong>illa</strong></span> <span class='ocrx_word' id='word_1_44' title='bbox 218 1499 311 1549; x_wconf 91' lang='lat' dir='ltr'><strong>nunc</strong></span> <span class='ocrx_word' id='word_1_45' title='bbox 331 1477 451 1572; x_wconf 82' lang='lat' dir='ltr'><strong>paucis</strong></span> <span class='ocrx_word' id='word_1_46' title='bbox 472 1479 646 1550; x_wconf 82' lang='lat' dir='ltr'><strong>excitasse</strong></span> <span class='ocrx_word' id='word_1_47' title='bbox 671 1500 711 1550; x_wconf 89' lang='lat' dir='ltr'><strong>ac</strong></span> <span class='ocrx_word' id='word_1_48' title='bbox 735 1477 935 1550; x_wconf 89' lang='lat' dir='ltr'><strong>relricuissc</strong></span> <span class='ocrx_word' id='word_1_49' title='bbox 960 1478 1144 1550; x_wconf 83' lang='lat' dir='ltr'><strong>suffecerit.</strong></span> <span class='ocrx_word' id='word_1_50' title='bbox 1171 1479 1218 1549; x_wconf 87' lang='lat' dir='ltr'><strong>Tc</strong></span> 
     </span>
     <span class='ocr_line' id='line_1_8' title="bbox 142 1600 1219 1693; baseline 0.003 -24"><span class='ocrx_word' id='word_1_51' title='bbox 142 1620 237 1692; x_wconf 80' lang='lat' dir='ltr'><strong>ergo,</strong></span> <span class='ocrx_word' id='word_1_52' title='bbox 251 1623 355 1693; x_wconf 91' lang='lat' dir='ltr'><strong>quem</strong></span> <span class='ocrx_word' id='word_1_53' title='bbox 369 1623 447 1673; x_wconf 92' lang='lat' dir='ltr'><strong>cum</strong></span> <span class='ocrx_word' id='word_1_54' title='bbox 468 1600 544 1673; x_wconf 93' lang='lat' dir='ltr'><strong>aliis</strong></span> <span class='ocrx_word' id='word_1_55' title='bbox 565 1601 598 1672; x_wconf 96' lang='lat' dir='ltr'><strong>in</strong></span> <span class='ocrx_word' id='word_1_56' title='bbox 615 1600 796 1673; x_wconf 87' lang='lat' dir='ltr'><strong>consilium</strong></span> <span class='ocrx_word' id='word_1_57' title='bbox 819 1601 955 1674; x_wconf 90' lang='lat' dir='ltr'><strong>mittere</strong></span> <span class='ocrx_word' id='word_1_58' title='bbox 972 1601 1135 1686; x_wconf 86' lang='lat' dir='ltr'><strong>solebam,</strong></span> <span class='ocrx_word' id='word_1_59' title='bbox 1150 1602 1219 1672; x_wconf 92' lang='lat' dir='ltr'><strong>iarn</strong></span> 
     </span>
     <span class='ocr_line' id='line_1_9' title="bbox 143 1723 1219 1818; baseline 0.003 -25"><span class='ocrx_word' id='word_1_60' title='bbox 143 1725 257 1794; x_wconf 93' lang='lat' dir='ltr'><strong>solum</strong></span> <span class='ocrx_word' id='word_1_61' title='bbox 278 1723 397 1794; x_wconf 89' lang='lat' dir='ltr'><strong>hortor</strong></span> <span class='ocrx_word' id='word_1_62' title='bbox 416 1736 454 1795; x_wconf 93' lang='lat' dir='ltr'><strong>ut</strong></span> <span class='ocrx_word' id='word_1_63' title='bbox 474 1727 651 1809; x_wconf 90' lang='lat' dir='ltr'><strong>consulas,</strong></span> <span class='ocrx_word' id='word_1_64' title='bbox 677 1733 715 1795; x_wconf 91' lang='lat' dir='ltr'><strong>tu</strong></span> <span class='ocrx_word' id='word_1_65' title='bbox 737 1736 854 1798; x_wconf 92' lang='lat' dir='ltr'><strong>orator</strong></span> <span class='ocrx_word' id='word_1_66' title='bbox 878 1727 1153 1818; x_wconf 71' lang='lat' dir='ltr'><strong>confutatosque,</strong></span> <span class='ocrx_word' id='word_1_67' title='bbox 1181 1736 1219 1796; x_wconf 93' lang='lat' dir='ltr'><strong>tu</strong></span> 
     </span>
     <span class='ocr_line' id='line_1_10' title="bbox 142 1843 1216 1940; baseline 0.001 -24"><span class='ocrx_word' id='word_1_68' title='bbox 142 1843 251 1917; x_wconf 83' lang='lat' dir='ltr'><strong>iudex</strong></span> <span class='ocrx_word' id='word_1_69' title='bbox 281 1847 475 1938; x_wconf 89' lang='lat' dir='ltr'><strong>electorque</strong></span> <span class='ocrx_word' id='word_1_70' title='bbox 502 1846 701 1930; x_wconf 61' lang='lat' dir='ltr'><strong>sententiam</strong></span> <span class='ocrx_word' id='word_1_71' title='bbox 727 1856 764 1918; x_wconf 89' lang='lat' dir='ltr'><strong>et</strong></span> <span class='ocrx_word' id='word_1_72' title='bbox 792 1868 858 1940; x_wconf 77' lang='lat' dir='ltr'><strong>ego</strong></span> <span class='ocrx_word' id='word_1_73' title='bbox 886 1847 1000 1919; x_wconf 88' lang='lat' dir='ltr'><strong>libens</strong></span> <span class='ocrx_word' id='word_1_74' title='bbox 1031 1847 1216 1940; x_wconf 89' lang='lat' dir='ltr'><strong>obsequor.</strong></span> 
     </span>
     <span class='ocr_line' id='line_1_11' title="bbox 143 1967 1218 2061; baseline -0.001 -23"><span class='ocrx_word' id='word_1_75' title='bbox 143 1967 217 2040; x_wconf 91' lang='lat' dir='ltr'><strong>Scis</strong></span> <span class='ocrx_word' id='word_1_76' title='bbox 239 1968 412 2061; x_wconf 80' lang='lat' dir='ltr'><strong>geminam</strong></span> <span class='ocrx_word' id='word_1_77' title='bbox 441 1969 542 2041; x_wconf 92' lang='lat' dir='ltr'><strong>nobis</strong></span> <span class='ocrx_word' id='word_1_78' title='bbox 567 1970 602 2040; x_wconf 92' lang='lat' dir='ltr'><strong>in</strong></span> <span class='ocrx_word' id='word_1_79' title='bbox 628 1969 725 2041; x_wconf 87' lang='lat' dir='ltr'><strong>ltalia</strong></span> <span class='ocrx_word' id='word_1_80' title='bbox 751 1969 870 2042; x_wconf 88' lang='lat' dir='ltr'><strong>sedem</strong></span> <span class='ocrx_word' id='word_1_81' title='bbox 903 1992 1003 2043; x_wconf 88' lang='lat' dir='ltr'><strong>esse:</strong></span> <span class='ocrx_word' id='word_1_82' title='bbox 1037 1970 1067 2041; x_wconf 92' lang='lat' dir='ltr'><strong>si</strong></span> <span class='ocrx_word' id='word_1_83' title='bbox 1094 1978 1218 2041; x_wconf 90' lang='lat' dir='ltr'><strong>neutra</strong></span> 
     </span>
     <span class='ocr_line' id='line_1_12' title="bbox 142 2089 1215 2184; baseline 0.002 -26"><span class='ocrx_word' id='word_1_84' title='bbox 142 2092 268 2184; x_wconf 87' lang='lat' dir='ltr'><strong>placet,</strong></span> <span class='ocrx_word' id='word_1_85' title='bbox 285 2101 321 2161; x_wconf 92' lang='lat' dir='ltr'><strong>tu</strong></span> <span class='ocrx_word' id='word_1_86' title='bbox 342 2090 505 2175; x_wconf 87' lang='lat' dir='ltr'><strong>delibera,</strong></span> <span class='ocrx_word' id='word_1_87' title='bbox 520 2091 624 2162; x_wconf 91' lang='lat' dir='ltr'><strong>modo</strong></span> <span class='ocrx_word' id='word_1_88' title='bbox 644 2112 688 2162; x_wconf 91' lang='lat' dir='ltr'><strong>ne</strong></span> <span class='ocrx_word' id='word_1_89' title='bbox 702 2090 868 2164; x_wconf 89' lang='lat' dir='ltr'><strong>iudicium</strong></span> <span class='ocrx_word' id='word_1_90' title='bbox 881 2091 1026 2164; x_wconf 80' lang='lat' dir='ltr'><strong>allectus</strong></span> <span class='ocrx_word' id='word_1_91' title='bbox 1041 2089 1215 2183; x_wconf 82' lang='lat' dir='ltr'><strong>impediat,</strong></span> 
     </span>
     <span class='ocr_line' id='line_1_13' title="bbox 142 2212 1219 2305; baseline -0.002 -22"><span class='ocrx_word' id='word_1_92' title='bbox 142 2212 283 2284; x_wconf 91' lang='lat' dir='ltr'><strong>ubinam</strong></span> <span class='ocrx_word' id='word_1_93' title='bbox 314 2213 530 2285; x_wconf 85' lang='lat' dir='ltr'><strong>commodius</strong></span> <span class='ocrx_word' id='word_1_94' title='bbox 561 2213 666 2283; x_wconf 83' lang='lat' dir='ltr'><strong>futuri</strong></span> <span class='ocrx_word' id='word_1_95' title='bbox 695 2213 817 2285; x_wconf 90' lang='lat' dir='ltr'><strong>simus.</strong></span> <span class='ocrx_word' id='word_1_96' title='bbox 843 2215 1023 2305; x_wconf 90' lang='lat' dir='ltr'><strong>Nusquam</strong></span> <span class='ocrx_word' id='word_1_97' title='bbox 1049 2212 1138 2284; x_wconf 86' lang='lat' dir='ltr'><strong>adeo</strong></span> <span class='ocrx_word' id='word_1_98' title='bbox 1163 2233 1219 2281; x_wconf 91' lang='lat' dir='ltr'><strong>ra-</strong></span> 
     </span>
     <span class='ocr_line' id='line_1_14' title="bbox 141 2333 1218 2437; baseline -0.003 -31"><span class='ocrx_word' id='word_1_99' title='bbox 141 2333 277 2406; x_wconf 91' lang='lat' dir='ltr'><strong>dicatus</strong></span> <span class='ocrx_word' id='word_1_100' title='bbox 298 2357 390 2423; x_wconf 86' lang='lat' dir='ltr'><strong>sum,</strong></span> <span class='ocrx_word' id='word_1_101' title='bbox 413 2335 496 2428; x_wconf 96' lang='lat' dir='ltr'><strong>quin</strong></span> <span class='ocrx_word' id='word_1_102' title='bbox 514 2335 640 2408; x_wconf 93' lang='lat' dir='ltr'><strong>blando</strong></span> <span class='ocrx_word' id='word_1_103' title='bbox 661 2337 782 2429; x_wconf 85' lang='lat' dir='ltr'><strong>pollice</strong></span> <span class='ocrx_word' id='word_1_104' title='bbox 800 2335 859 2407; x_wconf 87' lang='lat' dir='ltr'><strong>fidi</strong></span> <span class='ocrx_word' id='word_1_105' title='bbox 877 2334 1124 2437; x_wconf 22' lang='lat' dir='ltr'><strong>amoris-avelli</strong></span> <span class='ocrx_word' id='word_1_106' title='bbox 1138 2355 1218 2427; x_wconf 88' lang='lat' dir='ltr'><strong>pos-</strong></span> 
     </span>
     <span class='ocr_line' id='line_1_15' title="bbox 142 2455 1215 2552; baseline -0.002 -24"><span class='ocrx_word' id='word_1_107' title='bbox 142 2455 222 2540; x_wconf 86' lang='lat' dir='ltr'><strong>sim;</strong></span> <span class='ocrx_word' id='word_1_108' title='bbox 239 2480 309 2550; x_wconf 96' lang='lat' dir='ltr'><strong>quo</strong></span> <span class='ocrx_word' id='word_1_109' title='bbox 330 2457 406 2543; x_wconf 87' lang='lat' dir='ltr'><strong>tibi,</strong></span> <span class='ocrx_word' id='word_1_110' title='bbox 427 2457 464 2529; x_wconf 92' lang='lat' dir='ltr'><strong>ui</strong></span> <span class='ocrx_word' id='word_1_111' title='bbox 480 2460 592 2542; x_wconf 82' lang='lat' dir='ltr'><strong>fallor,</strong></span> <span class='ocrx_word' id='word_1_112' title='bbox 615 2458 851 2552; x_wconf 79' lang='lat' dir='ltr'><strong>scrupulosius</strong></span> <span class='ocrx_word' id='word_1_113' title='bbox 866 2458 1064 2529; x_wconf 91' lang='lat' dir='ltr'><strong>trutinanda</strong></span> <span class='ocrx_word' id='word_1_114' title='bbox 1079 2478 1136 2528; x_wconf 91' lang='lat' dir='ltr'><strong>res</strong></span> <span class='ocrx_word' id='word_1_115' title='bbox 1150 2472 1215 2527; x_wconf 87' lang='lat' dir='ltr'><strong>est.</strong></span> 
     </span>
     <span class='ocr_line' id='line_1_16' title="bbox 141 2578 1218 2674; baseline -0.001 -25"><span class='ocrx_word' id='word_1_116' title='bbox 141 2578 230 2651; x_wconf 85' lang='lat' dir='ltr'><strong>Vide</strong></span> <span class='ocrx_word' id='word_1_117' title='bbox 248 2580 276 2650; x_wconf 91' lang='lat' dir='ltr'><strong>si</strong></span> <span class='ocrx_word' id='word_1_118' title='bbox 300 2591 436 2674; x_wconf 89' lang='lat' dir='ltr'><strong>quaest</strong></span> <span class='ocrx_word' id='word_1_119' title='bbox 449 2580 507 2652; x_wconf 89' lang='lat' dir='ltr'><strong>via</strong></span> <span class='ocrx_word' id='word_1_120' title='bbox 520 2602 601 2673; x_wconf 79' lang='lat' dir='ltr'><strong>qum</strong></span> <span class='ocrx_word' id='word_1_121' title='bbox 616 2603 757 2673; x_wconf 90' lang='lat' dir='ltr'><strong>sparsos</strong></span> <span class='ocrx_word' id='word_1_122' title='bbox 771 2582 949 2673; x_wconf 80' lang='lat' dir='ltr'><strong>recolligat</strong></span> <span class='ocrx_word' id='word_1_123' title='bbox 964 2579 1108 2658; x_wconf 89' lang='lat' dir='ltr'><strong>amicos;</strong></span> <span class='ocrx_word' id='word_1_124' title='bbox 1123 2579 1218 2671; x_wconf 92' lang='lat' dir='ltr'><strong>quod</strong></span> 
     </span>
     <span class='ocr_line' id='line_1_17' title="bbox 142 2701 1218 2798; baseline 0 -25"><span class='ocrx_word' id='word_1_125' title='bbox 142 2701 173 2773; x_wconf 90' lang='lat' dir='ltr'><strong>si</strong></span> <span class='ocrx_word' id='word_1_126' title='bbox 192 2705 286 2774; x_wconf 93' lang='lat' dir='ltr'><strong>nulla</strong></span> <span class='ocrx_word' id='word_1_127' title='bbox 306 2715 374 2787; x_wconf 90' lang='lat' dir='ltr'><strong>est,</strong></span> <span class='ocrx_word' id='word_1_128' title='bbox 397 2726 462 2786; x_wconf 91' lang='lat' dir='ltr'><strong>me,</strong></span> <span class='ocrx_word' id='word_1_129' title='bbox 491 2725 566 2790; x_wconf 91' lang='lat' dir='ltr'><strong>oro,</strong></span> <span class='ocrx_word' id='word_1_130' title='bbox 598 2702 666 2775; x_wconf 93' lang='lat' dir='ltr'><strong>iam</strong></span> <span class='ocrx_word' id='word_1_131' title='bbox 689 2703 840 2790; x_wconf 89' lang='lat' dir='ltr'><strong>tandem,</strong></span> <span class='ocrx_word' id='word_1_132' title='bbox 876 2715 980 2795; x_wconf 86' lang='lat' dir='ltr'><strong>toque</strong></span> <span class='ocrx_word' id='word_1_133' title='bbox 1012 2704 1125 2798; x_wconf 88' lang='lat' dir='ltr'><strong>ipsum</strong></span> <span class='ocrx_word' id='word_1_134' title='bbox 1152 2702 1218 2773; x_wconf 91' lang='lat' dir='ltr'><strong>hoc</strong></span> 
     </span>
     <span class='ocr_line' id='line_1_18' title="bbox 140 2825 1217 2922; baseline -0.002 -25"><span class='ocrx_word' id='word_1_135' title='bbox 140 2825 309 2922; x_wconf 81' lang='lat' dir='ltr'><strong>expedias</strong></span> <span class='ocrx_word' id='word_1_136' title='bbox 330 2826 461 2916; x_wconf 65' lang='lat' dir='ltr'><strong>laborm</strong></span> <span class='ocrx_word' id='word_1_137' title='bbox 482 2835 520 2898; x_wconf 89' lang='lat' dir='ltr'><strong>ct</strong></span> <span class='ocrx_word' id='word_1_138' title='bbox 537 2826 632 2919; x_wconf 93' lang='lat' dir='ltr'><strong>quod</strong></span> <span class='ocrx_word' id='word_1_139' title='bbox 652 2830 745 2899; x_wconf 93' lang='lat' dir='ltr'><strong>nullo</strong></span> <span class='ocrx_word' id='word_1_140' title='bbox 766 2828 881 2899; x_wconf 88' lang='lat' dir='ltr'><strong>sidere</strong></span> <span class='ocrx_word' id='word_1_141' title='bbox 901 2825 1131 2920; x_wconf 84' lang='lat' dir='ltr'><strong>prohibemur,</strong></span> <span class='ocrx_word' id='word_1_142' title='bbox 1149 2825 1217 2895; x_wconf 92' lang='lat' dir='ltr'><strong>tuis</strong></span> 
     </span>
     <span class='ocr_line' id='line_1_19' title="bbox 141 2947 1217 3043; baseline 0 -26"><span class='ocrx_word' id='word_1_143' title='bbox 141 2948 176 3018; x_wconf 93' lang='lat' dir='ltr'><strong>in</strong></span> <span class='ocrx_word' id='word_1_144' title='bbox 196 2948 318 3020; x_wconf 88' lang='lat' dir='ltr'><strong>litteris</strong></span> <span class='ocrx_word' id='word_1_145' title='bbox 344 2959 382 3020; x_wconf 91' lang='lat' dir='ltr'><strong>ut</strong></span> <span class='ocrx_word' id='word_1_146' title='bbox 408 2960 440 3021; x_wconf 95' lang='lat' dir='ltr'><strong>te</strong></span> <span class='ocrx_word' id='word_1_147' title='bbox 466 2948 603 3021; x_wconf 89' lang='lat' dir='ltr'><strong>videam</strong></span> <span class='ocrx_word' id='word_1_148' title='bbox 630 2960 792 3043; x_wconf 85' lang='lat' dir='ltr'><strong>praestes;</strong></span> <span class='ocrx_word' id='word_1_149' title='bbox 818 2971 898 3020; x_wconf 92' lang='lat' dir='ltr'><strong>nam</strong></span> <span class='ocrx_word' id='word_1_150' title='bbox 925 2957 961 3020; x_wconf 90' lang='lat' dir='ltr'><strong>tu</strong></span> <span class='ocrx_word' id='word_1_151' title='bbox 986 2948 1021 3018; x_wconf 94' lang='lat' dir='ltr'><strong>iu</strong></span> <span class='ocrx_word' id='word_1_152' title='bbox 1046 2947 1134 3019; x_wconf 90' lang='lat' dir='ltr'><strong>meis</strong></span> <span class='ocrx_word' id='word_1_153' title='bbox 1161 2968 1217 3017; x_wconf 92' lang='lat' dir='ltr'><strong>me</strong></span> 
     </span>
     <span class='ocr_line' id='line_1_20' title="bbox 141 3069 1215 3167; baseline -0.005 -24"><span class='ocrx_word' id='word_1_154' title='bbox 141 3081 211 3143; x_wconf 89' lang='lat' dir='ltr'><strong>tam</strong></span> <span class='ocrx_word' id='word_1_155' title='bbox 228 3070 351 3143; x_wconf 89' lang='lat' dir='ltr'><strong>crebro</strong></span> <span class='ocrx_word' id='word_1_156' title='bbox 369 3072 481 3157; x_wconf 74' lang='lat' dir='ltr'><strong>vides</strong></span> <span class='ocrx_word' id='word_1_157' title='bbox 503 3083 555 3156; x_wconf 89' lang='lat' dir='ltr'><strong>ut,</strong></span> <span class='ocrx_word' id='word_1_158' title='bbox 577 3073 645 3145; x_wconf 94' lang='lat' dir='ltr'><strong>nisi</strong></span> <span class='ocrx_word' id='word_1_159' title='bbox 664 3073 817 3145; x_wconf 90' lang='lat' dir='ltr'><strong>charitas</strong></span> <span class='ocrx_word' id='word_1_160' title='bbox 839 3081 987 3167; x_wconf 78' lang='lat' dir='ltr'><strong>superet</strong></span> <span class='ocrx_word' id='word_1_161' title='bbox 1002 3072 1069 3142; x_wconf 92' lang='lat' dir='ltr'><strong>iam</strong></span> <span class='ocrx_word' id='word_1_162' title='bbox 1083 3069 1215 3164; x_wconf 85' lang='lat' dir='ltr'><strong>possim</strong></span> 
     </span>
     <span class='ocr_line' id='line_1_21' title="bbox 141 3191 585 3265; baseline 0.007 -4"><span class='ocrx_word' id='word_1_163' title='bbox 141 3192 202 3263; x_wconf 90' lang='lat' dir='ltr'><strong>tihi</strong></span> <span class='ocrx_word' id='word_1_164' title='bbox 219 3214 302 3265; x_wconf 91' lang='lat' dir='ltr'><strong>esse</strong></span> <span class='ocrx_word' id='word_1_165' title='bbox 321 3191 469 3265; x_wconf 84' lang='lat' dir='ltr'><strong>fastidio.</strong></span> <span class='ocrx_word' id='word_1_166' title='bbox 488 3193 585 3264; x_wconf 85' lang='lat' dir='ltr'><strong>Vale.</strong></span> 
     </span>
    </p>
   </div>
   <div class='ocr_carea' id='block_1_3' title="bbox 283 3362 661 3432">
    <p class='ocr_par' dir='ltr' id='par_1_3' title="bbox 283 3362 661 3432">
     <span class='ocr_line' id='line_1_22' title="bbox 283 3362 661 3432; baseline 0 -14"><span class='ocrx_word' id='word_1_167' title='bbox 283 3362 322 3418; x_wconf 89' lang='lat' dir='ltr'><strong>lV</strong></span> <span class='ocrx_word' id='word_1_168' title='bbox 335 3362 377 3419; x_wconf 92' lang='lat' dir='ltr'><strong>ld.</strong></span> <span class='ocrx_word' id='word_1_169' title='bbox 393 3362 521 3432; x_wconf 85' lang='lat' dir='ltr'><strong>Martias,</strong></span> <span class='ocrx_word' id='word_1_170' title='bbox 535 3363 661 3418; x_wconf 82' lang='lat' dir='ltr'><strong>Veronae.</strong></span> 
     </span>
    </p>
   </div>
   <div class='ocr_carea' id='block_1_4' title="bbox 648 3593 714 3607">
    <p class='ocr_par' dir='ltr' id='par_1_4' title="bbox 648 3593 714 3607">
     <span class='ocr_line' id='line_1_23' title="bbox 648 3593 714 3607; baseline 0 -8"><span class='ocrx_word' id='word_1_171' title='bbox 648 3595 651 3599; x_wconf 79' lang='grc'><strong><em>,</em></strong></span> <span class='ocrx_word' id='word_1_172' title='bbox 657 3593 714 3607; x_wconf 62' lang='lat'><strong>..-</strong></span> 
     </span>
    </p>
   </div>
   <div class='ocr_carea' id='block_1_5' title="bbox 269 3786 1049 4006">
    <p class='ocr_par' dir='ltr' id='par_1_5' title="bbox 269 3786 1049 4006">
     <span class='ocr_line' id='line_1_24' title="bbox 562 3786 802 3853; baseline -0.017 0"><span class='ocrx_word' id='word_1_173' title='bbox 562 3787 738 3853; x_wconf 78' lang='lat' dir='ltr'><strong>EPISTOLA</strong></span> <span class='ocrx_word' id='word_1_174' title='bbox 759 3786 802 3850; x_wconf 81' lang='lat' dir='ltr'><strong>lu</strong></span> 
     </span>
     <span class='ocr_line' id='line_1_25' title="bbox 269 3937 1049 4006; baseline -0.008 0"><span class='ocrx_word' id='word_1_175' title='bbox 269 3937 271 3941; x_wconf 66' lang='lat'><em>&#39;</em></span> <span class='ocrx_word' id='word_1_176' title='bbox 310 3955 503 4006; x_wconf 81' lang='lat' dir='ltr'><strong>rnuucrscus</strong></span> <span class='ocrx_word' id='word_1_177' title='bbox 523 3951 691 4004; x_wconf 76' lang='lat' dir='ltr'><strong>ceraunon</strong></span> <span class='ocrx_word' id='word_1_178' title='bbox 708 3950 814 4000; x_wconf 80' lang='lat' dir='ltr'><strong>nurus</strong></span> <span class='ocrx_word' id='word_1_179' title='bbox 835 3950 900 4001; x_wconf 89' lang='lat' dir='ltr'><strong>sms</strong></span> <span class='ocrx_word' id='word_1_180' title='bbox 920 3950 947 4000; x_wconf 90' lang='lat' dir='ltr'><strong>s.</strong></span> <span class='ocrx_word' id='word_1_181' title='bbox 969 3951 997 4000; x_wconf 84' lang='lat' dir='ltr'><strong>r.</strong></span> <span class='ocrx_word' id='word_1_182' title='bbox 1018 3952 1049 4001; x_wconf 89' lang='lat' dir='ltr'><strong>n.</strong></span> 
     </span>
    </p>
   </div>
   <div class='ocr_carea' id='block_1_6' title="bbox 193 4093 1162 4258">
    <p class='ocr_par' dir='ltr' id='par_1_6' title="bbox 193 4093 1162 4258">
     <span class='ocr_line' id='line_1_26' title="bbox 193 4093 1162 4171; baseline -0.005 -18"><span class='ocrx_word' id='word_1_183' title='bbox 193 4097 321 4171; x_wconf 87' lang='lat' dir='ltr'><strong>Undique</strong></span> <span class='ocrx_word' id='word_1_184' title='bbox 349 4115 379 4153; x_wconf 88' lang='lat' dir='ltr'><strong>se</strong></span> <span class='ocrx_word' id='word_1_185' title='bbox 407 4096 536 4170; x_wconf 87' lang='lat' dir='ltr'><strong>periculis</strong></span> <span class='ocrx_word' id='word_1_186' title='bbox 564 4093 782 4150; x_wconf 86' lang='lat' dir='ltr'><strong>circumvcntum</strong></span> <span class='ocrx_word' id='word_1_187' title='bbox 805 4098 833 4148; x_wconf 81' lang='lat' dir='ltr'><strong>et</strong></span> <span class='ocrx_word' id='word_1_188' title='bbox 857 4093 887 4149; x_wconf 90' lang='lat' dir='ltr'><strong>in</strong></span> <span class='ocrx_word' id='word_1_189' title='bbox 912 4094 1018 4151; x_wconf 86' lang='lat' dir='ltr'><strong>lubrico</strong></span> <span class='ocrx_word' id='word_1_190' title='bbox 1042 4094 1162 4167; x_wconf 88' lang='lat' dir='ltr'><strong>positum</strong></span> 
     </span>
     <span class='ocr_line' id='line_1_27' title="bbox 241 4182 1098 4258; baseline -0.005 -17"><span class='ocrx_word' id='word_1_191' title='bbox 241 4187 420 4256; x_wconf 84' lang='lat' dir='ltr'><strong>lamentatur,</strong></span> <span class='ocrx_word' id='word_1_192' title='bbox 438 4201 524 4258; x_wconf 89' lang='lat' dir='ltr'><strong>eaque</strong></span> <span class='ocrx_word' id='word_1_193' title='bbox 538 4184 573 4239; x_wconf 89' lang='lat' dir='ltr'><strong>de</strong></span> <span class='ocrx_word' id='word_1_194' title='bbox 587 4199 669 4238; x_wconf 85' lang='lat' dir='ltr'><strong>causa</strong></span> <span class='ocrx_word' id='word_1_195' title='bbox 682 4182 802 4239; x_wconf 86' lang='lat' dir='ltr'><strong>abeundi</strong></span> <span class='ocrx_word' id='word_1_196' title='bbox 815 4184 984 4240; x_wconf 83' lang='lat' dir='ltr'><strong>voluntatem</strong></span> <span class='ocrx_word' id='word_1_197' title='bbox 997 4182 1098 4257; x_wconf 89' lang='lat' dir='ltr'><strong>prodit.</strong></span> 
     </span>
    </p>
   </div>
   <div class='ocr_carea' id='block_1_7' title="bbox 141 4408 1215 4646">
    <p class='ocr_par' dir='ltr' id='par_1_7' title="bbox 141 4408 1215 4646">
     <span class='ocr_line' id='line_1_28' title="bbox 194 4408 1215 4521; baseline -0.005 -22"><span class='ocrx_word' id='word_1_198' title='bbox 194 4408 198 4415; x_wconf 41' lang='lat'>⁸</span> <span class='ocrx_word' id='word_1_199' title='bbox 237 4428 405 4521; x_wconf 85' lang='lat' dir='ltr'><strong>Reliquiae</strong></span> <span class='ocrx_word' id='word_1_200' title='bbox 422 4446 486 4497; x_wconf 94' lang='lat' dir='ltr'><strong>nos</strong></span> <span class='ocrx_word' id='word_1_201' title='bbox 506 4426 674 4496; x_wconf 89' lang='lat' dir='ltr'><strong>malorum</strong></span> <span class='ocrx_word' id='word_1_202' title='bbox 688 4433 845 4496; x_wconf 88' lang='lat' dir='ltr'><strong>veterum</strong></span> <span class='ocrx_word' id='word_1_203' title='bbox 859 4432 1038 4504; x_wconf 80' lang='lat' dir='ltr'><strong>exercent3</strong></span> <span class='ocrx_word' id='word_1_204' title='bbox 1052 4421 1215 4495; x_wconf 90' lang='lat' dir='ltr'><strong>honesta-</strong></span> 
     </span>
     <span class='ocr_line' id='line_1_29' title="bbox 141 4544 1213 4646; baseline -0.007 -22"><span class='ocrx_word' id='word_1_205' title='bbox 141 4563 209 4624; x_wconf 87' lang='lat' dir='ltr'><strong>tem</strong></span> <span class='ocrx_word' id='word_1_206' title='bbox 242 4549 394 4646; x_wconf 85' lang='lat' dir='ltr'><strong>profiteri</strong></span> <span class='ocrx_word' id='word_1_207' title='bbox 427 4550 603 4632; x_wconf 75' lang='lat' dir='ltr'><strong>volumno,</strong></span> <span class='ocrx_word' id='word_1_208' title='bbox 631 4570 697 4621; x_wconf 89' lang='lat' dir='ltr'><strong>nec</strong></span> <span class='ocrx_word' id='word_1_209' title='bbox 719 4550 890 4621; x_wconf 82' lang='lat' dir='ltr'><strong>valemus.</strong></span> <span class='ocrx_word' id='word_1_210' title='bbox 916 4545 1017 4619; x_wconf 87' lang='lat' dir='ltr'><strong>Nulla</strong></span> <span class='ocrx_word' id='word_1_211' title='bbox 1043 4545 1145 4618; x_wconf 88' lang='lat' dir='ltr'><strong>nobis</strong></span> <span class='ocrx_word' id='word_1_212' title='bbox 1169 4544 1213 4616; x_wconf 94' lang='lat' dir='ltr'><strong>de</strong></span> 
     </span>
    </p>
   </div>
   <div class='ocr_carea' id='block_1_8' title="bbox 0 0 1374 5062">
    <p class='ocr_par' dir='ltr' id='par_1_8' title="bbox 0 0 1374 5062">
     <span class='ocr_line' id='line_1_30' title="bbox 0 0 1374 5062; baseline 0 1"><span class='ocrx_word' id='word_1_213' title='bbox 0 0 1374 5062; x_wconf 95' lang='lat' dir='ltr'><strong> </strong></span> 
     </span>
    </p>
   </div>
  </div>
 </body>
</html>
