2738 5062
329 717 421 765 ursan
442 716 778 774 nurnrusnuumus.-
791 717 943 769 srrsrous
965 720 1028 770 vur.
1160 710 1219 771 339

139 856 329 929 Enimvero
343 852 390 923 ibi
403 853 519 924 omnia
530 852 753 935 delectarent,
766 852 796 924 si
810 862 943 931 tantum
958 853 1120 927 civilibus
1131 856 1221 928 odiis

140 1000 208 1050 non
227 978 354 1048 liceret.
374 975 532 1046 Revooor
547 974 591 1046 ad
610 974 759 1046 vicinam
777 975 920 1047 curiam.
939 975 1031 1046 Nihil
1045 978 1221 1062 convenit,

140 1100 255 1175 omnia
275 1097 469 1190 displicent.
498 1097 589 1167 Inter
612 1094 677 1167 has
701 1095 921 1170 difficultates
942 1099 1071 1170 anxius
1091 1099 1136 1172 ad
1157 1098 1222 1170 bos

141 1223 304 1314 scopulos
324 1218 486 1311 applicui3
511 1218 565 1290 hic
585 1216 703 1291 haereo
728 1219 881 1291 incertus
906 1241 977 1314 quo
1001 1220 1220 1312 potissimum

97 1331 108 1343 '¹
141 1345 277 1418 adeam.
304 1341 367 1414 Hic
393 1341 421 1412 si
448 1340 587 1432 longam
609 1360 742 1411 moram
764 1350 919 1425 traxero,
942 1340 1045 1419 valde
1066 1342 1223 1414 silvanus
1282 1397 1288 1411 .

141 1466 234 1537 fiam.
256 1463 347 1548 Quid
367 1461 489 1535 faciam
510 1460 649 1533 audisti.
672 1460 761 1535 Audi
784 1485 869 1555 ergo
886 1460 970 1557 quid
987 1463 1152 1555 cogitem:
1170 1485 1225 1535 re-

142 1602 311 1682 sponsum
327 1597 422 1657 tuum
432 1582 644 1679 ’expectab03
659 1583 688 1657 si
703 1584 824 1656 venire
837 1586 979 1657 Romam
997 1584 1221 1669 dissuadens,

142 1711 231 1782 illico
250 1712 389 1781 clavum
417 1706 554 1779 flectam
586 1706 632 1779 ad
664 1707 757 1779 illam
790 1707 835 1780 de
865 1729 935 1801 qua
968 1710 1091 1801 loquor
1116 1709 1223 1780 ltaliae

142 1843 287 1929 partem,
311 1831 468 1922 interque
488 1827 593 1922 Alpes
613 1838 649 1901 et
668 1829 887 1925 Apenninum
909 1831 1074 1926 experiar
1099 1830 1128 1901 si
1154 1853 1222 1924 qua

142 1958 199 2027 vel
219 1957 369 2035 fortuna,
391 1953 448 2023 vel
471 1952 558 2024 ratio
581 1954 801 2045 tranquillum
821 1961 988 2048 praestare
1013 1954 1126 2051 possit
1144 1975 1224 2049 por-

142 2088 214 2150 tum
237 2079 271 2147 in
290 2078 430 2170 pelago;
457 2073 486 2146 si
512 2073 650 2170 penitus
683 2096 810 2169 auceps
843 2076 1022 2169 navigatio
1047 2075 1220 2159 videatur,

142 2200 199 2273 hic
225 2198 283 2270 ubi
310 2219 388 2269 sum
415 2218 483 2268 non
510 2196 612 2269 modo
637 2216 797 2269 ancoram
826 2199 961 2283 iaciam,
988 2208 1050 2270 aut
1074 2197 1223 2290 alligabo

101 2397 116 2421 Ι
142 2320 352 2401 naviculam,
376 2318 440 2391 sed
461 2317 668 2402 subducam,
687 2329 723 2390 et
739 2321 834 2413 quod
852 2323 962 2393 solent
978 2341 1066 2412 quos
1084 2320 1223 2391 nauira-
1307 2351 1312 2357 ·

143 2442 200 2535 gia
222 2450 429 2526 terrueruut,
451 2462 610 2535 quosque
631 2452 819 2534 pertaesum
841 2443 948 2516 maris
965 2452 1033 2529 est,
1048 2443 1116 2514 sub
1132 2452 1223 2514 tecto

143 2586 277 2658 punam,
293 2586 356 2636 seu
371 2564 530 2635 fortassis
543 2585 702 2650 exuram,
723 2567 920 2660 nequando
934 2565 1223 2638 mutatoconsilio

141 2688 308 2781 navigare
320 2688 469 2782 amplius
483 2686 625 2780 possim.
635 2687 696 2758 llic
708 2710 919 2781 quamquam
935 2687 1031 2759 urbis
1042 2687 1159 2779 impiae
1172 2690 1224 2759 vi-

141 2811 241 2883 cinus
256 2812 374 2903 fragor
391 2831 431 2881 ac
449 2811 566 2881 fumus
580 2807 780 2901 impediant,
795 2808 975 2880 obstruam
990 2819 1104 2880 tamen
1118 2829 1222 2880 aures

142 2935 346 3024 oculosque,
361 2943 531 3024 gratoque
544 2932 615 3003 otio
631 2931 725 3024 quod
745 2931 813 3002 iam
831 2931 920 3026 coepi
935 2940 972 3002 et
988 2940 1105 3024 optata
1124 2932 1221 3002 iruar

144 3053 344 3136 solitudine;
358 3065 393 3125 et
408 3054 437 3125 si
455 3053 534 3147 quis
547 3052 629 3125 inde
642 3053 722 3136 buc,
742 3053 835 3147 quod
850 3063 969 3126 vetare
988 3076 1132 3148 nequeo,
1148 3065 1222 3124 tur-

147 3174 245 3248 bator
262 3154 460 3256 accesserit,
476 3175 602 3248 sentiet
616 3197 670 3247 me
684 3175 719 3246 in
734 3173 832 3248 silvis
847 3165 1056 3249 urbanarum
1075 3174 1218 3247 oblitum

144 3307 250 3391 atque
271 3297 509 3369 immemorem
531 3320 710 3371 curarum:
733 3297 840 3370 surdo
861 3320 900 3371 se
922 3298 1221 3393 loquutumdicet;

143 3422 190 3493 ita
205 3418 289 3490 nihil
302 3419 443 3491 omnino
456 3417 612 3504 audiam,
626 3419 711 3490 nihil
727 3422 849 3514 loquar
860 3431 961 3493 extra
974 3420 1140 3516 propositi
1155 3420 1221 3493 mei

143 3542 241 3615 lines.
255 3540 419 3634 Vagabor
433 3543 529 3613 solus
542 3550 579 3612 et
591 3541 686 3626 liber,
703 3551 741 3614 ut
754 3564 845 3614 nnuc
858 3540 954 3613 facio.
969 3540 1056 3613 lllud
1068 3542 1224 3612 intererit
1322 3581 1327 3589 ·

143 3665 238 3760 quod
250 3687 342 3736 nuno
353 3685 401 3736 ex
413 3662 457 3736 iis
471 3666 554 3737 locis
569 3664 718 3737 Tiberim
732 3665 934 3759 Padumque
944 3664 1073 3758 cogito,
1089 3663 1222 3735 Arnum

143 3806 284 3888 quoque
300 3798 336 3858 et
353 3786 508 3859 Athesim
516 3790 560 3860 'et
576 3789 745 3874 Ticinum3
765 3797 846 3860 tunc
863 3789 910 3859 nil
927 3808 1076 3881 usquam
1094 3795 1223 3881 praeter

144 3906 301 4000 Sergiam
319 3909 479 4002 cogitabo
492 3911 581 3982 inter
592 3923 752 4003 agrestes
767 3911 924 3983 victurus
936 3909 1222 4001 humandusque,

145 4027 265 4102 ultimo
283 4031 417 4104 dierum
450 4031 604 4102 omnium
637 4041 738 4103 extra
767 4032 924 4122 quidem,
947 4030 1010 4100 sed
1035 4029 1129 4120 quod
1154 4030 1222 4100 iam

144 4152 227 4224 binc
248 4153 376 4239 turbat,
400 4173 506 4246 prope
529 4153 711 4224 tumultum
729 4151 974 4247 babylonicum
993 4163 1224 4222 surrecturus.

146 4274 216 4347 Sed
236 4272 303 4348 iarn
326 4275 411 4346 satis
429 4292 545 4344 sermo
570 4272 626 4345 bic
651 4271 870 4364 colloquendi
901 4268 1017 4343 studio
1042 4272 1224 4366 processit;

146 4396 203 4468 bis
227 4419 313 4490 ergo
337 4394 514 4478 omnibus,
536 4396 656 4477 frater,
676 4396 711 4464 in
729 4414 835 4466 uuum
856 4393 999 4477 coactis,
1027 4404 1062 4465 et
1087 4395 1115 4465 si
1141 4392 1226 4486 qnid

145 4531 318 4613 praeterea
338 4515 572 4612 presentibus
588 4527 643 4589 est
658 4517 843 4602 omissum,
867 4516 1031 4600 rescribe,
1054 4537 1123 4596 oro,
1142 4513 1226 4605 quid
