2738 5062
200 575 259 637 39ss
533 587 574 635 nn
595 587 696 638 REBUS
717 588 939 639 nnnlnlanlnt's

197 721 409 813 provehatur
429 719 636 815 occurrere),
665 722 775 815 ipsam
800 742 885 813 ergo
906 743 1011 814 quam
1033 722 1125 815 legis
1144 726 1291 818 episto·

196 846 262 914 lam
286 845 342 914 vel
362 843 485 934 legisti,
505 844 538 912 in
561 844 615 914 illa
637 842 862 914 devotissima
883 865 1000 915 eremo
1020 855 1232 938 conceptam
1250 859 1288 920 et

196 978 275 1056 post
293 965 368 1036 dies
389 985 518 1058 paucos
540 964 574 1034 in
598 965 758 1036 Helicone
775 976 892 1036 nostro
914 966 1016 1036 scribi
1035 977 1190 1062 coeptam
1215 971 1284 1043 hoc

195 1087 272 1180 ipso
292 1087 363 1171 die,
386 1088 436 1158 sic
456 1088 563 1179 quieti
587 1089 723 1159 fortuna
744 1087 895 1171 invidet,
923 1088 958 1157 in
981 1088 1161 1184 Babylone
1181 1114 1284 1165 com-

195 1209 296 1302 plevi,
318 1230 387 1299 quo
409 1208 536 1278 nudius
558 1209 678 1280 tertius
707 1208 802 1293 redii,
832 1217 869 1279 ut
897 1210 1102 1280 irrediturus
1135 1212 1280 1286 abeam.

196 1331 392 1402 Praemissis
412 1330 503 1399 enim
527 1351 650 1401 rursus
672 1332 705 1400 in
728 1330 859 1403 ltaliam
881 1331 1163 1422 exploratoribus
1187 1358 1282 1405 nun·

197 1453 252 1524 tiis
277 1453 390 1537 venie,
420 1451 486 1523 etsi
516 1452 562 1522 nil
597 1474 744 1545 usquam
770 1463 905 1525 constet
934 1475 1014 1524 esse
1036 1456 1278 1547 tranquillum,

195 1574 344 1668 aliquam
368 1585 480 1647 tamen
502 1572 588 1644 fisus
609 1576 718 1645 votivi
738 1585 859 1670 portus
876 1575 1025 1666 effigiem
1043 1597 1112 1646 non
1133 1576 1279 1649 deesse.

195 1698 370 1791 Quidquid
390 1699 456 1768 erit
481 1699 601 1780 leram,
624 1695 707 1767 dum
730 1697 919 1768 meminero
941 1705 1012 1767 toto
1031 1695 1118 1769 orbe
1138 1698 1187 1768 nil
1209 1700 1279 1770 Ba·

194 1819 321 1916 bylone
342 1818 523 1901 turbidius,
543 1818 588 1887 nil
606 1817 715 1911 peius;
733 1818 833 1888 cuius
849 1840 891 1889 ea
908 1820 1138 1912 procellarum
1156 1819 1279 1892 rabies

194 1950 257 2026 cst,
281 1952 317 2011 nt
338 1941 420 2010 nihil
443 1940 476 2008 in
497 1939 651 2024 circuitu,
673 1961 714 2010 ne
733 1939 897 2010 Helicona
917 1940 1057 2032 quidem
1078 1939 1197 2032 ipsum
1215 1962 1280 2035 pa-

194 2074 307 2133 catum
331 2062 441 2132 sinat:
464 2060 541 2130 lraec
562 2061 701 2152 inquam
716 2081 923 2145 memorans,
940 2061 1041 2132 modo
1055 2060 1136 2132 hinc
1148 2061 1276 2148 absim,

194 2203 414 2274 quocumque
434 2191 538 2273 caput
557 2182 624 2251 hoc
644 2204 721 2252 sors
743 2183 928 2277 imperiosa
948 2182 1125 2268 rotaverit‚
1145 2206 1203 2257 me
1219 2206 1278 2257 so-

196 2301 302 2373 labor.
324 2302 414 2383 Quid
432 2306 570 2372 autern?
586 2302 773 2374 Fortunam
791 2326 833 2375 ne
850 2304 913 2376 loci
932 2314 1099 2375 mutatam
1123 2305 1215 2379 reris
1232 2328 1277 2379 an

195 2428 374 2495 nostram?
398 2445 572 2514 nunquam
604 2445 657 2494 me
691 2425 746 2496 hic
775 2429 877 2498 laetus
908 2448 1026 2498 rumor
1051 2426 1187 2499 invenit
1212 2450 1277 2502 nec

196 2548 296 2620 faciet
321 2544 473 2638 quidem.
500 2544 688 2616 Confestim
714 2547 818 2637 igitur
845 2559 884 2618 ut
909 2548 975 2621 hoc
1005 2550 1134 2620 infame
1169 2550 1276 2623 limen

195 2670 302 2762 attigi,
320 2669 458 2760 gemino
477 2667 578 2739 simul
598 2668 671 2770 acri
687 2668 807 2739 nuntio
821 2690 1019 2761 percussus
1035 2669 1140 2744 didici
1152 2694 1275 2745 casum

197 2803 357 2876 tuomet
382 2791 472 2862 illius
498 2790 563 2860 viri
588 2790 707 2882 optimi
732 2790 909 2862 iacturam.
936 2792 1047 2864 Video
1073 2794 1159 2885 quid
1195 2796 1276 2867 huic

194 2915 326 2984 calamo
337 2912 492 2985 debitum
508 2938 514 2979 :
531 2911 594 2983 scd
611 2912 854 3006 occupationes
871 2913 1031 2997 officiunt,
1054 2914 1166 2997 locus,
1188 2926 1276 2986 tem-

196 3056 270 3127 pus
285 3035 457 3126 angustiae
470 3055 510 3104 ac
525 3032 624 3103 turba
638 3038 853 3124 negotiorum
870 3033 1058 3124 lugientem
1071 3035 1272 3127 insequens¹

195 3179 365 3250 nusquam
389 3167 559 3225 terrarum
588 3155 668 3225 alibi
696 3154 786 3225 dulci
815 3155 865 3225 sio
885 3176 1026 3224 manum
1048 3155 1208 3228 inliciens
1234 3157 1274 3226 li-

196 3279 340 3358 bertatl;
362 3279 426 3345 iter
445 3297 598 3368 quoqne,
628 3276 723 3368 quod
744 3275 832 3347 duce
853 3276 923 3347 Deo
944 3295 1028 3345 mox
1050 3287 1088 3347 ut
1109 3277 1200 3350 hanc
1220 3278 1275 3349 lit-

196 3399 339 3467 terulam
362 3398 561 3491 implevero,
586 3399 681 3468 velut
699 3397 728 3468 is
746 3396 806 3488 qui
822 3417 997 3466 carcerem
1014 3397 1112 3488 sugit,
1131 3399 1275 3473 festina·

195 3518 334 3590 hundus
352 3518 537 3608 arripiam:
555 3517 763 3588 haecomnia
781 3538 837 3586 me
853 3517 965 3588 amice
983 3518 1137 3589 scribere
1154 3520 1275 3611 prohi-

196 3644 298 3728 bent,
337 3662 405 3711 non
441 3638 570 3710 dolere.
604 3642 700 3711 More
737 3648 851 3710 autem
890 3662 968 3711 meo
1008 3643 1150 3733 antiquo
1192 3641 1275 3714 hinc
1331 3654 1336 3663 “

193 3764 374 3855 digressus
401 3762 435 3831 in
457 3762 641 3834 solitudine
662 3782 739 3831 mea
760 3761 963 3846 subsistam,
986 3764 1015 3834 si
1036 3763 1163 3835 diebus
1183 3775 1273 3847 octo,

195 3908 262 3958 non
295 3884 461 3980 pluribus.
494 3885 562 3954 lter
586 3883 651 3952 hoc
676 3882 835 3974 equidem
865 3884 914 3955 sic
938 3885 1052 3956 animo
1079 3884 1212 3977 partior
1238 3896 1276 3957 nt

195 4008 274 4079 hinc
297 4007 485 4080 emersisse
512 4002 653 4077 dimidia
681 4006 905 4099 etamplius,
931 4027 1043 4099 eaque
1071 4007 1274 4080 difficillima

196 4129 278 4199 milri
313 4131 381 4200 viae
420 4151 501 4222 pars
540 4130 721 4200 videatur:
760 4138 887 4200 caetora
918 4127 1039 4201 brevia
1064 4132 1213 4223 prorsus
1238 4139 1274 4202 et

195 4269 301 4340 prona
323 4249 401 4319 sint.
422 4251 518 4320 Vale.

337 4392 489 4463 Babylone,
505 4392 551 4447 lv.
568 4393 705 4449 Kalendas
721 4395 813 4450 lllnias.
