2738 5062
142 636 203 696 tau
479 602 640 695 nu'nnnus
660 642 881 694 rtttmrtataus

145 787 220 855 leus
241 802 371 876 parvus
396 790 480 852 erat.
507 778 606 851 Adde
631 782 883 876 Syracusanam
904 776 1132 854 obsidionem
1154 786 1236 855 lon-

145 926 225 996 gam
243 914 347 995 atque
368 901 553 984 difficilem,
587 900 859 993 clarissimeque
891 898 991 973 urbis
1026 902 1230 989 interitum,

145 1028 204 1118 qui
224 1025 333 1096 duces
353 1044 493 1117 quoque
517 1023 669 1095 hostium
689 1023 735 1095 ad
759 1022 1100 1095 commiserationem
1127 1026 1234 1098 laeri-

146 1168 292 1239 masque
312 1147 552 1237 eompelleret:
573 1143 664 1216 adde
683 1144 849 1217 Firmium
869 1154 975 1238 atque
994 1144 1172 1218 Asculum
1194 1160 1233 1220 et

145 1272 306 1340 Picenum
324 1288 426 1338 omne
445 1267 687 1361 perdomitum,
709 1267 943 1361 Vestinosque
967 1277 1005 1339 et
1024 1268 1167 1343 Marsos
1193 1281 1232 1343 et

145 1392 319 1482 Pelignus,
341 1389 499 1481 interque
511 1397 560 1460 tot
571 1399 737 1462 externos
751 1391 919 1461 tumultus
931 1388 1118 1461 intestinas
1130 1391 1229 1463 dorni

146 1510 347 1593 seditiones,
359 1520 394 1581 et
407 1519 548 1581 senatus
565 1510 795 1595 insolentiam,
809 1518 847 1581 et
858 1509 1076 1583 tribuniciam
1090 1510 1227 1583 rabiem

145 1642 180 1702 et
200 1630 515 1704 turbulentissimos
529 1633 679 1723 agrariae
696 1632 784 1725 tegis
801 1644 932 1717 motus,
951 1643 991 1704 ut
1004 1634 1161 1728 reliquos
1178 1636 1228 1707 si-

145 1756 247 1837 leam,
260 1776 350 1849 quos
363 1773 568 1826 enumerare
585 1774 654 1825 non
672 1754 815 1827 sufficio.
834 1752 944 1839 Adde,
959 1767 1146 1849 postquam
1165 1778 1225 1829 res

145 1876 189 1947 ad
210 1877 312 1948 unius
333 1876 513 1972 imperium
540 1876 657 1962 rediit,
683 1874 940 1948 coniurationes
961 1877 1165 1951 innumeras
1188 1888 1225 1953 ot

146 2000 284 2079 totiens,
307 1998 385 2068 lieet
405 2001 545 2079 trustra,
564 1998 708 2091 petitum
727 1996 864 2069 insidiis
881 1994 1083 2089 Augustum
1103 2008 1220 2094 eaput,

144 2130 182 2188 ut
202 2118 357 2188 omittam
379 2118 439 2209 qui
459 2139 594 2191 veneno
612 2122 668 2190 vel
685 2118 802 2210 gladio
816 2120 967 2214 periere:
984 2120 1078 2193 adde
1095 2123 1219 2195 lumem

14 2234 18 2241 '
143 2237 344 2308 Perusinum
369 2246 404 2307 et
423 2237 640 2311 obsidionem
660 2240 904 2324 Mutinensem,
929 2250 968 2311 et
990 2241 1219 2315 delectionem

142 2358 286 2429 eoloniae
313 2356 611 2442 Cremonensium,
638 2382 719 2453 quaa
744 2384 812 2433 una
844 2363 956 2433 luerat
980 2364 1072 2435 inter
1092 2384 1219 2456 paucas

143 2478 361 2563 fidelissima,
386 2500 533 2572 quarum
560 2483 663 2574 paulo
687 2492 769 2553 ante
794 2483 1031 2555 memineram.
1059 2486 1219 2577 Longum

144 2602 248 2674 nimie
269 2601 423 2675 historiae
439 2601 504 2673 iter
523 2602 653 2695 arripui
673 2604 739 2676 sed
759 2603 963 2676 subsistam.
984 2606 1107 2678 Omnis
1127 2608 1219 2679 enim

142 2734 229 2795 aetas
251 2723 508 2797 senessionibus
530 2724 654 2797 italicis
680 2748 721 2797 ao
744 2724 994 2797 deiectionibus
1015 2730 1120 2820 plena
1144 2739 1216 2813 est,

144 2855 181 2915 ut
197 2846 274 2916 lorti
296 2846 411 2918 animo
430 2858 465 2918 et
489 2858 647 2920 veterum
672 2847 817 2919 memori
846 2847 930 2918 nihil
956 2850 1067 2942 possit
1091 2850 1218 2923 insoliti

143 2967 285 3038 terroris
311 2990 507 3055 occurrere,
535 2980 643 3063 utque
666 2970 770 3041 nimis
797 2970 934 3065 proprie
959 2971 1089 3043 dictum
1111 2985 1148 3045 et
1172 2996 1217 3045 ex

144 3091 218 3182 ipse
240 3100 375 3161 naturae
394 3089 526 3183 gremio
552 3103 729 3184 sumptum
754 3092 918 3165 videatur
936 3094 1032 3186 quod
1052 3094 1217 3187 Virgilius

143 3222 204 3281 art.
343 3308 503 3372 Gravidam
521 3309 659 3389 imperiis
675 3308 821 3389 bellisque
836 3310 1019 3373 trementem

344 3402 465 3465 ltaliam.

144 3580 233 3650 Talis
254 3579 344 3649 euim
367 3580 412 3650 ab
431 3583 527 3654 initio
546 3587 622 3669 suit,
642 3589 719 3659 talis
737 3600 791 3658 est
808 3588 924 3675 hodie,
944 3590 1021 3662 talis
1039 3590 1085 3662 ad
1101 3604 1217 3663 extre·

144 3722 236 3770 mum
251 3700 326 3771 erit.
342 3701 413 3795 lam
426 3723 512 3774 vero
524 3727 605 3797 quaa
618 3708 733 3779 valide
748 3721 781 3779 te
798 3720 984 3805 paupertas
1001 3714 1218 3785 remoratur?

142 3823 232 3906 Quid
254 3824 357 3898 babet
373 3836 558 3922 paupertas
574 3850 756 3903 commune
772 3854 850 3904 oum
869 3835 1030 3906 Caesarel
1045 3834 1117 3909 Aut
1132 3858 1218 3929 quo-

143 3948 246 4020 modo
262 3973 395 4045 pauper
414 3952 540 4045 estqui
553 3952 639 4025 alios
652 3952 919 4027 ditat‘lllnimus
932 3979 1122 4052 pauperem
1139 3960 1219 4033 lacit

91 4148 94 4153 ¹
140 4073 175 4135 et
193 4067 346 4141 divitem.
362 4075 497 4167 Pauper
516 4097 604 4146 sum.
620 4076 665 4147 Et
677 4076 876 4149 lulius-ante
890 4079 1072 4173 imperium
1087 4102 1217 4175 pauper

140 4185 217 4267 iuit3
235 4199 313 4279 post
330 4191 511 4284 imperium
531 4217 597 4266 nen
615 4194 732 4267 dives:
747 4219 848 4269 neme
867 4198 958 4269 enirn
974 4198 1151 4274 liberalius
1165 4202 1218 4271 vi-

141 4306 249 4378 ctoria
263 4328 348 4379 usus
361 4325 425 4396 est,
439 4328 482 4398 et,
503 4328 541 4387 ut
557 4319 603 4388 ait
623 4318 778 4391 Annaeus
794 4321 939 4403 Seneca,
955 4322 1039 4392 nihil
1054 4324 1120 4394 sibi
1135 4324 1216 4396 reti-

141 4430 216 4501 nuit
235 4442 362 4522 praeter
382 4434 605 4527 dispensandi
628 4452 844 4532 potestatem.
865 4443 1060 4517 Postremo:
1084 4468 1217 4543 pauper
