2736 5026
386 345 474 390 ttttutt
500 345 707 391 obeuntibus.
719 362 758 373 -
771 345 920 392 bristout
947 346 995 391 i'ii.
1168 336 1220 393 iiii)

557 617 734 682 EPISTULA
757 617 811 681 vlt.

223 840 415 891 franciscus
435 840 603 891 paraenet
624 841 772 891 umento
793 841 991 892 SULMONENSI
1011 843 1037 893 S.
1059 844 1087 893 P.
1109 847 1139 894 D.

144 1037 261 1094 Litteras
283 1038 343 1094 eius
365 1054 427 1093 saro
450 1037 532 1093 nimis
557 1037 608 1092 sibi
633 1036 753 1092 redditas
777 1038 914 1109 quaritur.
938 1037 1043 1092 Laudat
1065 1036 1219 1093 Robertum

214 1145 309 1199 regern
330 1135 357 1183 et
378 1129 456 1199 regni
478 1133 582 1182 sortem
605 1126 697 1182 deflet.
725 1127 800 1180 Bene
819 1126 923 1181 sactum
944 1142 1005 1180 csse
1024 1127 1098 1198 quoi
1120 1126 1219 1182 -Romm

173 1198 179 1213 ⁸
214 1235 287 1274 anno
301 1218 402 1273 iubilaei
415 1218 498 1273 simul
515 1234 572 1273 non
589 1216 701 1272 suerint.
722 1216 762 1272 De
781 1216 873 1271 Africa
891 1232 942 1271 sua
965 1215 1220 1288 inpraesentiarum

214 1326 244 1363 se
257 1324 313 1363 non
327 1308 456 1380 cogitare.

239 1590 327 1660 Dum
352 1588 398 1660 ad
425 1610 490 1672 me,
529 1609 609 1681 pars
639 1587 704 1659 mei
734 1586 863 1682 optima
896 1585 1059 1670 Barbate,
1095 1586 1219 1657 litterae

143 1723 212 1785 tum
231 1714 345 1806 longis
364 1711 575 1783 anfractibus
593 1712 686 1783 viam
707 1719 882 1804 quaerunt,
901 1719 936 1782 et
953 1711 988 1780 in
1004 1708 1122 1781 Galiiis
1144 1706 1219 1780 leti-

143 1845 272 1907 tantem
291 1856 351 1927 per
370 1833 499 1906 ltaliam
518 1845 725 1927 sequuntur,
744 1855 858 1905 annus
877 1855 982 1926 prope
1001 1833 1136 1924 integer
1151 1831 1219 1902 cir-

142 1966 320 2027 cumactus
343 1965 419 2026 est:
445 1956 493 2027 ita
517 1978 585 2027 non
614 1959 725 2027 solum
752 1964 871 2027 nostro
897 1956 990 2026 vivae
1014 1954 1126 2036 vocis,
1154 1953 1218 2025 sed

143 2089 273 2151 mutuae
297 2079 400 2152 etiam
427 2079 607 2173 scripturae
636 2079 756 2152 solatio
781 2079 1018 2175 prohibemur.
1041 2081 1112 2150 Hoc
1132 2077 1217 2149 iuris

142 2199 176 2272 in
197 2200 296 2273 nobis
318 2199 439 2271 babuit
463 2202 599 2272 fortuna
619 2222 663 2271 ex
686 2223 756 2293 quo
780 2199 836 2271 die
862 2222 926 2272 nos
947 2201 1094 2271 intactos
1126 2220 1218 2293 prae·

141 2324 269 2396 teriens
287 2325 457 2414 glutinum
471 2322 571 2394 nobis
585 2323 836 2394 suavissimum
853 2332 959 2414 atque
976 2321 1215 2392 dulcissimum

141 2444 279 2515 inimica
299 2467 393 2516 mors
415 2445 543 2534 rapuit,
571 2465 687 2533 regam
709 2441 867 2524 siculum,
890 2465 959 2535 quo
979 2442 1064 2512 nihil
1090 2441 1215 2523 maine,

141 2561 226 2631 nihii
246 2563 400 2631 ornatius
423 2563 547 2632 tulerat
563 2571 650 2630 aetas
670 2570 798 2631 nostra.
825 2562 886 2632 lite
917 2561 977 2652 qui
1001 2583 1065 2632 nos
1092 2561 1218 2631 vivens

143 2679 256 2752 animo
276 2682 513 2775 copulaverat,
535 2702 679 2774 corpore
699 2681 870 2752 disiunxit
896 2681 1063 2765 moriens,
1090 2691 1218 2752 totum-

142 2825 209 2897 que
230 2803 445 2897 propositum
470 2803 554 2875 vitae
578 2816 708 2876 nostrae
735 2816 860 2876 moesta
885 2827 1002 2876 rerum
1027 2803 1217 2876 mutatione

140 2929 328 3022 praevertit.
355 2929 561 3004 Omittamus
594 2937 709 3000 autem
744 2939 890 3000 tractare
924 2947 1004 3020 quae
1037 2927 1216 2999 retractari

141 3062 236 3123 vetat
251 3051 476 3125 inexorabilis
498 3054 557 3121 lex
576 3061 725 3135 naturae,
748 3059 784 3121 et
812 3051 912 3123 tacita
946 3050 1107 3144 patientia
1127 3051 1216 3121 tera-

141 3195 219 3245 mus
237 3172 331 3265 quod
348 3174 492 3266 gravius
510 3171 548 3244 tit
564 3175 735 3245 lamentis.
754 3175 831 3244 Rex
847 3184 967 3245 noster
982 3175 1070 3246 coelo
1087 3172 1215 3263 dignus

140 3305 231 3365 erat:
260 3295 318 3366 tali
339 3317 421 3386 rege
442 3298 542 3368 tellus
569 3296 720 3389 indigna.
748 3296 819 3368 Sibi
850 3298 989 3391 requies
1019 3307 1098 3392 post
1121 3294 1217 3367 labo

142 3437 233 3486 rem:
260 3417 359 3488 nobis
386 3430 464 3513 post
490 3419 598 3492 risum
625 3422 790 3504 lacrimae,
819 3422 917 3494 dolor
941 3432 1019 3515 post
1049 3420 1213 3513 gaudium

142 3537 373 3622 debebantur,
401 3563 537 3635 unoque
558 3553 652 3626 actu,
679 3556 715 3616 et
740 3545 815 3636 ipse
840 3566 905 3617 suo
931 3545 1129 3635 iungendus
1153 3568 1216 3617 au-

139 3661 240 3745 ctori,
260 3671 295 3731 ot
312 3683 376 3732 nos
393 3684 533 3734 eramus
551 3663 596 3735 ab
613 3666 759 3738 invicem
775 3665 999 3757 segregandi.
1014 3667 1124 3750 Quam
1142 3692 1213 3741 rem

140 3782 239 3857 brevi
268 3807 377 3878 nuper
408 3786 559 3857 carmine
587 3796 734 3880 questus
765 3808 859 3871 sum,
890 3787 983 3879 quod
1004 3787 1039 3857 in
1060 3789 1214 3882 epistolis

141 3915 238 3979 tuum
258 3929 384 3978 nomen
406 3906 614 3980 habentibus
636 3909 792 4002 prooemii
815 3912 926 3982 locum
955 3922 1053 3984 tenet.
1080 3916 1211 3987 Eodem

139 4030 282 4101 consitio
299 4030 390 4102 iilam
411 4031 568 4123 epistolae
589 4039 659 4102 tuae
680 4044 812 4126 partem
836 4045 985 4120 transeo,
1008 4035 1068 4107 nbi
1092 4036 1212 4129 patriar

142 4161 286 4235 statum,
316 4154 473 4226 miserias
506 4155 621 4226 vorbis
654 4156 872 4249 aequantibus
910 4160 963 4253 pio
997 4181 1141 4252 prorsus
1172 4180 1210 4227 ao
