2738 5062
1050 484 1058 497 Ι

140 704 200 769 482
430 683 433 689 Δ
475 718 516 765 nn
538 716 638 766 nunus
660 715 882 766 rrururrarnus

140 855 232 950 pillis
248 861 462 950 expurgant,
485 872 563 955 cum
579 849 653 924 sani
667 851 775 947 pedes
792 860 894 923 acuta
910 851 1015 921 etiam
1034 868 1120 920 saxa
1137 868 1223 920 con-

142 985 307 1050 temnant.
335 974 391 1045 Sic
423 972 665 1047 valetudinarii
695 976 927 1046 fenestrellam
960 995 1097 1044 omnem
1128 972 1224 1043 vitro

143 1098 294 1196 sepiunt,
316 1118 395 1169 cum
418 1095 506 1171 bene
522 1098 679 1169 valentes
697 1118 755 1168 aer
773 1095 924 1189 liquidus
941 1106 975 1167 et
992 1094 1096 1187 gelidi
1117 1094 1224 1166 llatns

142 1224 319 1293 mulceant
338 1219 520 1313 aquilonis.
543 1220 600 1293 Sic
619 1219 726 1312 igitur
751 1219 869 1292 idiotae
887 1240 976 1314 quos
997 1216 1132 1315 syllaba
1153 1238 1224 1289 una

142 1344 200 1416 vel
220 1343 333 1416 littera
352 1364 446 1436 saepe
463 1342 522 1414 diu
544 1343 654 1415 tenuit
670 1344 869 1437 perplexos,
892 1341 1007 1413 omnia
1032 1339 1226 1412 accuratis-

144 1467 231 1538 sime
255 1488 301 1539 ne
332 1467 417 1559 quid
448 1468 516 1539 tale
549 1465 674 1537 iterum
696 1465 887 1559 patiantur,
906 1463 1107 1549 emendant,
1130 1460 1227 1556 quod

144 1588 283 1680 ingenio
300 1586 450 1662 fidentes
466 1599 502 1659 ct
517 1588 708 1660 maioribus
727 1588 847 1660 intenti
867 1588 1058 1680 negligunt.
1083 1587 1129 1657 Et
1147 1585 1227 1658 haec

144 1708 284 1805 quidem
305 1696 541 1783 incommune
561 1709 720 1783 dixerim.
742 1712 793 1783 De
812 1710 901 1781 libro
920 1721 1037 1781 autem
1055 1706 1124 1781 hoc
1139 1706 1228 1801 quid

144 1854 267 1929 speres
289 1835 364 1929 ipsa
385 1845 419 1905 te
436 1833 514 1904 libri
534 1833 640 1906 lacies
662 1832 826 1906 monebit.
846 1831 968 1904 Novus
983 1839 1021 1903 'et
1036 1828 1154 1904 nudus
1169 1840 1228 1902 est

143 1968 180 2030 et
204 1960 299 2029 nullo
322 1958 526 2029 correctoris
551 1956 655 2029 dente
684 1974 887 2052 percussus.
912 1954 1105 2027 Familiaris
1129 1953 1227 2029 illum

143 2100 245 2151 meus
263 2080 416 2174 scripsit,
438 2102 541 2174 quem
563 2100 700 2151 mecum
717 2078 805 2150 intra
828 2087 924 2150 tuum
942 2077 1047 2148 limen
1068 2097 1162 2148 anno
1177 2076 1228 2148 al·

145 2210 218 2273 tero
234 2200 367 2285 vidisti,
387 2201 525 2273 iuvenis
545 2200 762 2294 digiti-quam
779 2198 908 2291 ingenii
921 2198 1083 2270 melioris.
1102 2197 1228 2291 Negle-

144 2332 235 2393 ctam
255 2332 366 2394 tamen
386 2322 688 2420 orthographiam,
703 2321 817 2415 potius
833 2343 939 2416 quam
956 2320 1115 2413 insignes
1132 2319 1228 2393 defe-

145 2453 222 2516 ctus
240 2444 409 2517 invenies.
426 2445 584 2538 Denique
598 2447 684 2517 torte
696 2443 827 2537 aliquid
844 2453 1002 2517 occurret
1018 2441 1113 2538 quod
1129 2442 1229 2515 intel-

144 2567 272 2637 lectum
292 2574 470 2649 exerceat,
486 2565 580 2657 quod
594 2564 760 2658 impediat
774 2564 867 2636 nihil.
881 2566 1025 2658 Perlege
1041 2575 1077 2637 et
1089 2565 1226 2639 insisto:

145 2708 332 2762 accensum
357 2688 444 2761 liber
469 2686 526 2760 hic
545 2687 699 2760 animum
726 2687 963 2772 inllammabit,
986 2687 1045 2782 qui
1072 2691 1228 2781 algentes

145 2812 358 2884 accenderet.
380 2811 526 2883 Videbis
544 2811 637 2903 quo'd
650 2809 695 2883 de
715 2809 848 2881 Bihlidc
870 2809 1019 2881 hahetur
1035 2811 1069 2880 in
1086 2810 1226 2895 tabulis,

145 2932 381 3025 Augustinum
401 2952 527 3028 nempe
543 2933 580 3003 in
597 2937 725 3005 sontem
743 2931 1050 3005 devotissimarum
1071 2934 1230 3006 lacrima-

145 3076 317 3126 ramesse
334 3076 562 3127 conversum:
581 3077 684 3149 quem
703 3076 859 3148 precare,
879 3076 940 3127 oro
959 3064 1000 3139 te,
1019 3066 1057 3126 ul
1074 3077 1229 3128 commu-

144 3196 224 3247 nem
246 3162 424 3248 dom'inum
443 3198 507 3270 pro
527 3199 582 3248 me
604 3187 714 3268 roget.
736 3177 826 3260 Quid
847 3180 979 3249 malea
999 3179 1044 3249 Et
1063 3176 1123 3248 tibi
1142 3179 1228 3249 inter

146 3298 333 3388 legendum
354 3300 463 3371 lluent
488 3301 660 3387 lacrimae,
683 3300 888 3390 allegando
913 3298 1026 3384 flebis,
1055 3310 1091 3372 et
1115 3299 1228 3373 flendo

145 3419 334 3505 laetaberis,
357 3421 524 3515 dicesque
545 3432 579 3494 ta
599 3421 633 3492 in
654 3421 710 3493 his
736 3421 858 3493 litteris
882 3444 967 3494 vere
992 3424 1141 3516 ignitum
1158 3426 1226 3497 elo·

145 3538 267 3632 quium
297 3553 332 3612 et
356 3546 492 3633 sagittas
512 3545 656 3637 potentis
684 3554 797 3613 acutas
823 3564 897 3615 cum
926 3546 1077 3615 carbonis
1105 3544 1225 3615 desola-

147 3664 238 3734 loriis
258 3664 446 3736 invenisse.
465 3666 561 3736 Vale.

288 3811 444 3871 llcrliolani,
465 3810 524 3864 Vll.
548 3810 607 3865 Kal.
630 3812 723 3877 Maias,
745 3812 778 3865 ad
798 3828 951 3884 uesperam.
