2738 5062
465 914 651 983 Fssiuclscl
681 916 885 983 PETRARCAE

288 1161 358 1238 DE
407 1160 590 1240 REBUS
640 1154 1066 1239 FAMILIARIBUS

347 1401 498 1471 LIBER
539 1398 996 1482 QUARTUSDECIMUS.

567 1835 743 1900 EPISTULA
763 1838 783 1899 Ι.

191 2005 384 2064 uui-Neiscus
406 2011 574 2062 Piamouei
595 2011 787 2060 uuuiuuuuo
809 2011 959 2061 Episcopo
981 2003 1160 2060 ALBANENSI

517 2117 688 2166 CARDINALI
708 2118 734 2166 S.
756 2117 784 2166 P.
806 2117 836 2166 Ι).

140 2284 245 2355 Cuique
259 2281 419 2338 mortalium
432 2283 587 2354 praesertim
601 2299 666 2338 vero
679 2283 802 2353 dynastis
815 2288 842 2337 et
860 2283 887 2337 in
907 2283 1054 2338 sublimem
1073 2284 1214 2341 sonunain

289 2371 389 2426 evectis
402 2374 533 2427 {erumnis
546 2371 740 2443 laboribusque
755 2372 838 2428 vium
852 2388 912 2428 osso
926 2372 1064 2428 refertam.

239 2592 376 2662 Clarum
390 2589 464 2660 fiori
476 2588 554 2661 stilo
565 2589 726 2683 imperas.
740 2592 865 2662 Parere
877 2589 1017 2683 quidem
1036 2602 1215 2686 promptus

139 2725 195 2789 est
211 2715 362 2786 animus:
385 2736 492 2785 uuum
513 2714 603 2784 inter
622 2735 687 2785 nos
708 2736 776 2785 non
797 2714 898 2807 piane
918 2713 1099 2796 convenit,
1122 2713 1216 2806 quod

142 2850 180 2912 tu
199 2839 306 2911 humo
326 2837 522 2931 proximum
543 2838 673 2908 clarum
693 2846 812 2921 vocuo,
831 2857 899 2928 ego
911 2856 981 2928 quo
1001 2835 1156 2908 altiorem
1173 2857 1215 2906 eo

142 2960 320 3035 clariorem
340 2959 517 3044 existimo,
541 2960 615 3030 suis
635 2959 737 3031 modo
767 2981 805 3030 se
837 2957 989 3030 nubibus
1017 2980 1085 3030 uon
1104 2958 1216 3030 invol-

143 3094 212 3157 vat.
234 3084 406 3154 Caeierum
430 3093 466 3153 iu
489 3092 601 3176 pater,
624 3089 662 3152 tu
682 3081 855 3165 dominuS,
883 3089 920 3150 iu
946 3080 1128 3172 magister:
1156 3071 1216 3151 tibi

143 3228 213 3292 me,
236 3228 305 3277 non
325 3205 407 3274 mihi
436 3215 469 3274 to
501 3226 633 3274 morem
663 3225 784 3294 gerere
818 3203 961 3294 dignum
982 3213 1047 3274 ost.
1074 3203 1111 3275 id
1133 3225 1216 3275 saue

142 3329 237 3399 nullo
255 3325 377 3397 molius
399 3326 701 3418 modoossoquor,
720 3348 824 3417 quam
844 3325 872 3394 si
891 3323 934 3397 do
950 3325 1124 3396 communi
1145 3328 1216 3398 vita

143 3450 320 3521 hominum
347 3453 478 3541 loquar.
505 3449 672 3534 Quotiens
703 3448 794 3520 enim
821 3448 921 3518 stilus
955 3451 1010 3520 vei
1041 3448 1215 3523 rationalis

142 3557 372 3664 philosophia)
393 3573 610 3665 perplexum,
632 3573 689 3641 vol
710 3572 875 3641 naturalis
895 3593 1060 3642 arcanum
1081 3573 1146 3643 iter
1165 3572 1216 3642 in-

144 3692 316 3785 greditur,
339 3693 463 3761 mirum
485 3715 553 3762 non
574 3707 628 3765 est
645 3693 673 3764 si
695 3703 861 3786 occupata
880 3695 1006 3766 leutius
1028 3704 1216 3788 sequuntur

144 3813 294 3905 ingenio.
320 3817 365 3884 At
385 3813 443 3884 ubi
464 3837 510 3885 ox
532 3815 597 3885 iliis
623 3815 793 3906 angustiis
811 3838 989 3907 egressuS,
1012 3817 1056 3888 ad
1076 3818 1216 3890 moralis

144 3934 271 4026 eloquii
287 3957 448 4029 eampum
470 3934 570 4020 redit,
592 3936 670 4027 quis
690 3946 758 4007 tam
780 3936 904 4008 hebete
920 3936 1058 4028 ingenio
1082 3951 1158 4024 est,
1181 3947 1217 4010 ut

143 4079 213 4128 non
226 4058 322 4130 facile
335 4059 607 4152 comprehendat
618 4058 663 4130 ab
676 4061 783 4130 altero
796 4058 951 4131 auditum
966 4060 1070 4153 quod,
1084 4061 1216 4134 cunctis

144 4181 351 4268 tacentibus,
370 4205 439 4254 non
456 4183 605 4275 ignorat,
628 4181 791 4277 quodque
809 4184 859 4254 sic
875 4205 956 4255 esse
976 4183 1124 4255 videtin
1142 4185 1216 4256 aliis

145 4312 185 4372 ut
205 4302 239 4372 iu
260 4325 299 4374 so
318 4303 456 4399 probat,
479 4306 576 4377 cuius
607 4317 642 4376 ot
672 4304 707 4374 in
733 4304 841 4376 oculis
866 4318 901 4377 et
925 4305 959 4374 in
992 4307 1109 4378 animo
1138 4315 1218 4382 suut

145 4427 327 4518 exempla?
344 4427 415 4496 Hoc
428 4428 531 4517 igitur
548 4428 593 4499 de
611 4450 648 4498 ro
665 4431 787 4520 loquor
803 4429 847 4499 do
865 4450 933 4520 qua
948 4451 1048 4500 nemo
1066 4454 1217 4525 unquam

148 4546 234 4621 satis
254 4548 347 4641 loqui
368 4548 478 4642 potuit
493 4561 553 4621 aut
572 4550 710 4644 poterit,
728 4552 835 4622 inuno
852 4573 937 4622 voro
955 4573 1056 4624 nemo
1073 4577 1142 4627 non
1163 4576 1218 4628 so-
