2738 5062
139 642 177 702 82
478 656 519 704 ba
540 655 640 705 REBUS
661 655 881 705 Flumllllleus

140 794 258 866 tudine
275 794 485 864 constitutus
502 792 762 866 innumerabilia
778 792 899 867 mundi
916 794 1068 866 malado
1086 806 1216 871 eaelero

140 938 208 988 non
231 916 394 998 sentires3
415 938 495 1009 quae
512 937 578 1007 ego
596 915 703 987 miser
720 917 840 1001 sentio,
855 916 983 1009 quibus
1001 929 1037 989 et
1052 917 1219 992 obsideor

142 1063 182 1112 ac
200 1040 481 1135 circumspiciens
505 1039 745 1113 contremisco.
770 1040 843 1112 Nec
862 1040 967 1113 addo:
994 1041 1078 1114 dum
1103 1041 1221 1115 adbuc

32 1239 36 1246 ,
141 1166 186 1236 de
203 1164 378 1262 Babylone
395 1174 489 1259 patet
504 1166 633 1248 exitus,
648 1164 784 1257 effugio.
804 1165 879 1238 Noli
890 1176 1006 1237 tumen
1018 1164 1217 1262 desperare,

143 1289 290 1361 obsecro
312 1300 366 1369 te;
387 1311 448 1360 ora
470 1288 599 1380 potius,
621 1287 860 1381 utaliquando
881 1309 1105 1381 consurgam.
1131 1290 1220 1361 Mul-

144 1422 216 1484 lum
234 1421 297 1497 est,
312 1414 429 1496 faleor,
445 1412 576 1504 peceati
592 1411 660 1482 mei
673 1410 822 1506 pondus,
846 1410 910 1484 sed
930 1409 1065 1482 finitum
1085 1420 1218 1496 tamem

143 1545 179 1606 at
203 1536 280 1606 eius
301 1536 394 1605 unde
419 1534 587 1605 auxilium
607 1546 769 1629 expecto,
791 1533 924 1606 infinita
947 1533 1129 1608 clementia
1151 1547 1219 1608 esc

144 1659 226 1728 Haeo
247 1657 319 1742 tibi,
342 1656 511 1728 Germane
532 1657 644 1740 unice,
666 1679 736 1726 non
752 1678 831 1727 meo
852 1658 916 1729 sed
935 1657 1122 1750 peregrino
1142 1658 1221 1731 stilo
1267 1638 1270 1644 ¹

144 1802 186 1853 ac
204 1802 313 1874 prope
332 1781 523 1853 monastice
540 1781 681 1865 dimovi,
709 1790 742 1853 te
762 1781 1002 1876 potiusquam
1024 1804 1082 1855 me
1105 1782 1220 1878 ipsum

144 1905 311 1997 cogitans.
339 1907 451 1998 Leges
477 1904 560 1975 dum
585 1927 632 1976 ex
657 1906 839 1977 commodo
862 1906 991 1991 licebit,
1018 1916 1053 1978 el
1083 1905 1114 1978 si
1142 1906 1223 1979 hine

146 2028 344 2122 perfectioni
365 2038 435 2099 tuae
460 2028 544 2101 nihil
566 2029 767 2113 accesserit,
792 2030 894 2117 scito,
916 2052 973 2102 mc
993 2028 1078 2101 mihi
1099 2033 1224 2104 saltem

145 2150 320 2244 profuisse
331 2151 416 2221 dum
434 2151 631 2236 scriberem,
646 2152 807 2246 quoniam
825 2173 902 2224 mea
915 2175 972 2224 me
984 2151 1138 2246 pericula
1151 2175 1224 2228 me-

147 2273 314 2344 ditantem
344 2282 456 2345 status
484 2276 532 2346 lui
562 2275 644 2346 felix
674 2276 810 2347 interim
837 2275 937 2348 lorsil
965 2274 1106 2350 invidia.
1136 2278 1223 2351 Vale

148 2419 280 2468 memor
299 2398 379 2469 mei.

290 2543 341 2597 llll
356 2543 413 2598 Cal.
430 2544 568 2615 Octobris,
584 2561 617 2599 ex
631 2546 732 2618 oppido
747 2546 887 2620 carpensi.

658 2706 735 2719 —-

562 2909 739 2975 miscell
766 2910 811 2975 lv.

296 3098 489 3147 Furlnclscus
511 3096 679 3146 varennes
701 3097 849 3168 eburneo
871 3099 989 3148 Fllb'l'lll
1011 3098 1071 3148 SUO

405 3201 558 3250 lrlONllCllO
579 3201 807 3252 cnllrllusllbo
829 3205 855 3254 S.
879 3205 907 3253 Ρ.
927 3206 957 3253 D.

147 3360 295 3415 Poetarum
309 3359 454 3415 lectionem
468 3360 603 3431 religiosis
620 3360 686 3415 viris
705 3366 788 3433 alque
812 3361 946 3432 theologis
969 3362 1044 3417 baud
1064 3362 1225 3435 improban-

219 3448 283 3503 dam
301 3466 361 3504 esse
376 3448 561 3503 demonstrat:
580 3454 607 3503 el
627 3448 734 3520 Eclogae
753 3465 825 3518 sum,
848 3449 892 3503 cui
911 3450 1009 3505 titulus
1030 3450 1223 3519 Parthenios,

219 3554 347 3593 arcanam
363 3539 450 3610 aperit
464 3539 699 3610 significationem.

246 3736 282 3805 Si
301 3739 471 3809 fervorem
492 3735 597 3808 animi
618 3736 668 3808 tui
685 3735 777 3817 novi,
795 3735 948 3807 iunctum
967 3735 1048 3808 huic
1067 3737 1223 3829 epistolae

149 3881 287 3930 carmen
307 3859 498 3943 horrueris,
520 3859 622 3952 quasi
642 3858 846 3952 professioni
869 3869 937 3930 luae
957 3858 1140 3932 dissonum
1161 3858 1223 3931 ad-

150 4004 361 4077 versumque
377 3983 563 4076 proposito.
580 3983 655 4053 Noli
669 3978 798 4075 aliquid
817 3991 946 4053 temere
959 3982 1118 4054 diffinire.
1133 3981 1224 4067 Quid

149 4106 239 4175 enim
262 4108 401 4179 stultius
422 4128 527 4200 quam
549 4105 702 4179 iudicare
726 4105 772 4176 de
793 4105 1001 4197 incognitis?
1025 4106 1224 4198 Theologiae

151 4228 290 4320 quidem
316 4229 456 4301 minime
488 4228 637 4302 adversa
664 4228 797 4321 poetica
817 4239 881 4300 est.
910 4229 1072 4301 llliraris‘l
1097 4231 1222 4303 Parum

151 4349 252 4422 abest
271 4352 354 4445 quin
379 4352 507 4436 dicam,
536 4351 744 4444 theologiam
771 4353 938 4446 poeticam
964 4375 1044 4425 esse
1070 4355 1115 4426 de
1139 4356 1223 4425 Deo.

152 4475 325 4547 Christum
351 4474 454 4546 modo
475 4479 624 4560 leonem,
647 4475 750 4547 modo
774 4498 921 4565 agnum,
943 4478 1048 4549 mede
1069 4499 1222 4549 vermem
