<?xml version="1.0" encoding="UTF-8"?>
<!DOCTYPE html PUBLIC "-//W3C//DTD XHTML 1.0 Transitional//EN"
    "http://www.w3.org/TR/xhtml1/DTD/xhtml1-transitional.dtd">
<html xmlns="http://www.w3.org/1999/xhtml" xml:lang="en" lang="en">
 <head>
  <title>
</title>
<meta http-equiv="Content-Type" content="text/html;charset=utf-8" />
  <meta name='ocr-system' content='tesseract 3.04.00' />
  <meta name='ocr-capabilities' content='ocr_page ocr_carea ocr_par ocr_line ocrx_word'/>
</head>
<body>
  <div class='ocr_page' id='page_1' title='image "./epistolaederebu02fracgoog_0432.png"; bbox 0 0 2738 5062; ppageno 0'>
   <div class='ocr_carea' id='block_1_1' title="bbox 343 584 1240 670">
    <p class='ocr_par' dir='ltr' id='par_1_1' title="bbox 343 584 1240 670">
     <span class='ocr_line' id='line_1_1' title="bbox 343 584 1240 670; baseline 0.006 -5"><span class='ocrx_word' id='word_1_1' title='bbox 343 616 435 665; x_wconf 82' lang='lat' dir='ltr'>uraun</span> <span class='ocrx_word' id='word_1_2' title='bbox 457 615 973 667; x_wconf 77' lang='lat' dir='ltr'>surrrnususunrus.-urrsrona</span> <span class='ocrx_word' id='word_1_3' title='bbox 995 620 1038 667; x_wconf 88' lang='lat' dir='ltr'>nr.</span> <span class='ocrx_word' id='word_1_4' title='bbox 1171 584 1240 670; x_wconf 75' lang='lat' dir='ltr'>aa</span> 
     </span>
    </p>
   </div>
   <div class='ocr_carea' id='block_1_2' title="bbox 103 749 1232 4498">
    <p class='ocr_par' dir='ltr' id='par_1_2' title="bbox 103 749 1232 4498">
     <span class='ocr_line' id='line_1_2' title="bbox 154 749 1232 849; baseline 0.006 -27"><span class='ocrx_word' id='word_1_5' title='bbox 154 749 306 822; x_wconf 90' lang='lat' dir='ltr'>omnium</span> <span class='ocrx_word' id='word_1_6' title='bbox 328 749 480 842; x_wconf 88' lang='lat' dir='ltr'>pessima</span> <span class='ocrx_word' id='word_1_7' title='bbox 497 758 601 842; x_wconf 88' lang='lat' dir='ltr'>atque</span> <span class='ocrx_word' id='word_1_8' title='bbox 618 749 824 833; x_wconf 85' lang='lat' dir='ltr'>loedissima,</span> <span class='ocrx_word' id='word_1_9' title='bbox 840 761 972 827; x_wconf 84' lang='lat' dir='ltr'>mutato</span> <span class='ocrx_word' id='word_1_10' title='bbox 992 766 1135 849; x_wconf 87' lang='lat' dir='ltr'>repente</span> <span class='ocrx_word' id='word_1_11' title='bbox 1154 779 1232 849; x_wconf 90' lang='lat' dir='ltr'>pro·</span> 
     </span>
     <span class='ocr_line' id='line_1_3' title="bbox 152 868 1228 970; baseline 0.01 -30"><span class='ocrx_word' id='word_1_12' title='bbox 152 871 266 965; x_wconf 92' lang='lat' dir='ltr'>posito</span> <span class='ocrx_word' id='word_1_13' title='bbox 286 868 409 941; x_wconf 79' lang='lat' dir='ltr'>lixisse</span> <span class='ocrx_word' id='word_1_14' title='bbox 434 872 607 943; x_wconf 84' lang='lat' dir='ltr'>tentoria?</span> <span class='ocrx_word' id='word_1_15' title='bbox 632 873 758 944; x_wconf 86' lang='lat' dir='ltr'>Contra</span> <span class='ocrx_word' id='word_1_16' title='bbox 783 895 868 945; x_wconf 86' lang='lat' dir='ltr'>vero</span> <span class='ocrx_word' id='word_1_17' title='bbox 889 876 968 966; x_wconf 91' lang='lat' dir='ltr'>quis</span> <span class='ocrx_word' id='word_1_18' title='bbox 990 875 1161 970; x_wconf 79' lang='lat' dir='ltr'><strong>improbet</strong></span> <span class='ocrx_word' id='word_1_19' title='bbox 1182 890 1228 963; x_wconf 82' lang='lat' dir='ltr'>te,</span> 
     </span>
     <span class='ocr_line' id='line_1_4' title="bbox 152 992 1229 1091; baseline 0.007 -29"><span class='ocrx_word' id='word_1_20' title='bbox 152 992 259 1063; x_wconf 85' lang='lat' dir='ltr'>rebus</span> <span class='ocrx_word' id='word_1_21' title='bbox 285 992 331 1062; x_wconf 91' lang='lat' dir='ltr'>ita</span> <span class='ocrx_word' id='word_1_22' title='bbox 358 1014 395 1062; x_wconf 88' lang='lat' dir='ltr'>so</span> <span class='ocrx_word' id='word_1_23' title='bbox 423 992 643 1076; x_wconf 88' lang='lat' dir='ltr'>habentibus,</span> <span class='ocrx_word' id='word_1_24' title='bbox 673 1006 828 1087; x_wconf 90' lang='lat' dir='ltr'>optatum</span> <span class='ocrx_word' id='word_1_25' title='bbox 849 997 971 1088; x_wconf 73' lang='lat' dir='ltr'>patriae</span> <span class='ocrx_word' id='word_1_26' title='bbox 990 999 1229 1091; x_wconf 80' lang='lat' dir='ltr'>perhorruisse</span> 
     </span>
     <span class='ocr_line' id='line_1_5' title="bbox 152 1113 1229 1214; baseline 0.005 -29"><span class='ocrx_word' id='word_1_27' title='bbox 152 1123 392 1206; x_wconf 90' lang='lat' dir='ltr'>conspectum,</span> <span class='ocrx_word' id='word_1_28' title='bbox 422 1113 537 1210; x_wconf 93' lang='lat' dir='ltr'>omnia</span> <span class='ocrx_word' id='word_1_29' title='bbox 573 1115 687 1205; x_wconf 86' lang='lat' dir='ltr'>potius</span> <span class='ocrx_word' id='word_1_30' title='bbox 712 1115 911 1207; x_wconf 77' lang='lat' dir='ltr'>eligentem,</span> <span class='ocrx_word' id='word_1_31' title='bbox 940 1140 1044 1211; x_wconf 89' lang='lat' dir='ltr'>quam</span> <span class='ocrx_word' id='word_1_32' title='bbox 1071 1119 1229 1214; x_wconf 87' lang='lat' dir='ltr'>publicas</span> 
     </span>
     <span class='ocr_line' id='line_1_6' title="bbox 130 1218 1230 1339; baseline 0.005 -32"><span class='ocrx_word' id='word_1_33' title='bbox 130 1335 133 1339; x_wconf 85' lang='lat'>.</span> <span class='ocrx_word' id='word_1_34' title='bbox 153 1247 311 1328; x_wconf 89' lang='lat' dir='ltr'>spectare</span> <span class='ocrx_word' id='word_1_35' title='bbox 331 1236 512 1307; x_wconf 79' lang='lat' dir='ltr'>miserias?</span> <span class='ocrx_word' id='word_1_36' title='bbox 532 1236 622 1319; x_wconf 89' lang='lat' dir='ltr'>Quid</span> <span class='ocrx_word' id='word_1_37' title='bbox 639 1236 730 1308; x_wconf 90' lang='lat' dir='ltr'>enim</span> <span class='ocrx_word' id='word_1_38' title='bbox 743 1218 892 1324; x_wconf 85' lang='lat' dir='ltr'>melius,</span> <span class='ocrx_word' id='word_1_39' title='bbox 913 1238 971 1310; x_wconf 93' lang='lat' dir='ltr'>ubi</span> <span class='ocrx_word' id='word_1_40' title='bbox 991 1241 1151 1333; x_wconf 90' lang='lat' dir='ltr'>opitulari</span> <span class='ocrx_word' id='word_1_41' title='bbox 1169 1263 1230 1312; x_wconf 87' lang='lat' dir='ltr'>ne-</span> 
     </span>
     <span class='ocr_line' id='line_1_7' title="bbox 152 1361 1230 1454; baseline 0.004 -26"><span class='ocrx_word' id='word_1_42' title='bbox 152 1380 276 1451; x_wconf 90' lang='lat' dir='ltr'>queas,</span> <span class='ocrx_word' id='word_1_43' title='bbox 295 1379 400 1451; x_wconf 91' lang='lat' dir='ltr'>quam</span> <span class='ocrx_word' id='word_1_44' title='bbox 417 1361 536 1431; x_wconf 91' lang='lat' dir='ltr'>oculos</span> <span class='ocrx_word' id='word_1_45' title='bbox 553 1370 727 1443; x_wconf 88' lang='lat' dir='ltr'>avertere,</span> <span class='ocrx_word' id='word_1_46' title='bbox 747 1383 790 1432; x_wconf 90' lang='lat' dir='ltr'>ne</span> <span class='ocrx_word' id='word_1_47' title='bbox 808 1363 897 1432; x_wconf 92' lang='lat' dir='ltr'>mala</span> <span class='ocrx_word' id='word_1_48' title='bbox 916 1361 1038 1435; x_wconf 90' lang='lat' dir='ltr'>videas</span> <span class='ocrx_word' id='word_1_49' title='bbox 1057 1373 1127 1436; x_wconf 84' lang='lat' dir='ltr'>tuae</span> <span class='ocrx_word' id='word_1_50' title='bbox 1144 1385 1230 1454; x_wconf 82' lang='lat' dir='ltr'>gen-</span> 
     </span>
     <span class='ocr_line' id='line_1_8' title="bbox 153 1478 1229 1571; baseline 0.007 -23"><span class='ocrx_word' id='word_1_51' title='bbox 153 1478 221 1551; x_wconf 87' lang='lat' dir='ltr'>tis‘l</span> <span class='ocrx_word' id='word_1_52' title='bbox 241 1480 458 1571; x_wconf 85' lang='lat' dir='ltr'>Fugicndnm</span> <span class='ocrx_word' id='word_1_53' title='bbox 479 1489 580 1552; x_wconf 82' lang='lat' dir='ltr'>extra</span> <span class='ocrx_word' id='word_1_54' title='bbox 604 1491 775 1553; x_wconf 80' lang='lat' dir='ltr'>terrarum</span> <span class='ocrx_word' id='word_1_55' title='bbox 800 1481 920 1553; x_wconf 91' lang='lat' dir='ltr'>orbem</span> <span class='ocrx_word' id='word_1_56' title='bbox 946 1485 1080 1567; x_wconf 88' lang='lat' dir='ltr'>lucrat,</span> <span class='ocrx_word' id='word_1_57' title='bbox 1107 1507 1152 1555; x_wconf 91' lang='lat' dir='ltr'>ne</span> <span class='ocrx_word' id='word_1_58' title='bbox 1172 1485 1229 1555; x_wconf 88' lang='lat' dir='ltr'>illa</span> 
     </span>
     <span class='ocr_line' id='line_1_9' title="bbox 151 1602 1228 1696; baseline 0.001 -21"><span class='ocrx_word' id='word_1_59' title='bbox 151 1602 393 1696; x_wconf 83' lang='lat' dir='ltr'>conspiceres,</span> <span class='ocrx_word' id='word_1_60' title='bbox 413 1623 494 1694; x_wconf 90' lang='lat' dir='ltr'>quae</span> <span class='ocrx_word' id='word_1_61' title='bbox 514 1615 662 1676; x_wconf 81' lang='lat' dir='ltr'>moestus</span> <span class='ocrx_word' id='word_1_62' title='bbox 682 1602 824 1686; x_wconf 90' lang='lat' dir='ltr'>audisti,</span> <span class='ocrx_word' id='word_1_63' title='bbox 847 1614 881 1674; x_wconf 89' lang='lat' dir='ltr'>et</span> <span class='ocrx_word' id='word_1_64' title='bbox 901 1603 1028 1695; x_wconf 91' lang='lat' dir='ltr'>quibus</span> <span class='ocrx_word' id='word_1_65' title='bbox 1046 1626 1228 1677; x_wconf 87' lang='lat' dir='ltr'>occurrere</span> 
     </span>
     <span class='ocr_line' id='line_1_10' title="bbox 151 1723 1228 1819; baseline 0.002 -23"><span class='ocrx_word' id='word_1_66' title='bbox 151 1746 220 1796; x_wconf 92' lang='lat' dir='ltr'>nou</span> <span class='ocrx_word' id='word_1_67' title='bbox 242 1736 379 1795; x_wconf 92' lang='lat' dir='ltr'>tuarum</span> <span class='ocrx_word' id='word_1_68' title='bbox 400 1723 543 1807; x_wconf 89' lang='lat' dir='ltr'>virium,</span> <span class='ocrx_word' id='word_1_69' title='bbox 562 1747 630 1797; x_wconf 93' lang='lat' dir='ltr'>nou</span> <span class='ocrx_word' id='word_1_70' title='bbox 649 1725 813 1819; x_wconf 87' lang='lat' dir='ltr'>compati,</span> <span class='ocrx_word' id='word_1_71' title='bbox 833 1746 901 1796; x_wconf 93' lang='lat' dir='ltr'>non</span> <span class='ocrx_word' id='word_1_72' title='bbox 921 1737 991 1797; x_wconf 86' lang='lat' dir='ltr'>tuae</span> <span class='ocrx_word' id='word_1_73' title='bbox 1010 1737 1085 1798; x_wconf 87' lang='lat' dir='ltr'>erat</span> <span class='ocrx_word' id='word_1_74' title='bbox 1104 1727 1228 1798; x_wconf 88' lang='lat' dir='ltr'>huma-</span> 
     </span>
     <span class='ocr_line' id='line_1_11' title="bbox 151 1845 1226 1940; baseline 0.004 -24"><span class='ocrx_word' id='word_1_75' title='bbox 151 1848 267 1919; x_wconf 75' lang='lat' dir='ltr'>nitatis</span> <span class='ocrx_word' id='word_1_76' title='bbox 288 1856 325 1918; x_wconf 92' lang='lat' dir='ltr'>et</span> <span class='ocrx_word' id='word_1_77' title='bbox 343 1847 472 1917; x_wconf 92' lang='lat' dir='ltr'>amoris</span> <span class='ocrx_word' id='word_1_78' title='bbox 492 1845 527 1914; x_wconf 92' lang='lat' dir='ltr'>in</span> <span class='ocrx_word' id='word_1_79' title='bbox 549 1847 694 1940; x_wconf 90' lang='lat' dir='ltr'>patriam</span> <span class='ocrx_word' id='word_1_80' title='bbox 716 1847 898 1920; x_wconf 73' lang='lat' dir='ltr'>notissimi.</span> <span class='ocrx_word' id='word_1_81' title='bbox 921 1847 1012 1930; x_wconf 88' lang='lat' dir='ltr'>Quid</span> <span class='ocrx_word' id='word_1_82' title='bbox 1034 1850 1088 1919; x_wconf 91' lang='lat' dir='ltr'>vis</span> <span class='ocrx_word' id='word_1_83' title='bbox 1113 1848 1226 1921; x_wconf 88' lang='lat' dir='ltr'>dicam</span> 
     </span>
     <span class='ocr_line' id='line_1_12' title="bbox 151 1969 1226 2063; baseline 0 -23"><span class='ocrx_word' id='word_1_84' title='bbox 151 1970 216 2041; x_wconf 91' lang='lat' dir='ltr'>nisi</span> <span class='ocrx_word' id='word_1_85' title='bbox 235 1970 329 2062; x_wconf 90' lang='lat' dir='ltr'>quod</span> <span class='ocrx_word' id='word_1_86' title='bbox 351 1970 469 2041; x_wconf 80' lang='lat' dir='ltr'>soleo?</span> <span class='ocrx_word' id='word_1_87' title='bbox 485 1971 587 2063; x_wconf 82' lang='lat' dir='ltr'>Saepe</span> <span class='ocrx_word' id='word_1_88' title='bbox 603 1970 648 2041; x_wconf 87' lang='lat' dir='ltr'>de</span> <span class='ocrx_word' id='word_1_89' title='bbox 665 1969 731 2042; x_wconf 87' lang='lat' dir='ltr'>hac</span> <span class='ocrx_word' id='word_1_90' title='bbox 742 1992 780 2041; x_wconf 89' lang='lat' dir='ltr'>rc</span> <span class='ocrx_word' id='word_1_91' title='bbox 795 1971 1000 2042; x_wconf 87' lang='lat' dir='ltr'>sententiam</span> <span class='ocrx_word' id='word_1_92' title='bbox 1014 1991 1129 2042; x_wconf 89' lang='lat' dir='ltr'>meam</span> <span class='ocrx_word' id='word_1_93' title='bbox 1142 1970 1226 2052; x_wconf 83' lang='lat' dir='ltr'>dixi,</span> 
     </span>
     <span class='ocr_line' id='line_1_13' title="bbox 139 2078 1227 2185; baseline -0.001 -22"><span class='ocrx_word' id='word_1_94' title='bbox 139 2103 185 2163; x_wconf 71' lang='lat' dir='ltr'>&#39;et</span> <span class='ocrx_word' id='word_1_95' title='bbox 202 2093 402 2185; x_wconf 88' lang='lat' dir='ltr'>saepeillam</span> <span class='ocrx_word' id='word_1_96' title='bbox 416 2092 607 2185; x_wconf 85' lang='lat' dir='ltr'>repetendo</span> <span class='ocrx_word' id='word_1_97' title='bbox 621 2113 733 2162; x_wconf 89' lang='lat' dir='ltr'>meam</span> <span class='ocrx_word' id='word_1_98' title='bbox 751 2094 855 2164; x_wconf 90' lang='lat' dir='ltr'>lacio:</span> <span class='ocrx_word' id='word_1_99' title='bbox 870 2114 1041 2185; x_wconf 79' lang='lat' dir='ltr'>nusquam</span> <span class='ocrx_word' id='word_1_100' title='bbox 1056 2078 1227 2164; x_wconf 86' lang='lat' dir='ltr'>terrarum</span> 
     </span>
     <span class='ocr_line' id='line_1_14' title="bbox 149 2210 1226 2305; baseline 0 -24"><span class='ocrx_word' id='word_1_101' title='bbox 149 2233 246 2282; x_wconf 90' lang='lat' dir='ltr'>mora</span> <span class='ocrx_word' id='word_1_102' title='bbox 266 2211 449 2303; x_wconf 87' lang='lat' dir='ltr'>tranquilla</span> <span class='ocrx_word' id='word_1_103' title='bbox 468 2221 533 2281; x_wconf 90' lang='lat' dir='ltr'>est.</span> <span class='ocrx_word' id='word_1_104' title='bbox 556 2210 625 2280; x_wconf 91' lang='lat' dir='ltr'>illic</span> <span class='ocrx_word' id='word_1_105' title='bbox 643 2210 787 2296; x_wconf 89' lang='lat' dir='ltr'>bellum,</span> <span class='ocrx_word' id='word_1_106' title='bbox 808 2213 864 2283; x_wconf 93' lang='lat' dir='ltr'>hic</span> <span class='ocrx_word' id='word_1_107' title='bbox 882 2213 1013 2284; x_wconf 76' lang='lat' dir='ltr'>tristior</span> <span class='ocrx_word' id='word_1_108' title='bbox 1032 2212 1124 2284; x_wconf 91' lang='lat' dir='ltr'>bello</span> <span class='ocrx_word' id='word_1_109' title='bbox 1141 2235 1226 2305; x_wconf 77' lang='lat' dir='ltr'>pax,</span> 
     </span>
     <span class='ocr_line' id='line_1_15' title="bbox 103 2326 1229 2428; baseline 0.003 -26"><span class='ocrx_word' id='word_1_110' title='bbox 103 2344 106 2349; x_wconf 88' lang='grc'><strong>’</strong></span> <span class='ocrx_word' id='word_1_111' title='bbox 151 2333 219 2404; x_wconf 90' lang='lat' dir='ltr'>illio</span> <span class='ocrx_word' id='word_1_112' title='bbox 237 2354 297 2403; x_wconf 92' lang='lat' dir='ltr'>aer</span> <span class='ocrx_word' id='word_1_113' title='bbox 318 2326 483 2414; x_wconf 86' lang='lat' dir='ltr'>inlectus,</span> <span class='ocrx_word' id='word_1_114' title='bbox 503 2333 559 2404; x_wconf 89' lang='lat' dir='ltr'>hic</span> <span class='ocrx_word' id='word_1_115' title='bbox 583 2332 678 2425; x_wconf 90' lang='lat' dir='ltr'>quod</span> <span class='ocrx_word' id='word_1_116' title='bbox 697 2345 752 2406; x_wconf 88' lang='lat' dir='ltr'>est</span> <span class='ocrx_word' id='word_1_117' title='bbox 772 2335 990 2428; x_wconf 89' lang='lat' dir='ltr'>pestilentius</span> <span class='ocrx_word' id='word_1_118' title='bbox 1017 2335 1129 2407; x_wconf 91' lang='lat' dir='ltr'>inlecti</span> <span class='ocrx_word' id='word_1_119' title='bbox 1156 2356 1229 2405; x_wconf 93' lang='lat' dir='ltr'>mo-</span> 
     </span>
     <span class='ocr_line' id='line_1_16' title="bbox 151 2454 1229 2552; baseline 0.001 -28"><span class='ocrx_word' id='word_1_120' title='bbox 151 2476 223 2526; x_wconf 91' lang='lat' dir='ltr'>res:</span> <span class='ocrx_word' id='word_1_121' title='bbox 245 2454 314 2525; x_wconf 91' lang='lat' dir='ltr'>illic</span> <span class='ocrx_word' id='word_1_122' title='bbox 332 2457 443 2525; x_wconf 84' lang='lat' dir='ltr'>lemos</span> <span class='ocrx_word' id='word_1_123' title='bbox 464 2455 588 2540; x_wconf 91' lang='lat' dir='ltr'>avida,</span> <span class='ocrx_word' id='word_1_124' title='bbox 618 2456 674 2528; x_wconf 91' lang='lat' dir='ltr'>hio</span> <span class='ocrx_word' id='word_1_125' title='bbox 693 2459 781 2529; x_wconf 89' lang='lat' dir='ltr'>lame</span> <span class='ocrx_word' id='word_1_126' title='bbox 798 2457 1023 2552; x_wconf 85' lang='lat' dir='ltr'>periculosior</span> <span class='ocrx_word' id='word_1_127' title='bbox 1043 2455 1229 2529; x_wconf 84' lang='lat' dir='ltr'>exundans</span> 
     </span>
     <span class='ocr_line' id='line_1_17' title="bbox 149 2577 1228 2671; baseline -0.004 -23"><span class='ocrx_word' id='word_1_128' title='bbox 149 2577 261 2671; x_wconf 87' lang='lat' dir='ltr'>copia:</span> <span class='ocrx_word' id='word_1_129' title='bbox 280 2577 349 2648; x_wconf 91' lang='lat' dir='ltr'>illic</span> <span class='ocrx_word' id='word_1_130' title='bbox 368 2578 570 2649; x_wconf 84' lang='lat' dir='ltr'>calamitosa</span> <span class='ocrx_word' id='word_1_131' title='bbox 591 2579 759 2663; x_wconf 86' lang='lat' dir='ltr'>servitus,</span> <span class='ocrx_word' id='word_1_132' title='bbox 782 2579 838 2650; x_wconf 82' lang='lat' dir='ltr'>liic</span> <span class='ocrx_word' id='word_1_133' title='bbox 865 2580 1034 2650; x_wconf 89' lang='lat' dir='ltr'>servitute</span> <span class='ocrx_word' id='word_1_134' title='bbox 1059 2579 1156 2670; x_wconf 84' lang='lat' dir='ltr'>peior</span> <span class='ocrx_word' id='word_1_135' title='bbox 1177 2579 1228 2645; x_wconf 90' lang='lat' dir='ltr'>in-</span> 
     </span>
     <span class='ocr_line' id='line_1_18' title="bbox 150 2697 1228 2790; baseline -0.005 -18"><span class='ocrx_word' id='word_1_136' title='bbox 150 2702 267 2772; x_wconf 91' lang='lat' dir='ltr'>solens</span> <span class='ocrx_word' id='word_1_137' title='bbox 287 2699 445 2781; x_wconf 79' lang='lat' dir='ltr'>libertas3</span> <span class='ocrx_word' id='word_1_138' title='bbox 468 2700 533 2770; x_wconf 91' lang='lat' dir='ltr'>illic</span> <span class='ocrx_word' id='word_1_139' title='bbox 555 2700 677 2771; x_wconf 87' lang='lat' dir='ltr'>sitiens</span> <span class='ocrx_word' id='word_1_140' title='bbox 698 2711 733 2770; x_wconf 88' lang='lat' dir='ltr'>et</span> <span class='ocrx_word' id='word_1_141' title='bbox 753 2700 924 2790; x_wconf 87' lang='lat' dir='ltr'>inaquosa</span> <span class='ocrx_word' id='word_1_142' title='bbox 949 2699 1060 2789; x_wconf 85' lang='lat' dir='ltr'>regio,</span> <span class='ocrx_word' id='word_1_143' title='bbox 1081 2698 1138 2769; x_wconf 91' lang='lat' dir='ltr'>hic</span> <span class='ocrx_word' id='word_1_144' title='bbox 1165 2697 1228 2767; x_wconf 89' lang='lat' dir='ltr'>llu-</span> 
     </span>
     <span class='ocr_line' id='line_1_19' title="bbox 150 2819 1226 2914; baseline -0.002 -22"><span class='ocrx_word' id='word_1_145' title='bbox 150 2823 280 2893; x_wconf 90' lang='lat' dir='ltr'>minum</span> <span class='ocrx_word' id='word_1_146' title='bbox 302 2842 416 2913; x_wconf 80' lang='lat' dir='ltr'>vagus</span> <span class='ocrx_word' id='word_1_147' title='bbox 440 2823 552 2904; x_wconf 86' lang='lat' dir='ltr'>iuror;</span> <span class='ocrx_word' id='word_1_148' title='bbox 574 2821 724 2914; x_wconf 87' lang='lat' dir='ltr'>denique</span> <span class='ocrx_word' id='word_1_149' title='bbox 749 2820 817 2891; x_wconf 91' lang='lat' dir='ltr'>illic</span> <span class='ocrx_word' id='word_1_150' title='bbox 843 2831 967 2904; x_wconf 81' lang='lat' dir='ltr'>aestuS,</span> <span class='ocrx_word' id='word_1_151' title='bbox 996 2820 1051 2893; x_wconf 84' lang='lat' dir='ltr'>iric</span> <span class='ocrx_word' id='word_1_152' title='bbox 1074 2819 1226 2911; x_wconf 83' lang='lat' dir='ltr'>frigora,</span> 
     </span>
     <span class='ocr_line' id='line_1_20' title="bbox 150 2942 1229 3035; baseline 0.002 -23"><span class='ocrx_word' id='word_1_153' title='bbox 150 2943 216 3013; x_wconf 91' lang='lat' dir='ltr'>illic</span> <span class='ocrx_word' id='word_1_154' title='bbox 237 2945 385 3014; x_wconf 83' lang='lat' dir='ltr'>serarum</span> <span class='ocrx_word' id='word_1_155' title='bbox 412 2943 576 3035; x_wconf 84' lang='lat' dir='ltr'>impetus,</span> <span class='ocrx_word' id='word_1_156' title='bbox 604 2944 661 3014; x_wconf 92' lang='lat' dir='ltr'>hio</span> <span class='ocrx_word' id='word_1_157' title='bbox 681 2942 859 3013; x_wconf 93' lang='lat' dir='ltr'>hominum</span> <span class='ocrx_word' id='word_1_158' title='bbox 885 2943 967 3025; x_wconf 91' lang='lat' dir='ltr'>doli;</span> <span class='ocrx_word' id='word_1_159' title='bbox 990 2945 1058 3014; x_wconf 92' lang='lat' dir='ltr'>illic</span> <span class='ocrx_word' id='word_1_160' title='bbox 1079 2942 1229 3014; x_wconf 86' lang='lat' dir='ltr'>solitudo</span> 
     </span>
     <span class='ocr_line' id='line_1_21' title="bbox 151 3063 1226 3160; baseline -0.001 -26"><span class='ocrx_word' id='word_1_161' title='bbox 151 3076 251 3137; x_wconf 91' lang='lat' dir='ltr'>vasta</span> <span class='ocrx_word' id='word_1_162' title='bbox 272 3073 306 3135; x_wconf 86' lang='lat' dir='ltr'>et</span> <span class='ocrx_word' id='word_1_163' title='bbox 326 3065 515 3152; x_wconf 89' lang='lat' dir='ltr'>horribilis,</span> <span class='ocrx_word' id='word_1_164' title='bbox 538 3067 594 3137; x_wconf 91' lang='lat' dir='ltr'>hic</span> <span class='ocrx_word' id='word_1_165' title='bbox 614 3066 734 3157; x_wconf 88' lang='lat' dir='ltr'>gravis</span> <span class='ocrx_word' id='word_1_166' title='bbox 755 3076 790 3136; x_wconf 89' lang='lat' dir='ltr'>et</span> <span class='ocrx_word' id='word_1_167' title='bbox 810 3065 1006 3160; x_wconf 88' lang='lat' dir='ltr'>importuna</span> <span class='ocrx_word' id='word_1_168' title='bbox 1022 3063 1226 3157; x_wconf 76' lang='lat' dir='ltr'>frequentia.</span> 
     </span>
     <span class='ocr_line' id='line_1_22' title="bbox 150 3185 1229 3280; baseline -0.004 -21"><span class='ocrx_word' id='word_1_169' title='bbox 150 3189 199 3259; x_wconf 87' lang='lat' dir='ltr'>lta</span> <span class='ocrx_word' id='word_1_170' title='bbox 216 3188 384 3259; x_wconf 86' lang='lat' dir='ltr'>locus-ille</span> <span class='ocrx_word' id='word_1_171' title='bbox 401 3211 506 3280; x_wconf 85' lang='lat' dir='ltr'>quern</span> <span class='ocrx_word' id='word_1_172' title='bbox 526 3188 716 3280; x_wconf 77' lang='lat' dir='ltr'>qrraerimus</span> <span class='ocrx_word' id='word_1_173' title='bbox 735 3208 909 3279; x_wconf 87' lang='lat' dir='ltr'>nusquam</span> <span class='ocrx_word' id='word_1_174' title='bbox 928 3198 993 3258; x_wconf 90' lang='lat' dir='ltr'>est.</span> <span class='ocrx_word' id='word_1_175' title='bbox 1013 3185 1103 3270; x_wconf 84' lang='lat' dir='ltr'>Ouid</span> <span class='ocrx_word' id='word_1_176' title='bbox 1120 3205 1229 3276; x_wconf 83' lang='lat' dir='ltr'>agen·</span> 
     </span>
     <span class='ocr_line' id='line_1_23' title="bbox 149 3306 1227 3400; baseline -0.002 -19"><span class='ocrx_word' id='word_1_177' title='bbox 149 3308 256 3381; x_wconf 78' lang='lat' dir='ltr'>dum?</span> <span class='ocrx_word' id='word_1_178' title='bbox 280 3309 500 3400; x_wconf 79' lang='lat' dir='ltr'>Migrandum</span> <span class='ocrx_word' id='word_1_179' title='bbox 527 3332 570 3380; x_wconf 92' lang='lat' dir='ltr'>ne</span> <span class='ocrx_word' id='word_1_180' title='bbox 596 3312 692 3382; x_wconf 91' lang='lat' dir='ltr'>ocius</span> <span class='ocrx_word' id='word_1_181' title='bbox 718 3332 765 3381; x_wconf 81' lang='lat' dir='ltr'>ex</span> <span class='ocrx_word' id='word_1_182' title='bbox 791 3311 857 3381; x_wconf 87' lang='lat' dir='ltr'>lrac</span> <span class='ocrx_word' id='word_1_183' title='bbox 882 3310 978 3380; x_wconf 81' lang='lat' dir='ltr'>vita?</span> <span class='ocrx_word' id='word_1_184' title='bbox 997 3310 1072 3379; x_wconf 90' lang='lat' dir='ltr'>Non</span> <span class='ocrx_word' id='word_1_185' title='bbox 1094 3308 1172 3379; x_wconf 88' lang='lat' dir='ltr'>licet</span> <span class='ocrx_word' id='word_1_186' title='bbox 1192 3306 1227 3379; x_wconf 93' lang='lat' dir='ltr'>id</span> 
     </span>
     <span class='ocr_line' id='line_1_24' title="bbox 148 3431 1228 3524; baseline -0.003 -20"><span class='ocrx_word' id='word_1_187' title='bbox 148 3431 304 3524; x_wconf 88' lang='lat' dir='ltr'>quidem:</span> <span class='ocrx_word' id='word_1_188' title='bbox 325 3432 515 3524; x_wconf 87' lang='lat' dir='ltr'>quamlibet</span> <span class='ocrx_word' id='word_1_189' title='bbox 539 3433 586 3503; x_wconf 94' lang='lat' dir='ltr'>ob</span> <span class='ocrx_word' id='word_1_190' title='bbox 605 3453 747 3505; x_wconf 88' lang='lat' dir='ltr'>eausam</span> <span class='ocrx_word' id='word_1_191' title='bbox 765 3456 835 3504; x_wconf 94' lang='lat' dir='ltr'>non</span> <span class='ocrx_word' id='word_1_192' title='bbox 855 3432 949 3503; x_wconf 87' lang='lat' dir='ltr'>licet:</span> <span class='ocrx_word' id='word_1_193' title='bbox 971 3431 1075 3504; x_wconf 87' lang='lat' dir='ltr'>sileat</span> <span class='ocrx_word' id='word_1_194' title='bbox 1094 3431 1228 3502; x_wconf 85' lang='lat' dir='ltr'>amicus</span> 
     </span>
     <span class='ocr_line' id='line_1_25' title="bbox 149 3552 1228 3647; baseline -0.004 -23"><span class='ocrx_word' id='word_1_195' title='bbox 149 3555 297 3626; x_wconf 89' lang='lat' dir='ltr'>Seneca:</span> <span class='ocrx_word' id='word_1_196' title='bbox 321 3553 442 3624; x_wconf 87' lang='lat' dir='ltr'>melior</span> <span class='ocrx_word' id='word_1_197' title='bbox 475 3554 643 3626; x_wconf 90' lang='lat' dir='ltr'>sententia</span> <span class='ocrx_word' id='word_1_198' title='bbox 672 3555 861 3627; x_wconf 85' lang='lat' dir='ltr'>Ciceronis.</span> <span class='ocrx_word' id='word_1_199' title='bbox 888 3554 935 3624; x_wconf 84' lang='lat' dir='ltr'>Et</span> <span class='ocrx_word' id='word_1_200' title='bbox 960 3555 1028 3640; x_wconf 85' lang='lat' dir='ltr'>titi,</span> <span class='ocrx_word' id='word_1_201' title='bbox 1048 3552 1173 3647; x_wconf 90' lang='lat' dir='ltr'>inquit,</span> <span class='ocrx_word' id='word_1_202' title='bbox 1197 3562 1228 3621; x_wconf 86' lang='lat' dir='ltr'>et</span> 
     </span>
     <span class='ocr_line' id='line_1_26' title="bbox 148 3674 1229 3768; baseline -0.002 -24"><span class='ocrx_word' id='word_1_203' title='bbox 148 3676 213 3768; x_wconf 80' lang='lat' dir='ltr'>pir&#39;s</span> <span class='ocrx_word' id='word_1_204' title='bbox 240 3676 391 3746; x_wconf 78' lang='lat' dir='ltr'>omnibus</span> <span class='ocrx_word' id='word_1_205' title='bbox 415 3674 607 3746; x_wconf 78' lang='lat' dir='ltr'>retinendus</span> <span class='ocrx_word' id='word_1_206' title='bbox 632 3688 678 3746; x_wconf 81' lang='lat' dir='ltr'>est</span> <span class='ocrx_word' id='word_1_207' title='bbox 703 3679 836 3748; x_wconf 79' lang='lat' dir='ltr'>unimus</span> <span class='ocrx_word' id='word_1_208' title='bbox 861 3677 898 3747; x_wconf 83' lang='lat' dir='ltr'>in</span> <span class='ocrx_word' id='word_1_209' title='bbox 932 3675 1080 3747; x_wconf 85' lang='lat' dir='ltr'>custodia</span> <span class='ocrx_word' id='word_1_210' title='bbox 1114 3694 1229 3766; x_wconf 84' lang='lat' dir='ltr'>corpo-</span> 
     </span>
     <span class='ocr_line' id='line_1_27' title="bbox 147 3797 1227 3892; baseline -0.001 -26"><span class='ocrx_word' id='word_1_211' title='bbox 147 3800 207 3882; x_wconf 87' lang='lat' dir='ltr'>ris,</span> <span class='ocrx_word' id='word_1_212' title='bbox 241 3819 303 3868; x_wconf 82' lang='lat' dir='ltr'>nec</span> <span class='ocrx_word' id='word_1_213' title='bbox 335 3799 464 3868; x_wconf 80' lang='lat' dir='ltr'>iniussu</span> <span class='ocrx_word' id='word_1_214' title='bbox 499 3800 569 3869; x_wconf 76' lang='lat' dir='ltr'>eius</span> <span class='ocrx_word' id='word_1_215' title='bbox 604 3823 714 3892; x_wconf 79' lang='lat' dir='ltr'>aquo</span> <span class='ocrx_word' id='word_1_216' title='bbox 735 3803 791 3872; x_wconf 80' lang='lat' dir='ltr'>itte</span> <span class='ocrx_word' id='word_1_217' title='bbox 812 3801 905 3870; x_wconf 82' lang='lat' dir='ltr'>nobis</span> <span class='ocrx_word' id='word_1_218' title='bbox 926 3810 973 3869; x_wconf 85' lang='lat' dir='ltr'>est</span> <span class='ocrx_word' id='word_1_219' title='bbox 992 3797 1087 3869; x_wconf 79' lang='lat' dir='ltr'>dotus</span> <span class='ocrx_word' id='word_1_220' title='bbox 1107 3818 1153 3866; x_wconf 81' lang='lat' dir='ltr'>ecc</span> <span class='ocrx_word' id='word_1_221' title='bbox 1172 3797 1227 3865; x_wconf 79' lang='lat' dir='ltr'>lto·</span> 
     </span>
     <span class='ocr_line' id='line_1_28' title="bbox 147 3904 1229 4011; baseline -0.001 -22"><span class='ocrx_word' id='word_1_222' title='bbox 147 3904 276 3990; x_wconf 77' lang='lat' dir='ltr'>minum</span> <span class='ocrx_word' id='word_1_223' title='bbox 300 3921 370 3989; x_wconf 83' lang='lat' dir='ltr'>vito</span> <span class='ocrx_word' id='word_1_224' title='bbox 394 3918 616 4011; x_wconf 76' lang='lat' dir='ltr'>migrandum.</span> <span class='ocrx_word' id='word_1_225' title='bbox 642 3921 763 3993; x_wconf 88' lang='lat' dir='ltr'>Nobile</span> <span class='ocrx_word' id='word_1_226' title='bbox 780 3921 926 4002; x_wconf 91' lang='lat' dir='ltr'>dictum;</span> <span class='ocrx_word' id='word_1_227' title='bbox 945 3939 1009 3989; x_wconf 90' lang='lat' dir='ltr'>nec</span> <span class='ocrx_word' id='word_1_228' title='bbox 1027 3917 1114 3989; x_wconf 89' lang='lat' dir='ltr'>ratio</span> <span class='ocrx_word' id='word_1_229' title='bbox 1130 3919 1229 4008; x_wconf 88' lang='lat' dir='ltr'>igno-</span> 
     </span>
     <span class='ocr_line' id='line_1_29' title="bbox 147 4038 1228 4132; baseline -0.006 -21"><span class='ocrx_word' id='word_1_230' title='bbox 147 4040 249 4111; x_wconf 87' lang='lat' dir='ltr'>bilis:</span> <span class='ocrx_word' id='word_1_231' title='bbox 280 4062 322 4110; x_wconf 83' lang='lat' dir='ltr'>ne</span> <span class='ocrx_word' id='word_1_232' title='bbox 353 4063 485 4123; x_wconf 73' lang='lat' dir='ltr'>monta,</span> <span class='ocrx_word' id='word_1_233' title='bbox 514 4039 638 4132; x_wconf 92' lang='lat' dir='ltr'>iuquit,</span> <span class='ocrx_word' id='word_1_234' title='bbox 666 4041 848 4109; x_wconf 77' lang='lat' dir='ltr'>homonum</span> <span class='ocrx_word' id='word_1_235' title='bbox 871 4040 1074 4128; x_wconf 69' lang='lat' dir='ltr'>assignatam</span> <span class='ocrx_word' id='word_1_236' title='bbox 1106 4060 1128 4108; x_wconf 85' lang='lat' dir='ltr'>a</span> <span class='ocrx_word' id='word_1_237' title='bbox 1160 4038 1228 4106; x_wconf 79' lang='lat' dir='ltr'>Deo</span> 
     </span>
     <span class='ocr_line' id='line_1_30' title="bbox 148 4159 1228 4257; baseline -0.006 -25"><span class='ocrx_word' id='word_1_238' title='bbox 148 4161 312 4257; x_wconf 65' lang='lat' dir='ltr'>disseruisse</span> <span class='ocrx_word' id='word_1_239' title='bbox 337 4163 529 4234; x_wconf 85' lang='lat' dir='ltr'>videamini.</span> <span class='ocrx_word' id='word_1_240' title='bbox 557 4162 749 4233; x_wconf 87' lang='lat' dir='ltr'>Efficaciter</span> <span class='ocrx_word' id='word_1_241' title='bbox 775 4160 916 4253; x_wconf 88' lang='lat' dir='ltr'>quidem</span> <span class='ocrx_word' id='word_1_242' title='bbox 934 4180 974 4231; x_wconf 90' lang='lat' dir='ltr'>ac</span> <span class='ocrx_word' id='word_1_243' title='bbox 997 4161 1175 4253; x_wconf 75' lang='lat' dir='ltr'>praeclare.</span> <span class='ocrx_word' id='word_1_244' title='bbox 1194 4159 1228 4226; x_wconf 89' lang='lat' dir='ltr'>Si</span> 
     </span>
     <span class='ocr_line' id='line_1_31' title="bbox 147 4279 1227 4380; baseline -0.007 -23"><span class='ocrx_word' id='word_1_245' title='bbox 147 4286 240 4357; x_wconf 87' lang='lat' dir='ltr'>cuim</span> <span class='ocrx_word' id='word_1_246' title='bbox 272 4287 470 4380; x_wconf 90' lang='lat' dir='ltr'>temporalis</span> <span class='ocrx_word' id='word_1_247' title='bbox 496 4283 642 4379; x_wconf 85' lang='lat' dir='ltr'>imperio</span> <span class='ocrx_word' id='word_1_248' title='bbox 666 4281 767 4356; x_wconf 90' lang='lat' dir='ltr'>ducis</span> <span class='ocrx_word' id='word_1_249' title='bbox 792 4282 1005 4375; x_wconf 77' lang='lat' dir='ltr'>assignatam</span> <span class='ocrx_word' id='word_1_250' title='bbox 1034 4279 1227 4353; x_wconf 91' lang='lat' dir='ltr'>custodiam</span> 
     </span>
     <span class='ocr_line' id='line_1_32' title="bbox 149 4403 1226 4498; baseline -0.007 -20"><span class='ocrx_word' id='word_1_251' title='bbox 149 4406 250 4481; x_wconf 88' lang='lat' dir='ltr'>miles</span> <span class='ocrx_word' id='word_1_252' title='bbox 271 4417 378 4490; x_wconf 86' lang='lat' dir='ltr'>tenet,</span> <span class='ocrx_word' id='word_1_253' title='bbox 403 4428 464 4479; x_wconf 91' lang='lat' dir='ltr'>nec</span> <span class='ocrx_word' id='word_1_254' title='bbox 485 4405 551 4477; x_wconf 91' lang='lat' dir='ltr'>nisi</span> <span class='ocrx_word' id='word_1_255' title='bbox 572 4403 694 4475; x_wconf 89' lang='lat' dir='ltr'>eodem</span> <span class='ocrx_word' id='word_1_256' title='bbox 722 4405 797 4498; x_wconf 89' lang='lat' dir='ltr'>ipso</span> <span class='ocrx_word' id='word_1_257' title='bbox 822 4404 962 4478; x_wconf 85' lang='lat' dir='ltr'>iubente</span> <span class='ocrx_word' id='word_1_258' title='bbox 988 4405 1137 4485; x_wconf 89' lang='lat' dir='ltr'>deserit,</span> <span class='ocrx_word' id='word_1_259' title='bbox 1168 4414 1226 4472; x_wconf 91' lang='lat' dir='ltr'>aut</span> 
     </span>
    </p>
   </div>
   <div class='ocr_carea' id='block_1_3' title="bbox 0 0 1374 5062">
    <p class='ocr_par' dir='ltr' id='par_1_3' title="bbox 0 0 1374 5062">
     <span class='ocr_line' id='line_1_33' title="bbox 0 0 1374 5062; baseline 0 1"><span class='ocrx_word' id='word_1_260' title='bbox 0 0 1374 5062; x_wconf 95' lang='lat' dir='ltr'> </span> 
     </span>
    </p>
   </div>
  </div>
 </body>
</html>
