2738 5062
184 596 244 659 298
520 608 562 657 ua
582 608 684 679 araus
703 608 927 659 rauuranmos

184 764 265 837 quae
286 742 393 816 urbes
413 743 459 816 ab
480 741 639 815 hostibus
660 744 805 843 invictae*
817 745 1033 819 latentisese
1050 745 1131 818 odio
1148 749 1271 841 perdi-

86 886 91 895 ·
183 864 322 936 derunt.
343 864 389 935 At
408 865 442 934 in
470 887 509 936 re
535 863 715 935 notissima
739 874 836 937 ratus
864 888 943 939 sum
977 889 1085 959 pauca
1106 868 1266 960 quidem,

184 987 248 1060 sed
267 986 423 1059 omnium
443 987 637 1058 clarissima
657 991 819 1080 exempla
836 990 1008 1074 sufficere,
1027 991 1122 1083 quod
1139 990 1184 1064 ad
1202 1016 1269 1067 ve·

185 1116 348 1180 tuslatem
371 1108 505 1191 attinet;
526 1108 641 1180 aetatis
672 1109 763 1180 enim
798 1122 927 1184 nostrae
953 1114 1085 1183 nullum
1115 1136 1267 1209 usquam

184 1253 290 1326 quum
311 1231 404 1323 apud
424 1252 489 1301 vos
507 1230 601 1322 ipsos
618 1233 818 1326 exemplum
836 1233 962 1305 clarius
979 1233 1130 1305 invenio.
1153 1237 1269 1310 Revo-

185 1365 261 1426 cate
283 1353 388 1445 igitur
407 1351 452 1423 ad
472 1353 672 1424 memoriam
695 1365 832 1448 tempus
852 1354 937 1426 illud
958 1376 1028 1447 quo
1048 1355 1138 1427 inter
1154 1379 1267 1452 popu-

186 1478 237 1548 los
258 1476 365 1547 ltaliae
386 1473 573 1545 felicissimi
593 1475 746 1545 omnium
780 1474 907 1546 fuistis.
939 1477 1055 1548 lnlans
1087 1499 1156 1570 ego
1181 1489 1267 1553 tunc

185 1622 296 1681 eram,
319 1608 355 1669 et
372 1597 434 1668 vix
452 1596 600 1668 velutin
618 1597 762 1669 somniis
779 1597 858 1670 visa
874 1599 1105 1683 commemini,
1123 1602 1268 1693 quando

185 1721 284 1795 sinus
305 1721 361 1793 ille
383 1721 491 1793 vestri
513 1719 652 1806 littoris,
675 1720 734 1813 qui
755 1729 791 1791 et
811 1720 895 1792 solis
921 1721 1206 1814 ortumrespicit
1228 1735 1266 1796 et

182 1866 359 1928 occasum,
384 1865 451 1916 non
473 1854 610 1915 terrena
628 1841 691 1914 aed
708 1841 860 1914 coelestis
878 1842 1045 1915 habitatio
1063 1843 1264 1931 videbatur,

185 1979 220 2038 et
239 1971 377 2060 qualem
399 1965 493 2060 apud
513 1966 651 2061 Elysios
669 1986 811 2059 campos
829 1978 1022 2037 memorant
1037 1975 1167 2060 poetae:
1184 1968 1268 2061 iuga

185 2091 322 2161 collium
344 2090 492 2159 amoenis
513 2087 710 2160 tramitibus
730 2087 956 2181 virentesque
971 2091 1158 2172 convalles,
1176 2099 1213 2162 et
1230 2091 1267 2163 in

185 2210 400 2281 convallibus
422 2210 538 2281 lelices
559 2211 694 2282 animae.
717 2210 803 2293 Quis
824 2234 893 2283 non
918 2233 965 2282 cx
990 2213 1059 2282 alto
1084 2220 1200 2284 turres
1224 2233 1267 2285 ac

185 2332 312 2423 palatia
331 2330 535 2415 mirabatur,
559 2343 662 2424 atquc
682 2344 757 2406 arte
777 2334 1004 2429 perdomitam
1026 2343 1200 2418 naturam,
1219 2335 1267 2406 ri-

185 2452 287 2544 gidos
306 2454 412 2524 colles
438 2454 543 2524 cedro
568 2455 777 2548 Bromioque
801 2465 906 2548 atque
931 2457 1008 2528 olea
1033 2455 1204 2542 vestitos,
1231 2469 1268 2531 et

186 2573 253 2645 sub
273 2575 353 2645 altis
373 2574 519 2670 rupibus
540 2576 638 2647 aedes
660 2598 873 2649 marmoreas
894 2578 997 2648 nullis
1019 2578 1192 2651 secundas
1209 2601 1267 2652 rc-

186 2696 268 2789 giis,
291 2698 394 2769 nullis
417 2697 561 2770 urbibus
582 2721 650 2772 non
671 2700 865 2793 optandas?
883 2701 968 2784 Quis
995 2721 1064 2771 non
1086 2701 1268 2793 spectabat

186 2819 352 2891 attonitus
370 2821 512 2893 latibula
530 2821 585 2893 illa
604 2821 796 2906 laetissima,
818 2822 875 2894 ubi
894 2824 983 2895 inter
1000 2824 1160 2919 scopulos
1178 2826 1267 2897 atria

187 2943 319 3015 auratis
333 2944 490 3016 trabibus
509 2945 662 3028 stabant,
676 2956 713 3016 et
724 2946 898 3038 aequoreis
917 2944 1074 3016 sonantia
1092 2944 1265 3031 fluctibus,

185 3077 221 3139 et
242 3075 451 3163 tempestate
471 3071 635 3153 rorantia,
658 3092 739 3162 quae
757 3067 873 3162 specie
892 3089 955 3139 sua
973 3068 1210 3159 navigantium
1230 3069 1265 3138 in

188 3211 226 3261 se
240 3212 300 3262 ora
313 3202 572 3274 converterent,
588 3190 802 3284 oblitumque
817 3190 902 3261 remi
920 3198 1060 3260 nautam
1079 3192 1265 3283 spectaculi

188 3312 341 3382 novitate
363 3290 639 3404 suspenderent?
658 3313 704 3383 At
727 3312 756 3384 si
785 3322 876 3383 terra
902 3311 966 3383 iter
991 3332 1131 3403 ageres,
1159 3333 1264 3405 quem

188 3453 256 3503 non
279 3441 399 3525 stupor
425 3436 528 3504 animi
555 3436 731 3506 maximus
757 3433 909 3504 habebat
934 3432 1206 3525 augustissimos
1231 3444 1267 3505 et

188 3558 372 3649 plusquam
399 3554 572 3627 humanos
607 3558 760 3628 virorum
794 3564 1099 3649 matronarumque
1125 3555 1266 3627 habitus

188 3684 401 3758 cernentem
422 3675 501 3767 quis
521 3699 592 3748 non
613 3678 726 3749 viator
747 3678 861 3750 medio
881 3680 967 3749 calle
988 3678 1158 3772 torpebat,
1177 3702 1266 3750 nun-

187 3822 292 3891 quam
314 3798 411 3871 visas
432 3798 466 3869 in
487 3797 632 3871 urbibus
653 3801 795 3873 delicias
814 3802 902 3874 inter
924 3801 1091 3873 siluarum
1113 3800 1266 3872 latebras

186 3933 222 3995 et
243 3921 473 3995 remotissima
496 3944 576 3993 rura
597 3923 837 4017 conspiciens?
857 3927 1014 4017 Denique
1034 3946 1112 3995 cum
1140 3924 1185 3996 ad
1207 3947 1266 3995 ur-

187 4045 266 4115 bem
288 4054 430 4116 ventum
452 4055 541 4130 erat,
564 4068 647 4117 vere
669 4047 804 4139 Regum
824 4046 960 4130 urbem,
979 4044 1074 4138 quod
1089 4045 1134 4117 de
1157 4047 1266 4118 Roma

186 4166 405 4253 dictumest,
427 4181 464 4241 et
484 4169 656 4241 felicitatis
677 4172 844 4264 templum
867 4169 1067 4262 laetitiaeque
1089 4169 1193 4239 limen
1214 4169 1268 4237 in·

189 4299 302 4361 trasse
328 4299 360 4359 te
386 4289 558 4362 crederes.
582 4291 657 4364 Non
681 4293 790 4365 multo
819 4303 899 4362 ante
931 4290 967 4361 id
1000 4301 1138 4383 tempus
1163 4290 1266 4361 victis

187 4410 335 4502 primum
358 4432 485 4501 magno
512 4411 630 4503 praelio
655 4413 804 4492 Pisanis,
842 4409 1040 4482 habueratis
1066 4432 1114 4482 ex
1145 4409 1266 4482 ordine
