2738 5062
1015 464 1025 479 ἱ

341 694 434 742 avana
454 693 953 751 ovlnvvsnncmus.-sv1svona
976 697 1017 744 xv.
1160 684 1219 744 349

141 839 197 898 est
215 825 333 908 obvia,
356 835 395 896 ut
416 825 446 896 si
464 823 599 895 eisdem
620 824 760 897 latebris
781 835 816 896 el
837 825 884 896 illi
905 837 941 896 el
967 826 1102 898 conclis
1127 848 1221 899 mor-

143 946 269 1020 talibus
287 947 356 1039 legi
373 967 513 1039 queam,
536 953 641 1038 alque
662 946 761 1019 aliter
781 968 966 1038 nequeam,
987 957 1129 1041 paratus
1151 947 1216 1020 sim

139 1080 176 1141 et
194 1069 315 1141 amicis
332 1066 504 1150 omnibus,
523 1067 653 1160 quibus
671 1067 755 1173 mibi
774 1067 859 1137 nibil
877 1078 934 1141 est
948 1069 1084 1141 dulcius
1102 1071 1219 1154 simul,
1288 1104 1291 1109 ⁴

140 1200 266 1285 etqua
285 1190 370 1262 nibil
390 1188 543 1261 amarius
564 1189 711 1273 invidia,
730 1211 860 1262 carere.
888 1192 975 1262 Huic
994 1212 1073 1262 meo
1096 1213 1241 1288 propo*

142 1314 209 1385 sito
231 1312 322 1385 nuris
350 1312 399 1382 lui
420 1313 584 1402 angulus
604 1313 697 1404 quod
721 1333 859 1406 semper
879 1314 1076 1396 consuevit,
1097 1334 1222 1408 oppor-

142 1436 349 1508 lunissimns
369 1442 424 1506 esl
444 1434 556 1505 visus.
579 1434 641 1506 llic
666 1434 771 1526 igilur
792 1455 846 1505 me
867 1434 936 1507 sub
958 1435 1023 1507 alis
1048 1435 1118 1508 luis
1138 1436 1223 1508 deli-

96 1602 103 1611 ·
142 1567 276 1630 tescere
296 1553 461 1651 patiaris;
479 1557 552 1628 cela
577 1578 642 1639 me,
661 1577 723 1628 oro
745 1567 778 1628 le
794 1584 800 1625 :
819 1556 914 1649 quod
934 1558 964 1627 si
982 1558 1105 1629 leceris
1126 1577 1222 1650 saepe

141 1702 196 1751 me
216 1677 387 1770 hospitem
408 1675 564 1760 habebis,
584 1679 640 1747 vel
662 1699 725 1770 per
745 1688 892 1760 noctem,
911 1679 969 1749 vel
989 1700 1051 1771 per
1071 1678 1220 1750 imbrem

141 1800 431 1894 qualemcumque
461 1799 667 1881 convivam,
699 1809 793 1872 certe
826 1800 942 1871 animo
970 1808 1028 1873 luo
1061 1810 1221 1893 graium

142 1932 263 1994 contra
282 1930 399 1993 aulem
426 1919 521 2013 quod
545 1921 579 1991 in
601 1920 728 1994 sabulis
754 1922 996 2006 audiebamus,
1019 1923 1048 1996 si
1076 1926 1222 2016 vulgare

142 2043 299 2135 emporis,
322 2041 470 2114 amittes.
494 2041 587 2112 Vale.

557 2484 736 2550 EPISTOLA
757 2486 812 2550 ΧΠ.

200 2665 393 2714 vflluclscus
415 2665 582 2714 unvamma
604 2666 748 2716 PHILIPPO
769 2666 922 2716 EPlSGOPO
944 2666 1170 2716 cavannlcuusl

620 2771 646 2818 S.
668 2771 695 2819 P.
718 2771 748 2818 D.
800 2812 804 2819 .

196 2943 319 3012 Piscem,
334 2961 412 3000 avem
426 2950 455 3000 et
468 2946 614 3018 epistolam
629 2961 662 3001 ax
676 2948 710 3003 iis
723 2963 785 3019 quae
800 2947 860 3003 sine
875 2948 954 3004 tilulo
968 2947 1172 3018 inscribuntur,

571 3034 605 3089 ad
622 3051 686 3090 eum
702 3036 794 3091 mittit.

244 3276 321 3347 Tria
335 3275 394 3347 libi
409 3277 561 3362 veniunt,
581 3288 687 3372 puter,
707 3280 853 3350 mullum
871 3278 1012 3350 diversa
1034 3294 1223 3351 munuscu-
1274 3352 1277 3356 .

145 3404 187 3475 la.
210 3401 339 3473 Unicus
360 3422 446 3472 auro
462 3400 576 3473 nilens
596 3401 703 3496 piscis
721 3411 757 3473 el
778 3401 933 3493 squamis
952 3402 1151 3472 maculosus
1169 3424 1223 3472 ar-

145 3522 290 3616 genteis.
326 3523 565 3594 'lomentinam
599 3524 671 3608 alii,
707 3525 890 3595 Turturum
916 3521 1056 3616 quidam
1088 3534 1222 3596 vocant.

144 3645 283 3716 Gratius
301 3654 415 3717 tamen
427 3646 531 3717 luerit
544 3667 703 3741 saponem
723 3666 835 3729 nosse,
850 3667 955 3739 quam
972 3625 1109 3718 nomen.
1125 3646 1223 3718 Hunc

146 3767 249 3838 villici
281 3767 349 3837 mei
382 3764 474 3839 lilius
508 3790 635 3842 servus
664 3779 760 3856 tuus,
784 3768 818 3839 in
843 3768 898 3841 his
920 3769 1024 3842 hodie
1050 3768 1225 3871 lucidissi-

145 3888 213 3985 mis
230 3889 333 3962 undis
350 3889 463 3983 ooepil.
483 3891 567 3962 luem
591 3891 730 3985 pinguis
747 3913 833 3964 anas
851 3892 978 3964 amoeni
998 3890 1132 3963 dudum
1150 3893 1224 3962 lon-

146 4010 191 4080 tis
212 4010 334 4093 incola,
361 4014 418 4082 oui
444 4009 616 4082 adversus
643 4034 757 4083 raram
780 4012 927 4086 indolem
953 4011 1086 4102 egregii
1110 4012 1222 4095 oanis

145 4155 210 4205 neo
229 4132 357 4205 liberas
384 4156 444 4205 aer
470 4133 560 4215 vias,
589 4153 651 4203 nec
676 4140 768 4203 tutas
789 4131 918 4203 llnvius
939 4130 1089 4203 latebras
1111 4132 1222 4217 dedit,

145 4276 212 4326 nec
236 4255 367 4326 natanti
387 4257 468 4346 luga
490 4252 613 4346 patuit,
642 4274 705 4324 nec
728 4253 870 4350 volanti.
898 4253 953 4326 Ad
978 4253 1056 4326 haeo
1079 4256 1226 4349 epistola

144 4377 307 4469 quaedam
330 4399 466 4460 recens,
488 4399 592 4469 quam
615 4375 649 4446 in
672 4397 752 4446 rure
774 4384 832 4449 luo
850 4397 960 4472 nuper
978 4374 1081 4449 ham'o
1099 4377 1225 4451 debilis

146 4498 275 4589 ingenii
297 4500 385 4571 inter
406 4498 510 4570 animi
531 4499 598 4569 mei
619 4497 745 4570 lluclus
766 4508 937 4571 ebrorum
957 4504 1130 4592 scopulos,
1150 4501 1225 4589 ipse
