2738 5062
184 581 243 644 alt
517 594 559 643 ns
581 594 682 644 assus
703 593 925 644 rnuuumnus

182 755 251 807 non
288 731 419 815 visum,
456 731 550 804 circa
584 730 769 803 occiduum
807 730 914 802 ltaliae
951 729 1091 803 limitem
1130 732 1268 807 Varum

182 877 319 926 amnem
339 852 429 924 bello
442 853 509 925 iter
521 853 750 944 interruptum
761 826 893 946 “repert
909 852 1033 945 alpinis
1047 853 1267 947 quibusdam

183 976 345 1069 gentibus
371 975 514 1048 armatis
540 975 585 1047 ad
611 974 693 1046 litus
717 975 849 1047 effusis.
883 975 930 1047 lis
960 999 1028 1070 ego
1061 977 1267 1053 rumoribus

183 1096 288 1170 simul
307 1109 343 1169 et
363 1099 552 1170 amicorum
569 1096 731 1193 precibus
751 1109 947 1191 permotus,
963 1111 1102 1172 mutato
1117 1101 1268 1175 consilio

183 1219 322 1290 flectcre
352 1218 417 1287 iter
449 1194 596 1301 institui3
617 1220 756 1313 iamque
776 1219 976 1291 Gebennam
998 1219 1182 1313 petiturus,
1207 1245 1266 1293 me

185 1338 364 1414 vertebam
382 1340 426 1412 ad
444 1343 581 1425 laevam,
600 1341 682 1412 dum
703 1363 784 1413 ecoe
802 1343 1000 1435 repentinus
1017 1341 1127 1414 imber
1143 1346 1265 1418 omnia

183 1463 382 1560 complevit:
403 1462 564 1556 quamvis
593 1473 673 1534 ante
703 1472 738 1535 et
771 1473 849 1557 post
878 1474 971 1536 muta
989 1465 1067 1536 coeli
1087 1475 1265 1560 terraeque

184 1588 320 1660 siccitas
341 1587 456 1670 luerit,
479 1595 642 1678 quantam
665 1583 831 1672 vidimus,
852 1587 913 1657 vix
931 1587 1092 1679 legimus.
1114 1589 1263 1662 Substiti

183 1711 323 1792 anxius,
346 1730 494 1801 raroque
515 1727 667 1799 unquam
688 1708 816 1779 clarius
843 1708 929 1792 vidi,
957 1708 1043 1801 quid
1075 1710 1121 1781 sit
1151 1710 1262 1785 illud:

183 1855 259 1902 coro
275 1833 371 1902 oneri
391 1833 503 1901 timere
523 1852 544 1901 a
564 1829 708 1921 Virgilio
730 1830 883 1900 relatum.
903 1833 987 1902 Erat
1004 1832 1088 1903 mihi
1107 1833 1263 1928 praedul-

183 1955 233 2025 cis
267 1954 433 2026 librorum
468 1951 656 2031 sarcinula,
688 1963 722 2023 et
755 1960 915 2022 veterum
941 1951 1038 2024 libris
1064 1952 1262 2027 immixtum
1323 1986 1328 1993 ·

182 2075 373 2169 pauxillum
392 2097 562 2166 nugarum
582 2095 752 2158 mearum,
767 2073 895 2167 quibus
910 2073 984 2167 ipse
997 2096 1137 2168 quoque
1153 2076 1264 2148 blem-

183 2196 328 2291 phiticos
350 2218 501 2292 papyros
523 2197 660 2292 impleo,
684 2220 752 2268 non
772 2195 854 2290 quia
874 2196 958 2268 illud
979 2218 1083 2288 agere
1109 2198 1155 2268 sit
1173 2200 1263 2294 opti-

183 2338 291 2400 mum,
315 2317 378 2389 sed
398 2318 479 2410 quin
500 2317 584 2389 illud
604 2318 688 2388 nihil
705 2340 811 2411 agere
831 2318 982 2403 difficile,
999 2320 1208 2413 pessimum,
1227 2332 1264 2394 et

183 2447 350 2533 praeterea
371 2439 585 2533 impossibile
608 2440 692 2511 mihi
710 2451 744 2511 et
762 2439 947 2512 insolitum.
966 2442 1004 2512 ln
1021 2463 1064 2514 ec
1081 2451 1176 2515 statu
1193 2466 1262 2517 non

183 2569 282 2654 tergo
303 2561 464 2634 timebam
492 2562 678 2635 adomnia
704 2562 843 2645 dorato,
877 2573 914 2633 et
944 2565 1035 2636 lerre
1055 2564 1261 2658 iampridem

182 2687 285 2759 docto
318 2706 386 2756 non
422 2695 555 2756 tantum
593 2685 729 2777 pluvias
760 2706 884 2757 verum
909 2686 1056 2779 glacies,
1091 2695 1204 2761 aestus
1227 2697 1262 2761 et

181 2808 384 2901 grandines,
406 2807 605 2901 nulliusque
625 2808 691 2879 iam
711 2807 840 2880 laboris
857 2818 919 2880 aut
934 2810 1076 2903 periculi
1096 2811 1261 2905 inexper-

184 2942 231 3004 to:
251 2955 320 3004 non
341 2932 505 3005 timebam
534 2934 631 3003 lateri
661 2945 691 3003 et
720 2936 816 3004 onem
840 2942 878 3005 ut
903 2932 1045 3016 AEncas,
1074 2932 1138 3005 sed
1152 2934 1261 3006 oneri

182 3054 367 3128 dumtaxat
387 3066 424 3127 ut
443 3055 616 3127 Metabus:
637 3057 749 3127 fateor
767 3055 858 3126 enim
879 3073 972 3125 carae
996 3053 1079 3124 mibi
1105 3055 1262 3128 sarcinu-

183 3181 228 3250 1ae
250 3178 456 3251 metuebam.
475 3176 568 3261 Quid
584 3181 749 3269 agerem?
766 3177 889 3248 Omnia
907 3198 1056 3263 mecum,
1076 3189 1115 3248 ut
1130 3177 1179 3248 ait
1195 3178 1260 3263 ille,

183 3301 351 3383 versanti,
373 3301 489 3369 visum
524 3308 580 3371 est
613 3299 831 3371 manifestam
864 3297 1119 3391 quodammodo
1144 3300 1263 3394 probi·

184 3420 299 3493 bentis
319 3421 380 3490 Dei
403 3423 615 3493 voluntatem
636 3444 730 3507 esse,
753 3444 797 3493 ne
818 3430 899 3493 tunc
919 3423 1018 3493 irem:
1039 3444 1128 3517 pene
1153 3423 1262 3495 irreli-

184 3543 283 3636 gioso
302 3542 503 3635 improbitas
528 3555 583 3616 est
607 3547 693 3628 visa,
717 3545 748 3616 si
767 3543 897 3616 divinae
920 3544 1140 3636 prohibitioni
1159 3548 1262 3638 quasi

183 3665 250 3738 mei
265 3665 351 3736 iuris
364 3663 610 3736 incumberem.
625 3667 820 3740 Memorans
834 3689 918 3759 ergo
931 3669 1145 3741 Cleantaeum
1162 3669 1262 3743 illud:

181 3786 307 3858 ducum
324 3788 485 3857 uolentem
500 3791 583 3878 scta,
606 3791 771 3859 nolentem
789 3791 940 3874 trabunt,
955 3790 1048 3863 cessi
1062 3792 1200 3879 volens,
1219 3815 1263 3867 ue

183 3910 315 3984 invitus
334 3910 513 3996 cederem,
536 3909 728 4004 praemissis
750 3910 785 3982 in
811 3912 943 3985 ltaliam
969 3912 1101 4007 aliquot
1123 3916 1264 3987 famulis

182 4054 252 4105 non
274 4035 384 4128 magis
408 4042 445 4105 ut
465 4033 653 4128 praesentia
672 4033 719 4105 ibi
741 4056 805 4107 sua
825 4034 875 4106 rei
897 4033 1074 4107 familiaris
1099 4057 1264 4109 necessa·

182 4157 233 4226 ria
253 4166 430 4241 curarent,
452 4177 557 4249 quam
592 4168 629 4229 ut
662 4157 718 4229 hic
750 4157 915 4250 digressu
947 4177 1012 4229 suo
1041 4157 1263 4231 solitudinem

181 4275 268 4348 mihi
288 4282 441 4349 lacerent
459 4279 628 4352 laxiorem
641 4278 820 4372 otiumque
837 4279 1066 4372 tranquillius.
1084 4281 1154 4351 Vix
1175 4279 1265 4353 bene

182 4398 418 4471 discesserant
438 4411 640 4493 tantumque
661 4400 806 4473 aberant
831 4410 869 4472 ut
895 4400 961 4472 iam
988 4422 1052 4473 nec
1078 4401 1266 4475 revocandi
