2738 5062
199 627 258 689 338
537 640 577 687 os
598 640 699 688 nanus
721 640 941 689 riuinmmnus

198 798 265 871 que
285 796 462 859 ancoram,
482 796 526 846 ne
547 795 616 845 nox
635 774 876 870 deprehendat
900 782 1068 846 errantes.
1088 777 1144 848 Me
1165 789 1294 853 autem

197 910 364 993 quantum
379 899 475 971 e'uria
489 896 693 993 babylonica
711 896 859 969 delectet
875 895 1013 968 sciebas
1029 898 1124 983 olim,
1144 898 1236 973 dum
1254 912 1296 975 et

198 1022 273 1118 ipsa
294 1020 408 1091 minus
430 1021 522 1094 foeda
541 1030 638 1091 esset
657 1028 694 1090 et
713 1040 777 1089 nos
799 1017 844 1088 ibi
867 1018 1062 1091 iuveniliter
1082 1040 1291 1111 ageremus.

197 1143 297 1215 Nune
316 1152 351 1213 et
371 1141 455 1211 mihi
477 1164 555 1212 oiim
579 1152 733 1235 tempore
759 1139 949 1232 indignatio
974 1140 1135 1227 aooessit,
1164 1154 1204 1215 et
1229 1144 1290 1219 itta

200 1266 277 1338 talis
294 1264 416 1336 effecta
429 1277 497 1347 est,
515 1264 627 1358 utqui
645 1264 814 1336 haetenus
832 1261 935 1334 avide
953 1263 998 1335 ibi
1015 1275 1127 1349 erant,
1141 1265 1290 1341 avidius

199 1407 291 1459 nuno
308 1385 388 1458 inde
404 1383 597 1478 diffugiant.
617 1385 685 1457 Sed
703 1406 746 1456 ne
763 1383 847 1477 quid
864 1385 1016 1469 nescias,
1040 1395 1148 1477 utque
1168 1398 1288 1461 matu·

201 1508 274 1579 rius
293 1506 479 1593 deliberes,
509 1529 575 1599 ego
607 1527 675 1578 uno
709 1517 863 1601 tempore
891 1527 913 1577 a
941 1505 1093 1578 diversis
1123 1527 1289 1582 aooersor
1344 1556 1348 1563 -

200 1638 305 1725 atque
326 1630 498 1703 sollicitor.
521 1629 608 1699 Nam
633 1639 668 1700 et
692 1627 868 1721 Neapolim
896 1648 1003 1699 vocor
1022 1627 1066 1699 ad
1089 1650 1212 1722 regem
1239 1631 1289 1703 si-

200 1755 331 1835 culum;
353 1751 415 1823 sod
437 1760 623 1846 suspectus
640 1760 694 1821 est
711 1772 784 1833 aer,
798 1749 912 1821 bonus
932 1753 1020 1822 torte
1036 1751 1174 1836 ineolis,
1187 1752 1287 1847 qnod

200 1894 384 1968 corporum
411 1873 576 1946 valetudo
596 1883 633 1944 et
652 1872 803 1943 eximius
828 1869 933 1942 deoor
956 1872 1096 1956 indicat,
1123 1873 1209 1945 mihi
1234 1886 1288 1949 ta·

202 2017 282 2067 men
303 1992 445 2066 calidior
465 2016 571 2087 quam
592 1995 728 2065 vetlem.
750 1993 815 2063 Est
833 1991 901 2063 iltie
917 2015 1056 2086 quoque
1074 2014 1140 2065 nex
1157 2015 1285 2081 novus,

201 2116 335 2208 dequo
356 2115 437 2186 lieet
456 2094 547 2212 apud
570 2117 747 2189 Lucanum
771 2116 816 2186 sit
834 2114 929 2207 quod
948 2116 1123 2187 mitissima
1144 2138 1216 2188 sors
1240 2130 1287 2191 est

200 2258 380 2325 repoorum
404 2236 462 2305 sub
488 2258 563 2328 repe
589 2260 692 2323 ιιουο,
720 2260 787 2332 ego
812 2247 927 2309 tamen
954 2238 1132 2330 antiquum
1164 2261 1286 2333 regem

201 2357 346 2428 memori
373 2377 513 2453 semper
545 2369 661 2431 mente
694 2361 842 2453 suspiro.
865 2362 998 2432 Caetera
1023 2359 1167 2454 quidem
1188 2363 1287 2435 facile

202 2479 439 2562 convenirent,
456 2501 535 2552 nam
549 2491 584 2553 et
600 2480 831 2574 pulcherrima
845 2483 946 2575 plaga
963 2491 1031 2566 est,
1049 2492 1085 2552 et
1102 2480 1187 2553 mihi
1203 2484 1288 2578 quia

202 2604 382 2695 vulgatum
412 2611 468 2674 est
499 2625 555 2675 me
587 2603 621 2673 in
654 2602 776 2698 primis
799 2602 881 2674 illud
902 2613 1079 2697 appetere,
1101 2605 1212 2677 otium
1235 2607 1289 2677 in-

202 2746 289 2817 gens
306 2745 348 2796 ac
370 2725 519 2798 solitudo
538 2724 745 2820 promittitur
761 2722 807 2794 ab
823 2724 865 2796 iis
883 2725 943 2818 qui
959 2734 995 2795 et
1011 2737 1178 2818 praestare
1191 2728 1289 2822 quod

203 2848 405 2939 pollicentur
425 2859 586 2944 possunt,
609 2859 643 2920 et
664 2868 812 2941 quornm
833 2845 953 2919 verbis
971 2845 1059 2919 fides
1081 2849 1205 2922 merito
1223 2848 1290 2922 de·

202 2969 333 3043 beatur.
355 2972 399 3042 Et
424 2970 575 3043 Parisios
600 2993 707 3044 vocor
733 2970 778 3043 ad
804 2970 1012 3041 Francorum
1041 2990 1175 3062 regem,
1198 2974 1288 3067 opti-

204 3116 298 3166 mum
319 3094 414 3165 ilium
436 3093 574 3187 quidem
597 3116 638 3164 ac
659 3093 880 3164 mitissimum
898 3091 1102 3184 prinoipem,
1124 3093 1286 3188 meique,

203 3228 241 3288 ut
261 3217 345 3298 seis,
368 3217 553 3310 piusquam
587 3213 695 3306 ignoti
730 3212 878 3283 hominis
911 3223 1099 3297 amantem;
1135 3214 1290 3291 sednon

180 3335 287 3405 mihi
307 3358 387 3405 eum
408 3338 603 3408 accolarum
640 3331 807 3416 moribus,
831 3355 894 3405 neo
926 3334 974 3405 illi
1009 3337 1180 3409 haetenus
1209 3361 1289 3411 eum

202 3458 339 3528 fortuna
360 3478 425 3528 sua
444 3456 534 3527 bene
551 3455 720 3529 convenit.
742 3454 829 3527 Illud
846 3455 949 3526 etiam
967 3456 1096 3543 obstat,
1116 3459 1214 3553 quod
1228 3461 1289 3553 qui

203 3578 284 3648 illue
303 3576 382 3647 olim
400 3586 568 3646 evocatus
581 3577 625 3648 ad
640 3574 892 3670 percipiendam
912 3578 1064 3650 tauream
1084 3602 1153 3652 non
1171 3584 1288 3674 parui,

205 3703 234 3773 si
255 3722 347 3772 nunc
368 3721 460 3782 eam,
483 3698 606 3770 alienae
624 3699 708 3770 vitae
724 3698 931 3773 censoribus
954 3701 1064 3775 videri
1081 3704 1217 3796 possim
1234 3704 1290 3777 bis

203 3832 348 3897 vocatus
372 3824 477 3894 semei
501 3831 631 3893 tantum
658 3820 853 3906 audivisse3
880 3846 948 3896 non
975 3825 1115 3917 quidem
1137 3826 1225 3900 dum
1250 3829 1290 3899 it-

202 3945 270 4018 lius
292 3945 400 4031 urbis,
424 3946 452 4019 si
475 3967 545 4040 qua
565 3966 646 4018 esse
667 3955 805 4039 posset,
827 3968 874 4019 ex
891 3947 1091 4039 magiona,
1115 3949 1180 4022 sed
1202 3950 1287 4023 dum

204 4067 259 4141 illa
279 4091 325 4142 ex
347 4069 434 4141 urbe
454 4090 531 4141 mea
553 4067 698 4160 insignis
722 4067 850 4141 utititas
867 4077 1041 4160 ageretur.
1059 4070 1105 4140 Et
1120 4069 1167 4142 de
1185 4073 1289 4144 novis

204 4192 356 4264 consiliis
377 4194 556 4266 hactenus.
574 4192 662 4276 Quae
680 4199 872 4285 sequuntur
891 4190 1032 4284 antiqua
1055 4202 1147 4264 sunt.
1171 4194 1211 4264 In
1232 4195 1289 4267 iila

203 4316 293 4387 enim
316 4328 412 4408 parte
432 4315 539 4388 ltaliae
559 4338 651 4387 nunc
671 4323 839 4407 expertos
860 4313 891 4382 in
914 4334 983 4406 qua
1003 4322 1039 4385 et
1058 4317 1187 4387 multos
1206 4317 1287 4387 olim

205 4460 314 4510 annos
347 4438 404 4529 egi
437 4447 473 4508 et
505 4438 718 4509 fortunarum
745 4457 901 4507 mearum
923 4458 1049 4527 magna
1071 4458 1153 4530 pars
1174 4436 1287 4510 latuit.
