2738 5062
218 661 275 724 100
556 674 597 722 ns
619 672 720 723 ansus
741 672 962 722 rturtrrarnus

217 812 424 884 summatius
445 809 605 903 impleam
627 808 773 881 summis
786 809 821 879 in
837 809 913 880 dies
930 807 1066 880 viribus
1086 810 1181 896 eniti,
1196 814 1290 905 quod

216 954 286 1003 non
307 931 352 1003 ad
377 931 521 1022 gloriam
544 950 670 1013 meam,
698 929 760 1021 qui
784 928 898 1002 adhuc
930 928 1047 1002 multis
1074 930 1109 1001 in
1130 933 1231 1005 malis
1251 958 1292 1007 uc

217 1053 368 1126 miseriis
400 1074 536 1137 versor,
569 1053 625 1124 cui
650 1054 780 1123 multus
805 1053 907 1124 etde
932 1053 1109 1146 praeterito
1133 1055 1293 1129 doloret

217 1178 262 1250 de
281 1176 447 1273 praesenti
475 1175 585 1259 labor,
619 1184 655 1244 et
686 1174 730 1245 de
762 1175 879 1246 tuturo
899 1185 1013 1246 metus
1046 1185 1116 1259 est,
1150 1178 1216 1250 sed
1248 1177 1293 1252 ad

218 1299 338 1393 gaudii
358 1299 408 1370 tui
427 1298 593 1391 primitias
614 1318 730 1381 narro;
753 1299 854 1370 simul
872 1307 923 1383 ut,
940 1321 1011 1391 quo
1030 1299 1155 1372 melius
1174 1299 1220 1373 de
1236 1323 1294 1374 me

217 1442 359 1516 sperare
377 1418 525 1512 coeperis
544 1441 587 1490 eo
606 1419 798 1491 ferventius
830 1442 894 1515 pro
926 1441 983 1491 me
1015 1419 1159 1514 incipias
1178 1443 1292 1495 orare.

218 1544 306 1615 Sunt
325 1554 440 1615 autem
461 1541 525 1614 tria
545 1540 623 1612 baec
647 1541 682 1611 in
706 1540 835 1635 quibus
863 1540 923 1611 tibi
949 1542 1058 1635 parui.
1085 1544 1173 1616 Nam
1199 1555 1234 1617 et
1258 1544 1294 1616 in

213 1666 338 1759 ‚primis
364 1665 500 1736 abditas
521 1666 692 1736 scelerum
718 1685 874 1737 meorum
897 1665 1034 1750 sordes,
1056 1687 1137 1759 quae
1157 1667 1294 1742 funesta

220 1789 366 1881 segnitie
379 1790 550 1881 longoque
565 1787 702 1859 silentio
718 1797 935 1882 putruerunt,
955 1786 990 1858 in
1006 1799 1166 1884 apertum
1184 1792 1295 1863 mani-

218 1910 286 1983 bus
307 1910 493 1982 saiutiserae
512 1909 739 1982 consessionis
756 1910 873 1982 elicui:
890 1909 995 2004 idque
1016 1910 1146 2005 saepius
1167 1913 1295 1997 iacere,

219 2045 323 2125 atque
344 2035 390 2103 ita
410 2032 635 2128 omnipotenti
654 2031 789 2105 medico
808 2054 939 2105 caecum
957 2032 1061 2105 animi
1080 2034 1147 2105 mei
1164 2038 1295 2110 vulnus

220 2155 417 2241 ostendere,
439 2155 473 2224 in
494 2155 780 2227 consuetudinem
800 2155 944 2229 adduxi.
965 2155 1097 2228 Deinde
1113 2178 1182 2229 nou
1199 2158 1296 2232 diur-

221 2301 284 2351 nas
305 2279 410 2350 modo
434 2279 498 2350 sed
531 2288 717 2350 noctumas
743 2278 789 2349 ad
821 2280 941 2352 laudes
971 2266 1108 2352 Christo
1127 2280 1295 2357 dicendas

221 2402 309 2473 adeo
341 2400 498 2496 impiger,
532 2400 656 2472 eodem
684 2401 888 2485 solicitante,
915 2402 1026 2474 sactus
1053 2424 1148 2487 sum,
1176 2405 1295 2478 uthis

221 2525 326 2598 etiam
343 2523 561 2596 brevissimis
582 2523 754 2608 noctibus,
774 2523 987 2617 quantalibet
1003 2524 1156 2598 serotina
1175 2529 1297 2622 fatiga·

222 2660 295 2721 tum
315 2647 448 2740 vigilia,
470 2667 647 2739 nunquam
668 2667 723 2716 me
745 2649 802 2717 vel
823 2646 973 2742 sopitum
994 2650 1051 2719 vel
1071 2649 1214 2721 tacitum
1235 2673 1297 2723 au-

221 2794 301 2845 rora
321 2769 480 2866 reperiat.
502 2770 553 2841 lta
573 2768 657 2839 mibi
677 2768 805 2863 placuit
829 2768 913 2842 iilud
937 2771 1144 2843 Psalmistae:
1168 2767 1297 2865 sepita

221 2895 258 2964 in
276 2891 329 2964 die
345 2891 476 2964 laudem
496 2890 573 2962 dimi
597 2893 670 2976 tibi,
692 2902 731 2964 ut
754 2913 802 2962 ex
821 2913 892 2985 quo
913 2894 1021 2964 semel
1046 2893 1138 2965 hunc
1164 2912 1296 2967 morem

223 3039 301 3088 sum
322 3018 519 3110 amplexus,
543 3017 636 3087 nulla
661 3036 717 3086 me
744 3017 800 3085 vei
827 3017 936 3087 semel
962 3013 1007 3086 ab
1031 3014 1168 3110 incepto
1193 3037 1298 3090 oocu-

220 3142 313 3235 patio
333 3140 458 3212 diurna
478 3139 697 3221 distraxerit;
717 3146 754 3208 et
773 3137 857 3210 iilud
878 3137 1053 3210 eiusdem:
1072 3137 1184 3210 Medio
1203 3150 1298 3215 nocte

221 3265 394 3355 carpebam
413 3259 457 3331 ud
476 3257 695 3353 confitendum
715 3261 787 3344 tibi,
801 3269 845 3352 ‚ut
864 3260 1018 3354 quotidie
1043 3261 1100 3334 illa
1125 3261 1214 3336 hora
1237 3284 1299 3336 no-

223 3384 295 3457 scio
331 3406 434 3477 quem
466 3382 511 3455 ad
543 3381 768 3455 excitandum
800 3406 857 3456 me
888 3385 1009 3456 venire
1043 3386 1207 3472 seutiam,
1238 3385 1299 3481 qui

223 3507 324 3601 gravi
343 3506 422 3579 licet
441 3528 563 3579 somno
583 3528 743 3601 pressum
761 3507 913 3579 dormire
930 3509 1120 3602 prohibeat.
1142 3509 1297 3582 Tertium

223 3642 279 3703 est
297 3631 392 3724 quod
412 3629 623 3702 consortium
640 3630 796 3715 feminae,
816 3628 891 3702 sine
911 3653 981 3723 quo
1007 3631 1181 3703 interdum
1202 3632 1299 3706 aesti-

224 3776 400 3826 maveram
420 3775 490 3826 nou
509 3775 614 3848 posse
633 3752 769 3839 vivere,
789 3765 899 3824 morte
918 3777 1010 3827 nunc
1027 3754 1172 3847 gravius
1192 3757 1298 3850 perti-

225 3899 356 3950 mesco:
369 3886 405 3949 et
421 3899 633 3970 quamquam
652 3898 746 3970 saepe
764 3874 1009 3949 tentationibus
1031 3877 1152 3949 turber
1171 3879 1300 3951 acerri-

224 4001 305 4086 mis,
340 4009 471 4084 tamen,
502 3998 587 4070 dum
620 4000 654 4071 in
688 3999 840 4072 animum
862 3999 951 4073 redit
971 4000 1056 4093 quid
1079 4010 1134 4072 est
1153 4001 1295 4086 semina,

223 4123 336 4195 omnis
357 4122 497 4196 tentatio
520 4123 702 4196 confestim
727 4124 855 4207 avolat,
882 4132 918 4194 et
941 4145 1008 4215 ego
1033 4123 1078 4195 ad
1103 4120 1296 4194 libertatem

223 4255 260 4318 et
279 4246 324 4318 ad
339 4268 460 4339 pacem
478 4267 590 4317 meam
608 4245 724 4319 redeo.
742 4244 876 4330 Quibus
889 4244 924 4315 in
937 4245 1043 4316 rebus
1060 4243 1298 4333 amantissime

225 4367 293 4442 tuis
314 4390 371 4439 me
391 4368 553 4462 precibus
578 4368 735 4442 adiutum
763 4390 843 4441 esse
867 4368 984 4451 credo,
1012 4377 1049 4439 et
1075 4367 1232 4441 adiutum
1255 4364 1296 4437 iri

226 4513 329 4586 spero
349 4501 454 4585 atque
473 4492 618 4566 obsecro
637 4515 700 4587 por
720 4490 990 4565 misericordiam
1013 4490 1107 4563 iliius
1124 4492 1184 4584 qui
1205 4501 1240 4562 te
1261 4471 1313 4558 iu'
