2738 5062
422 737 515 785 nrcnn
536 732 865 787 nonus.····nrrsrott
886 740 951 787 xm.
1184 730 1225 791 45

140 856 186 925 nii
206 854 355 947 gloriam
376 856 603 937 cumularent,
631 854 738 925 vitam
767 853 800 925 in
820 856 998 949 perpetuis
1024 858 1226 950 peregrina-

142 975 293 1049 tionibus
335 984 542 1066 exegerunt.
584 975 652 1046 Sed
692 975 776 1066 qnia
816 975 979 1048 libentius
1019 978 1225 1072 professioni

142 1108 274 1171 nostrae
298 1096 469 1202 siciniora
493 1117 743 1180 commemoro,
774 1095 1058 1192 pbilosophorum
1091 1098 1225 1192 aliquos

140 1220 322 1311 attingam.
335 1219 442 1302 Plato,
458 1218 586 1289 relictis
605 1216 762 1302 Athenis,
780 1216 851 1301 ubi,
871 1218 901 1288 si
920 1219 986 1290 dici
1009 1221 1061 1291 las
1080 1231 1144 1303 est
1163 1241 1226 1314 pro

141 1341 298 1414 terrestri
325 1339 477 1433 quodam
502 1339 645 1411 numine
669 1339 864 1424 colebatur,
887 1342 1077 1437 AEgyptom
1098 1343 1223 1436 primo,

140 1463 269 1536 deindo
290 1461 425 1533 ltaliam
444 1461 714 1535 circummittit
733 1473 885 1555 quantus
906 1461 1005 1535 labor
1021 1464 1152 1535 homini
1170 1486 1226 1536 se-

140 1585 224 1657 dere
241 1585 367 1657 solito‘l
379 1584 448 1657 Sed
461 1606 524 1681 per
535 1606 657 1658 omnes
673 1585 808 1657 viarum
824 1585 1054 1669 difficultates,
1068 1585 1226 1657 discendi

141 1707 333 1801 cupiditate
364 1728 426 1800 pro
450 1707 613 1778 vehiculo
638 1706 809 1778 utebatur.
835 1708 901 1778 Est
926 1716 963 1778 et
993 1708 1226 1801 peregrinatio

140 1831 275 1901 famosa
295 1827 496 1912 Democriti,
522 1828 758 1922 famosiorque
781 1828 1004 1923 Pythagorae,
1031 1828 1091 1921 qni
1118 1831 1226 1901 semel

140 1951 247 2024 domo
265 1972 453 2046 egressus,
474 1972 651 2044 nunquam
673 1951 788 2035 rediit,
811 1950 887 2022 veri
908 1950 1110 2043 flagrantior
1130 1970 1227 2020 amo-

141 2096 192 2159 re,
213 2096 319 2168 quam
336 2074 471 2168 patriae,
494 2073 725 2165 lustravitque
746 2073 950 2168 AEgyptum,
970 2083 1008 2144 ut
1025 2071 1073 2144 ait
1090 2071 1223 2154 Cicero,

142 2197 329 2267 Persarum
345 2197 467 2287 Magos
487 2194 581 2279 adiit,
601 2204 713 2266 tantas
732 2195 893 2287 regiones
913 2194 1145 2268 Barbarorum
1166 2215 1227 2287 pe·

143 2315 249 2389 dibus
273 2316 393 2402 obivit,
415 2326 466 2389 tot
485 2316 595 2388 maria
615 2316 828 2400 transmisit;
855 2317 957 2389 cuius
976 2318 1227 2411 peregrinatio·

143 2439 204 2510 nis
222 2448 418 2511 extremum
439 2439 469 2511 si
490 2440 665 2533 quaeritur,
688 2439 723 2510 in
744 2440 875 2512 ltaliam
896 2440 1007 2534 ipsam
1029 2440 1140 2523 venit,
1162 2437 1226 2509 ibi-

143 2582 215 2654 que
234 2562 407 2655 rcliquum
427 2563 510 2633 vitae
531 2563 617 2654 egit,
640 2573 675 2634 et
694 2572 844 2656 quatuor
864 2561 912 2633 ibi
932 2564 1043 2634 lustra
1062 2582 1226 2632 consom-

143 2683 226 2778 psit,
248 2682 309 2756 nbi
331 2694 367 2755 tn
385 2706 477 2756 nunc
492 2706 647 2756 annuam
667 2684 804 2756 Domini
824 2685 935 2757 nostri
956 2705 1101 2769 moram,
1129 2685 1227 2755 velut

143 2805 259 2891 debile
289 2805 434 2878 exilium
466 2815 503 2879 st
534 2829 679 2900 prorsus
712 2806 888 2901 perditum
927 2818 1077 2901 tempus,
1116 2807 1224 2877 doles.
1357 2794 1364 2807 ¹

143 2929 415 3022 Expergiscere‚
443 2928 602 3013 obsecro,
630 2938 666 3000 et
690 2928 867 3020 ingenium
895 2936 992 2999 tuum
1018 2928 1143 3008 excita,
1172 2925 1227 2996 vir

144 3048 304 3140 insignis,
314 3059 421 3143 atque
432 3049 632 3121 inclinatum
645 3049 797 3119 animum
807 3045 1083 3117 attollevidebis
1096 3054 1225 3137 quanta

143 3170 345 3264 opinionum
364 3169 458 3244 nubo
481 3171 677 3263 vulgarium
706 3168 867 3252 tenearis
888 3167 972 3239 dum
994 3166 1070 3238 illae.
1083 3164 1144 3237 tibi
1165 3189 1226 3238 vo·

143 3314 202 3367 ces
221 3294 427 3379 exciderint,
445 3314 534 3386 quas
556 3293 687 3365 utinam
704 3314 773 3364 non
793 3293 974 3384 legissem!
993 3290 1068 3361 Non
1081 3299 1137 3361 est
1152 3289 1229 3360 exi-

145 3416 229 3488 lium
253 3416 350 3509 qood
376 3426 420 3487 tu‘
443 3424 563 3509 putas,
597 3416 662 3488 sed
686 3414 784 3487 brevi
812 3415 930 3487 labore
956 3417 1058 3486 samae
1083 3413 1228 3487 materia

146 3537 379 3632 sempiternas.
401 3540 475 3611 Hoc
496 3537 557 3609 tibi
579 3536 788 3631 persuadere
807 3559 900 3609 nunc
920 3536 1057 3609 difficile
1076 3546 1140 3621 est,
1156 3538 1225 3631 qui.

148 3669 185 3730 ut
204 3661 321 3747 video,
340 3662 425 3733 nihil
449 3670 551 3733 entra
570 3659 721 3732 Parisios
747 3657 970 3751 magnificum
996 3667 1057 3729 aut
1076 3654 1227 3731 delecta-

146 3778 217 3852 bile
240 3781 444 3876 suspicaris,
473 3791 510 3852 et
541 3789 720 3853 extremas
745 3780 819 3852 illas
847 3782 949 3873 agelli
975 3781 1026 3852 tui
1050 3778 1225 3872 glebulas,
1359 3810 1361 3814 ·

147 3901 274 3995 quibus
294 3904 447 3977 animum
474 3903 650 3977 addidisti.
677 3905 763 3975 Cum
784 3926 868 3977 vero
889 3904 934 3976 ad
961 3914 994 3975 te
1014 3903 1090 3998 ipse
1115 3902 1228 3976 redie·
1323 3931 1328 3939 ·

146 4025 205 4109 ris,
239 4037 276 4098 et
308 4027 461 4121 profanis
494 4027 590 4118 vulgi
623 4026 822 4097 rumoribus
847 4027 1023 4111 exclusis,
1058 4033 1092 4095 te
1118 4047 1226 4095 unum

145 4149 356 4240 percontari,
383 4148 445 4220 tibi
465 4149 607 4222 credere
631 4148 812 4231 malueris,
842 4146 930 4217 bene
956 4147 1000 4218 de
1024 4157 1058 4217 te
1087 4166 1227 4237 sperare

145 4290 213 4341 non
232 4268 405 4342 desinam.
433 4271 553 4343 Reddo
578 4270 663 4341 mihi
689 4270 932 4341 collocutorem
960 4290 1091 4352 meum,
1118 4267 1226 4353 redde

143 4392 228 4464 mihi
248 4393 434 4486 pristinum
454 4393 668 4489 Philippum3
690 4412 746 4461 me
766 4384 907 4483 quidem
929 4402 1070 4475 tacente,
1093 4390 1225 4462 veritas

144 4514 331 4608 perorabit.
352 4513 400 4587 At
416 4514 521 4589 modo
540 4536 609 4587 non
630 4524 760 4594 tecum,
789 4511 852 4583 sed
877 4535 956 4586 cum
977 4515 1086 4584 altero
1107 4510 1225 4582 nescio
