2738 5062
141 715 200 776 sto
477 724 517 772 ns
538 723 640 773 nanus
661 721 882 773 ursimannus

141 874 234 935 stum
253 859 392 932 desinit:
414 879 483 931 nou
502 868 558 930 est
577 857 728 949 vagandi
760 860 868 930 loeus.
902 857 973 927 lam
1009 858 1220 930 necessariae

140 983 342 1075 utinamque
361 1000 431 1052 non
452 1000 543 1052 serae
564 978 784 1072 parsimoniae
805 990 942 1072 tempus
961 989 1025 1050 est.
1045 981 1114 1053 Sed
1131 980 1220 1052 tanti

141 1104 242 1175 visus
261 1115 316 1174 est
336 1101 468 1185 Cicero,
491 1100 547 1173 eui
567 1101 671 1172 etiam
698 1100 742 1172 de
767 1100 910 1175 minimo
931 1110 1063 1197 partem
1084 1102 1219 1176 darem.

142 1226 237 1298 Vale.

548 1535 728 1601 Epistola
749 1536 817 1600 XIII.

144 1702 338 1755 I‘IthGISGIIS
356 1700 525 1753 Parnasus
543 1699 648 1750 cnoro
664 1698 866 1750 nunuouunst
882 1699 1091 1751 ontnhrtco
1105 1701 1133 1751 S.
1147 1703 1176 1753 P.
1190 1703 1220 1752 ll.

208 1861 292 1930 Petit,
307 1861 331 1917 si
344 1876 407 1933 quae
420 1858 531 1929 habeat,
546 1857 648 1930 scripta
663 1856 812 1927 Ciceronis,
826 1873 912 1930 quem
925 1856 1055 1914 laudibus
1067 1858 1158 1915 effert.

242 2072 348 2142 Fama
365 2071 530 2164 loquitur,
549 2070 748 2143 Ciceronem
764 2071 854 2140 inter
870 2089 991 2141 omnes
1009 2091 1102 2142 nuno
1118 2070 1221 2146 Italos

143 2190 345 2263 familiarem
360 2189 422 2263 tibi
433 2202 539 2285 atque
551 2190 723 2285 hospitem
738 2192 826 2274 fore,
841 2199 877 2262 et
892 2211 1002 2285 penes
1020 2200 1055 2262 te
1072 2195 1222 2284 permul-

144 2323 199 2385 tos
218 2311 432 2405 eosdemque
453 2333 615 2406 perraros
636 2312 728 2384 illius
749 2310 878 2405 ingenii
901 2310 1008 2384 libros
1028 2333 1122 2386 esse.
1148 2315 1218 2388 0hl

144 2443 239 2506 tanto
251 2431 331 2503 felix
347 2433 615 2528 hospite‚multo
631 2443 726 2505 certe
737 2432 867 2505 felicior
879 2455 982 2526 quam
991 2434 1222 2508 Evanderdl-

144 2555 232 2628 cide.
255 2553 346 2638 Quid
366 2553 458 2626 enim
472 2553 645 2626 Ciceronis
662 2553 801 2646 eloquio
817 2575 881 2648 par
897 2553 1100 2628 herculeum
1119 2557 1221 2631 robur

145 2675 274 2749 habeti

304 2796 419 2861 fixerit
435 2796 598 2878 eripedem
614 2811 739 2860 cervam
756 2796 836 2872 licet,
853 2802 905 2860 aut
922 2798 1101 2877 Erymanthi

306 2895 423 2959 Pacarit
439 2910 565 2959 nemora
581 2901 611 2958 et
627 2893 758 2958 Lernam
774 2895 978 2959 tremefecerit
993 2913 1085 2961 arcu:

144 3044 370 3139 quantumvis
414 3043 550 3117 labores
598 3042 752 3114 herculei
791 3041 1032 3129 celebrentur,
1076 3046 1106 3117 si
1148 3048 1221 3142 qui-

145 3167 226 3240 dem
247 3167 452 3264 profundius
471 3189 596 3238 verum
622 3184 776 3259 quaeras,
803 3164 859 3237 ille
890 3186 1017 3260 corpus
1042 3170 1218 3254 exercuit,

146 3290 202 3361 hic
222 3290 390 3373 animum,
412 3289 469 3361 ille
489 3287 627 3360 lacertis
647 3286 768 3372 valuit,
790 3286 844 3358 hic
861 3287 994 3379 lingua,
1013 3288 1070 3361 ille
1085 3300 1221 3384 porten-

146 3419 260 3481 torum
281 3412 373 3504 apud
392 3410 528 3496 Graios
556 3410 612 3481 hic
636 3432 706 3502 quo
732 3411 861 3481 nullum
888 3411 1104 3503 pestilentius
1124 3434 1222 3485 mon·

148 3538 257 3600 strum
272 3539 335 3613 est
351 3552 501 3622 magnus
523 3532 617 3624 apud
633 3554 697 3603 nos
715 3531 919 3623 ignorantiae
934 3533 1048 3607 victor
1064 3536 1137 3607 fnit.
1153 3535 1223 3609 Sed

146 3672 190 3723 ne
210 3648 437 3722 laudatissimi
458 3652 607 3724 hominis
628 3654 663 3724 iu
683 3654 785 3725 laude
798 3652 972 3738 doliolum,
995 3667 1057 3729 aut
1074 3659 1222 3730 fortasse

148 3771 209 3844 tibi
225 3771 485 3844 notissimarum
508 3793 623 3842 rerum
649 3775 920 3866 exaggeratione
939 3778 1081 3851 fastidio
1103 3779 1178 3864 sim,
1203 3801 1222 3852 a

146 3894 309 3969 laudibus
325 3913 452 3965 versus
465 3892 502 3965 in
513 3915 648 3988 preces,
664 3905 698 3967 te
715 3918 807 3969 nunc
822 3899 909 3971 facie
928 3899 1008 3971 licet
1028 3901 1221 3993 incognitus

149 4038 232 4107 rogo
257 4028 296 4089 ut
316 4038 372 4088 me
393 4015 548 4110 quolibet
566 4015 670 4088 modo
687 4016 804 4089 visum
819 4020 899 4104 erit,
919 4020 985 4092 nisi
1007 4043 1155 4117 prorsus
1174 4024 1223 4095 in·

147 4134 292 4225 dignum
311 4159 449 4221 censes.
469 4138 552 4210 tanti
574 4138 720 4231 hospitis
741 4140 942 4236 participem
960 4144 1063 4217 velis.
1081 4146 1155 4218 Neo
1170 4144 1222 4216 ille

147 4254 236 4325 forte
253 4256 356 4328 limen
373 4258 557 4344 horruerit,
576 4283 641 4332 nec
659 4262 720 4332 tihi
738 4264 861 4356 pudori
878 4266 982 4337 fuerit
1002 4268 1134 4339 nostris
1153 4278 1224 4339 stu-

147 4372 216 4446 diis
232 4375 401 4445 auxilium
416 4379 586 4451 attulisse.
601 4380 677 4464 Qua
693 4383 729 4452 in
747 4405 785 4455 re
801 4384 896 4479 quod
914 4384 996 4459 huic
1013 4390 1149 4460 calamo
1164 4385 1224 4458 de-

148 4494 263 4578 fuerit,
282 4498 476 4571 communis
497 4500 600 4574 huius
620 4502 720 4577 amici
740 4525 828 4578 voce
849 4506 1081 4603 supplebitur.
1108 4508 1200 4584 Vale.
