2738 5062
353 701 445 748 einen
465 697 948 749 ssxrusouumus.—sa1sronn
971 698 1025 746 xu.
1168 685 1223 747 401

153 835 313 910 oblivioni
333 836 382 905 sic
400 836 549 906 humana
569 834 678 926 pietas
699 832 869 929 opposuit,
889 841 927 903 ut
944 833 987 903 de
1004 832 1060 902 die
1082 832 1116 903 in
1135 833 1225 905 diem

152 969 231 1031 vola
266 969 384 1029 nostra
412 956 612 1039 reddamus,
645 967 819 1050 postremo
845 964 881 1025 et
905 954 1061 1048 epistolae
1093 966 1162 1027 tuae
1191 966 1228 1025 et

150 1080 338 1152 amicorum
361 1078 491 1162 litteris,
515 1077 630 1148 multis
652 1078 792 1170 inquam
810 1077 1016 1169 magnisque
1037 1077 1142 1148 rebus
1163 1079 1227 1179 vin

150 1222 217 1272 nna
241 1221 348 1293 parva
370 1190 450 1271 nox'.
472 1198 526 1270 Ad
548 1221 708 1271 auroram
732 1219 769 1268 se
789 1208 977 1269 venturum
999 1199 1149 1270 minatus
1170 1210 1226 1270 est

150 1308 305 1404 nuntius,
328 1334 363 1392 et
388 1322 511 1394 saciet:
533 1345 613 1393 nam
634 1331 670 1392 et
691 1342 793 1391 suum
815 1320 949 1411 geritur
968 1321 1168 1411 negocium,
1190 1331 1226 1391 et

150 1471 228 1518 cum
251 1467 328 1517 sero
353 1445 474 1516 litteris
499 1455 659 1516 onustam
684 1443 767 1513 mihi
788 1444 978 1535 porrigeret
1000 1466 1152 1526 manum,
1175 1442 1191 1509 l
1209 1482 1225 1494 -

149 1570 234 1640 ciem
257 1566 452 1639 festinantis
469 1565 602 1660 aspexi.
622 1564 692 1635 Sed
708 1562 792 1656 quid
811 1563 965 1634 solicitus
989 1568 1092 1634 sum‘?
1112 1564 1224 1634 minor

149 1693 261 1760 suerat
281 1711 351 1760 nox
371 1687 508 1770 Vulteii‚
525 1708 595 1778 qua
614 1685 716 1757 lando
733 1684 842 1777 potuit
861 1683 1003 1778 trepidis
1021 1694 1100 1755 ante
1117 1683 1224 1755 comi-

150 1810 241 1882 tibus
266 1833 418 1882 amorem
440 1809 561 1880 mortis
582 1807 751 1898 ingerere.
774 1807 874 1898 Saepe
894 1807 1088 1900 perexiguo
1112 1807 1224 1898 spatio

149 1953 273 2021 magna
295 1934 519 2025 complentur.
537 1930 612 2001 Non
635 1939 702 2002 tam
725 1927 832 1999 breve
850 1938 986 2020 tempus
1003 1938 1066 2011 est,
1082 1937 1120 1998 ut
1133 1930 1223 1999 lama

150 2052 312 2144 loquitur,
341 2053 503 2145 quamvis
525 2051 713 2123 admodum
734 2050 842 2122 breve
864 2049 930 2133 sit;
955 2058 1040 2143 puto
1059 2048 1152 2118 enirn
1178 2048 1223 2120 ad

149 2176 254 2244 multa
274 2175 456 2258 sufficeret,
479 2174 546 2244 nisi
564 2173 649 2244 illud
670 2183 788 2243 nostra
809 2171 974 2263 segnities
995 2183 1221 2263 angustaret:

148 2298 266 2365 laxare
288 2294 370 2366 illud
386 2305 440 2366 est
460 2295 605 2380 animus,
628 2293 672 2365 de
693 2316 763 2385 quo
784 2296 931 2366 tortasse
947 2296 1021 2378 erit,
1041 2303 1079 2365 ut
1096 2294 1222 2366 alicubi

148 2415 302 2508 pluribus
324 2416 369 2489 ad
390 2427 423 2488 te
444 2416 603 2488 scribam.
626 2418 726 2500 Quod
746 2415 791 2487 ad
812 2415 901 2488 hanc
922 2417 1045 2488 attinet
1070 2426 1220 2502 noctem,

147 2537 287 2608 tentabo
308 2538 336 2607 si
357 2549 392 2609 et
411 2539 529 2609 oculos
551 2540 662 2610 fessos
683 2536 780 2610 brevi
803 2560 926 2610 somno
946 2541 1071 2621 fallere,
1090 2549 1126 2609 et
1143 2560 1223 2608 sen-

146 2660 269 2732 tentias
299 2662 421 2752 longas
449 2659 614 2731 brevibus
639 2660 758 2731 verbis
785 2661 942 2754 amplecti
973 2682 1109 2751 queam.
1138 2660 1221 2728 Mihi

144 2782 292 2874 quidem,
316 2782 433 2865 amice,
452 2781 749 2853 luculentissimus
768 2782 924 2873 epistolae
944 2791 1013 2851 tuae
1032 2791 1130 2850 tenor
1148 2781 1221 2850 sole

144 2904 271 2974 clarius
291 2904 442 2975 animum
470 2903 652 2974 scribentis
678 2900 839 2975 ostendit.
865 2901 1002 2970 Anxius
1026 2922 1078 2983 es
1105 2912 1141 2970 et
1166 2923 1221 2971 re·

146 3047 221 3095 rum
244 3045 397 3095 mearum
421 3026 592 3117 torqueris
613 3023 813 3095 eventibus:
832 3043 902 3114 quo
920 3044 975 3092 me
993 3043 1108 3104 voces
1128 3022 1221 3123 upde

145 3144 315 3229 retrahas,
337 3146 421 3238 qnid
445 3146 489 3217 de
513 3169 566 3217 me
588 3167 721 3238 sperae,
748 3143 878 3235 quidve
900 3143 986 3213 mihi
1008 3124 1149 3214 metuas
1161 3128 1220 3213 ¹'in-

143 3277 280 3349 certus;
306 3289 326 3337 e
351 3267 478 3361 quibus
504 3269 607 3339 animi
635 3268 798 3338 fluctibus
827 3267 877 3338 sic
897 3269 1058 3359 emergis
1082 3277 1120 3337 ut
1140 3268 1219 3337 laeta

145 3386 202 3456 tibi
227 3387 364 3458 tandem
387 3388 431 3459 de
452 3411 508 3459 me
529 3389 644 3459 omnia
663 3401 697 3459 et
715 3389 835 3460 votiva
853 3387 1033 3482 pollicitus
1053 3389 1220 3480 conquie-

144 3530 221 3579 scas
243 3530 304 3601 spe
323 3509 479 3595 honesta,
499 3521 534 3580 et
557 3521 623 3581 tam
643 3533 727 3582 vera
745 3512 874 3584 utinam
894 3535 998 3603 quam
1018 3511 1137 3584 amica.
1158 3511 1220 3583 Hic

143 3630 225 3698 milri
249 3641 315 3701 tarn
344 3631 437 3701 mitis
458 3632 601 3704 affectus
624 3642 703 3703 tuns
730 3656 889 3725 magnam
918 3636 1039 3718 fateor,
1064 3634 1219 3704 sednon

143 3771 269 3821 novam
302 3755 514 3844 voluptatem
541 3756 648 3826 affort.
690 3756 870 3828 Sciebam:
898 3757 1000 3827 nullis
1032 3777 1121 3849 opus
1146 3765 1221 3826 erat

142 3871 283 3956 verbis;
305 3873 484 3944 absentem
508 3875 649 3956 intueor,
671 3888 839 3950 tacentem
862 3878 974 3950 audio.
998 3879 1107 3958 Quem
1136 3900 1220 3951 vero

142 4002 176 4063 te
201 3993 312 4064 dicam
339 3996 421 4075 nisi,
450 4007 487 4064 ut
513 3996 685 4066 Ciceronis
712 3999 755 4066 ad
782 4021 983 4086 germanum
1010 3997 1102 4067 (licto
1130 4009 1217 4081 utar,

142 4114 314 4185 suavitate
336 4117 475 4186 fratrem
495 4137 600 4208 prope
618 4116 796 4204 aequalem,
817 4117 984 4208 obsequio
1003 4117 1119 4199 lilium,
1139 4139 1220 4187 con-

142 4237 218 4308 silio
239 4241 444 4329 parentem?
471 4239 612 4326 Singula
638 4236 824 4320 delectant,
853 4238 1120 4309 necimmerito.
1150 4240 1216 4310 Sed

140 4363 303 4452 qnoniam
329 4361 594 4433 deliberativum
620 4381 737 4430 causae
761 4380 874 4451 genus
902 4370 968 4444 cst,
997 4360 1115 4431 ultimo
1142 4373 1218 4429 utor

141 4486 173 4550 in
193 4505 359 4573 praesens,
379 4482 631 4574 consiliumque
649 4492 745 4551 tuum
764 4492 938 4574 tamquam
954 4480 1217 4574 providentissi-

269 4614 294 4649 ιι.
1032 4598 1063 4647 ‘26
