2738 5062
141 636 200 699 1152)
484 646 525 693 llll
547 644 647 694 llEllUS
668 644 889 695 anullinnlltlls

142 782 281 858 credis?
306 780 519 872 Negaturum
540 801 587 851 ne
611 778 764 872 aliquid?
788 779 873 851 nihil
897 798 1058 873 prorsus.
1078 780 1235 853 Possem

141 907 259 997 lingua
292 901 450 986 forsitan,
478 900 584 974 corde
617 923 686 973 non
718 922 873 995 possum.
899 900 1035 993 Urgeor
1059 900 1235 995 quidem:

141 1049 209 1099 non
230 1048 320 1122 opus
336 1034 393 1097 est
409 1026 545 1095 eculeo:
567 1024 721 1095 violenta
737 1034 793 1095 cst
811 1023 959 1109 veritas,
974 1024 1115 1095 animos
1133 1022 1233 1117 ligat

141 1148 234 1233 Quid
257 1148 350 1219 enim
377 1168 446 1217 non
471 1145 624 1236 ingenue
649 1147 759 1217 latear
784 1144 844 1217 tibi
868 1142 963 1237 quod
981 1164 1118 1237 negare
1143 1144 1234 1217 milri

141 1272 217 1364 ipse
242 1291 310 1340 nou
335 1268 475 1339 audeo?
499 1266 593 1339 lllico
619 1278 657 1338 ut
677 1267 857 1360 epistolam
884 1274 980 1340 tuam
1004 1269 1126 1360 legere
1150 1268 1234 1363 cepi

140 1391 215 1463 dixi
233 1410 382 1461 mecum:
397 1390 473 1461 haec
490 1387 566 1459 reri
583 1389 695 1460 nodos
712 1409 832 1461 secum
848 1387 976 1471 attulit;
988 1399 1115 1481 captus
1133 1410 1231 1463 sum.

141 1513 239 1586 Unde
253 1533 339 1603 ergo
352 1533 444 1583 nunc
461 1510 633 1581 evadam‘l
650 1510 785 1595 Quibus
803 1532 859 1582 me
875 1510 1010 1583 artibus
1023 1511 1228 1605 expediam,

140 1656 210 1729 quo
231 1632 368 1724 ingenio
393 1654 449 1703 mc
477 1631 683 1703 absolvam?
702 1634 885 1706 Postremo
909 1631 994 1727 quid
1019 1631 1136 1705 dicam
1157 1632 1230 1707 nisi

140 1759 235 1851 quod
259 1780 339 1829 cum
368 1765 439 1827 toto
463 1777 592 1846 genere
618 1754 771 1827 humano
800 1776 986 1827 commune
1008 1754 1145 1826 crimen
1168 1764 1229 1827 cst

140 1879 249 1951 mihi‘l
269 1877 355 1964 Quis
375 1888 430 1948 est
449 1875 541 1948 enim
563 1876 742 1948 hominum
766 1878 827 1969 qui
852 1897 923 1947 non
949 1875 1016 1948 sibi
1038 1896 1135 1970 saepe
1159 1896 1227 1949 uo-

139 2001 262 2084 cuerit,
280 2000 336 2072 cui
357 2020 427 2069 non
448 1997 586 2094 proprie
608 1997 675 2069 dici
692 1998 805 2094 possit
824 2007 931 2070 vetus
951 1995 1036 2068 illud
1056 1995 1223 2082 verbum,

140 2121 257 2193 omnia
277 2122 367 2189 mala
378 2120 455 2190 haec
470 2119 540 2204 libi,
560 2140 582 2190 ο
600 2108 819 2206 stultissime,
834 2118 1049 2213 procurasti?
1068 2120 1223 2211 Elegans

102 2255 105 2259 ’
139 2254 174 2315 et
194 2244 293 2337 plane
316 2250 462 2331 argutus
490 2239 655 2314 Iohannis
682 2241 923 2339 chrysostomi
950 2250 1122 2313 tractulus
1150 2250 1220 2325 est,

140 2361 252 2455 primo
275 2361 420 2431 forsitan
439 2381 633 2453 congressu
656 2363 824 2437 mendacii
846 2364 993 2435 lroutem
1013 2362 1166 2447 habens,
1187 2370 1224 2435 al

141 2482 170 2553 si
196 2482 311 2554 acrius
336 2481 494 2553 intueare
518 2481 603 2551 nihil
630 2483 761 2553 verius.
799 2485 864 2557 Est
897 2494 1017 2557 autem
1050 2482 1108 2555 hic
1142 2482 1222 2554 titu-

140 2607 206 2677 lus.
233 2603 312 2675 Nr'si
335 2629 357 2676 c
380 2606 551 2698 semetipso
575 2606 742 2676 nerninem
768 2604 845 2679 todi
861 2628 979 2699 posse:
1004 2626 1075 2700 quo
1101 2604 1222 2678 audito

140 2727 257 2800 statim
288 2727 467 2799 inimicum
503 2729 578 2799 veri
611 2729 741 2820 vulgus
779 2728 952 2801 insaniet:
990 2727 1086 2821 quod
1121 2728 1150 2801 si
1176 2726 1222 2799 ad

141 2873 179 2923 se
203 2851 394 2922 rationibus
427 2850 521 2921 viam
554 2851 696 2945 pandat,
724 2850 808 2921 velit
839 2849 923 2922 nolit
946 2850 996 2922 ita
1020 2871 1104 2923 esse
1137 2853 1222 2923 late-

141 2971 244 3044 bitur.
278 2971 432 3043 Patimur
459 2974 549 3044 mala
573 2984 654 3063 quae
679 2972 839 3056 lecimus,
865 2981 901 3044 et
926 2993 1023 3068 saepe
1055 2972 1092 3043 in
1117 2982 1223 3069 capnt

141 3095 291 3166 auctoris
316 3116 419 3189 poena
446 3094 641 3165 revertitur.
675 3094 750 3164 Non
784 3093 922 3167 aliunde
940 3094 1136 3190 premimur
1158 3116 1223 3167 uec

139 3224 285 3310 oportet.
308 3216 418 3287 Crede
444 3215 536 3286 enim
562 3214 666 3285 milri:
689 3214 737 3285 uil
758 3237 846 3310 opus
873 3215 946 3289 acie
971 3214 1143 3303 instructa
1162 3227 1222 3291 aut

141 3337 311 3407 machinis
341 3358 440 3408 muro
472 3335 639 3421 admotis,
671 3336 893 3430 defossisque
920 3339 1009 3411 clam
1038 3338 1219 3413 cuniculis.

140 3457 296 3549 Quisque
319 3459 454 3529 hostem
475 3469 764 3553 vastatoremque
784 3481 885 3533 suum
908 3482 1041 3545 secum,
1063 3461 1221 3556 interque

140 3577 283 3652 delicias
304 3598 388 3648 suas
407 3577 525 3661 habet,
542 3580 588 3649 illi
603 3580 817 3674 obsequitur,
837 3582 962 3654 mirum
977 3582 1088 3666 dictu,
1103 3595 1141 3655 et
1160 3580 1222 3657 ad-

140 3720 267 3771 versus
290 3719 328 3770 se
353 3696 577 3792 pertinaciter
602 3699 649 3770 illi
670 3702 776 3772 lavet.
797 3703 899 3775 Dices
920 3713 1049 3787 autem,
1068 3712 1107 3775 et
1125 3714 1223 3777 ante

140 3845 243 3917 quam
277 3822 375 3895 dicas
400 3820 590 3893 assentior:
617 3843 685 3893 non
716 3835 772 3895 est
798 3824 862 3897 hoc
885 3827 1021 3920 culpam
1048 3846 1221 3919 purgare,

140 3948 205 4021 sed
225 3947 430 4042 participare
449 3968 529 4018 cum
555 3945 729 4042 pluribus:
751 3949 863 4019 aliena
883 3946 1024 4039 quidem
1045 3947 1223 4021 accusatio

140 4088 209 4139 non
226 4070 408 4141 excusatio
426 4080 545 4141 nostra
565 4080 635 4142 est:
651 4069 874 4159 insigniorem
889 4071 976 4141 lorte
991 4091 1089 4141 reum
1108 4072 1223 4166 culpae

138 4210 270 4271 comes,
299 4191 569 4264 innocentiorem
596 4180 691 4263 corte
717 4212 786 4263 nou
816 4192 926 4264 saciet.
961 4191 1112 4265 Omissis
1136 4212 1224 4287 ergo

139 4310 225 4394 aliis
240 4312 284 4383 ad
298 4334 353 4382 me
372 4324 540 4385 revertor.
559 4315 667 4387 Video
682 4328 727 4397 tc,
742 4314 864 4398 amice,
880 4336 966 4386 vero
983 4326 1156 4387 armatum
1173 4318 1225 4388 la·

139 4432 217 4515 cile,
240 4433 268 4503 si
291 4432 468 4516 resistam,
492 4435 524 4503 in
547 4436 611 4507 lrac
631 4436 870 4510 colluctatione
892 4436 1076 4508 victorem:
1097 4438 1224 4513 eodem
