2738 5062
130 635 189 695 tto
469 650 508 695 nr:
530 648 630 697 nunus
652 650 876 699 nuuttunnus

554 926 730 991 epistota
751 928 792 989 tlt.

204 1130 396 1180 FRANCISCUS
416 1130 585 1178 Pntuaucu
606 1130 737 1177 IOHANNI
759 1128 800 1177 DE
822 1128 995 1178 CERTALDO
1019 1130 1046 1179 S.
1068 1130 1098 1179 P.
1124 1132 1155 1179 D.

285 1316 400 1370 Librum
416 1314 563 1387 Augustini
578 1316 607 1368 in
622 1315 747 1369 Psalmos
761 1313 796 1367 ab
811 1330 844 1369 ee
860 1314 932 1369 dono
947 1314 1066 1369 missum

547 1410 691 1477 acceptum
706 1404 800 1458 refert.

234 1646 351 1717 Beasti
368 1666 423 1715 mc
443 1666 589 1717 munere
609 1640 793 1735 magnifico
810 1653 847 1714 et
867 1644 1006 1736 insigni.
1030 1644 1104 1715 iam
1122 1646 1225 1719 davi·

137 1771 252 1841 dicum
272 1771 416 1861 polagus
438 1768 590 1838 securior
614 1764 802 1858 navigabo,
821 1766 940 1837 vitabo
962 1769 1143 1859 scopulos,
1164 1791 1225 1841 ne-

138 1914 206 1983 quo
228 1889 413 1961 verborum
434 1887 597 1960 ductibus
618 1910 731 1980 neque
758 1890 944 1959 tractorum
968 1890 1235 1961 sententiarum·

139 2013 315 2083 cottisionc
337 2011 501 2083 terrebor.
525 2011 684 2081 Solebam
702 2010 778 2105 ipse
795 2010 882 2081 meis
901 2010 1037 2081 viribus
1055 2012 1092 2080 in
1114 2012 1221 2082 attam

139 2136 212 2215 niti,
234 2145 270 2205 et
298 2154 389 2203 nuuc
419 2134 521 2203 attius
553 2132 694 2204 brachia
715 2132 890 2214 iactando,
913 2154 1005 2203 nuuc
1026 2144 1129 2224 poste
1155 2136 1222 2205 tor·

140 2256 225 2324 tuito
246 2254 418 2323 subnixus
440 2276 501 2347 per
521 2253 702 2323 obstantes
728 2252 854 2324 fluctus
880 2254 1014 2322 sessum
1041 2254 1219 2345 ingenium

140 2375 279 2455 librare,
301 2374 347 2444 ita
363 2373 504 2464 quidem
528 2385 565 2444 ut
586 2396 681 2466 saepe
702 2396 781 2445 cum
798 2376 901 2444 Petro
917 2374 1028 2464 mergi
1051 2375 1219 2467 incipiens

139 2499 391 2568 exclamarem:
413 2494 571 2575 Domine,
595 2498 731 2565 salvum
759 2518 815 2567 mc
842 2498 908 2578 tac,
931 2494 1062 2588 etipse
1085 2518 1217 2577 secum,

141 2622 278 2692 Christo
305 2642 444 2689 manum
479 2616 693 2710 supplicibus
719 2619 929 2712 porrigente,
956 2636 1217 2709 consurgerem.

142 2743 211 2813 Hos
233 2742 321 2812 inter
337 2753 447 2811 aestus
465 2740 604 2834 puppim
624 2750 661 2810 tu
679 2740 762 2809 mihi
781 2738 1006 2833 praevalidam
1025 2749 1061 2809 et
1079 2742 1219 2811 naucle-

143 2889 218 2935 ruru
238 2864 444 2935 industrium
466 2864 646 2935 destinasti
669 2864 777 2936 divini
804 2864 931 2955 ingenii
958 2864 1217 2955 Augustinum,

141 2991 240 3061 cuius
261 3012 348 3081 opus
370 2989 576 3058 immensum
598 2986 692 3080 quod
715 2988 820 3077 vulgo
842 2997 912 3056 tres
930 2986 964 3055 in
987 3000 1116 3079 parteS,
1132 2988 1219 3080 apud

141 3112 310 3205 quosdaru
334 3110 542 3202 pturitariuru
560 3109 713 3181 divisum
733 3108 848 3179 multis
866 3118 902 3176 ct
918 3108 1056 3198 magnis
1073 3106 1218 3179 volumi-

143 3235 246 3305 nibus
266 3235 473 3315 continetur,
494 3244 528 3303 et
550 3243 657 3303 toturn
694 3253 764 3301 uno
798 3231 972 3300 volumine
994 3230 1220 3323 comprehen-

145 3378 222 3426 sum
244 3364 277 3423 ct
304 3378 324 3424 a
349 3368 382 3425 te
406 3356 489 3425 mitri
514 3356 758 3427 transmissum
791 3354 893 3422 taetus
928 3363 1147 3444 stupensque
1166 3374 1221 3423 su·

146 3477 237 3567 scopi
260 3490 295 3545 ct
314 3477 386 3545 dixi
409 3500 565 3547 mecum:
596 3499 665 3547 non
699 3487 755 3546 cst
786 3474 919 3544 inertiae
946 3476 1059 3543 iocus:
1087 3474 1117 3543 si
1142 3470 1222 3565 quid

146 3600 204 3669 otii
231 3596 404 3688 supererit
429 3598 494 3666 istc
519 3597 697 3668 discutiet:
725 3615 874 3685 mugnus
898 3593 1011 3677 adest,
1037 3604 1074 3664 et
1100 3612 1223 3685 magno

146 3719 321 3790 curandus
355 3717 528 3810 impendio
559 3719 710 3789 dormire
742 3717 819 3786 totis
847 3714 1005 3785 noctibus
1031 3738 1101 3787 non
1129 3715 1222 3785 sinet.

152 3847 290 3916 Frustra
326 3842 458 3935 polletis
488 3852 548 3911 aut
578 3839 770 3911 connivetis
792 3839 896 3919 ocuti3
918 3838 1137 3927 rigitandum
1158 3846 1222 3919 est,

148 3966 400 4040 lucubrandum
425 3976 489 4036 est.
514 3966 657 4034 Frustra
681 3961 832 4054 quictem
866 3959 1100 4046 meditamini,
1133 3960 1226 4033 labo·

151 4090 295 4160 randum
318 4100 382 4158 est.
405 4089 531 4157 Verum
555 4086 684 4157 dicam:
706 4106 809 4154 neruo
829 4106 875 4152 cx
899 4083 1018 4153 amicis
1038 4083 1132 4153 ilium
1155 4082 1227 4153 siue

150 4209 375 4280 admiratione
409 4209 578 4301 respexit,
615 4207 747 4279 cunctis
775 4228 843 4276 uua
876 4227 962 4275 voce
997 4204 1226 4285 testantibus,

151 4352 327 4421 uunquam
351 4352 388 4401 se
411 4331 534 4400 tibrum
556 4331 642 4402 tanti
663 4330 817 4423 corporis
837 4328 985 4407 uidisse;
1003 4327 1096 4419 quod
1112 4328 1157 4399 de
1175 4348 1230 4397 me

152 4455 225 4545 ipse
240 4448 403 4545 profiteor
419 4474 532 4519 reruru
553 4452 670 4523 tatiurn
685 4450 778 4522 haud
798 4451 938 4520 ultimus
957 4449 1152 4541 inquisitor:
1167 4468 1231 4517 nee
