2738 5062
147 675 204 736 188
479 690 520 738 ns
541 688 642 736 nanus
663 687 883 736 aaururanruus

145 821 307 894 euntibus
322 821 368 893 ad
383 823 579 906 dexteram,
599 820 826 893 redeuntibus
846 822 891 895 ad
911 822 1100 909 sinistram,
1120 837 1215 898 suut:

145 946 236 1039 quod
256 942 332 1015 ideo
345 944 507 1029 dixerim,
527 965 570 1015 ne
591 943 790 1027 mireris,‚si
808 956 878 1016 tum
897 945 1011 1015 viator
1030 945 1151 1019 Cicero
1165 948 1216 1019 di·

147 1067 312 1137 verticula
332 1066 412 1137 licet
431 1089 566 1138 amoena
587 1089 655 1137 non
676 1065 770 1137 vidit.
799 1066 907 1136 Nemo
931 1065 1071 1159 quidem
1093 1078 1217 1163 praete

62 1196 67 1203 ’
146 1189 252 1272 riens,
268 1210 380 1273 nemo,
396 1188 460 1259 nisi
474 1200 569 1260 certo
581 1187 724 1260 consilio
737 1191 858 1260 volens
871 1187 1065 1283 sciensque,
1079 1212 1123 1263 eo
1138 1214 1216 1286 per-

145 1311 254 1394 venit,
288 1322 324 1383 et
356 1314 413 1382 vel
447 1313 642 1403 spectaculo
662 1310 764 1381 tontis
785 1310 927 1394 illectus,
962 1314 1019 1382 vel
1053 1311 1215 1387 studendi

144 1435 340 1528 otiandique
365 1434 552 1529 proposito,
575 1434 669 1527 quod
692 1454 796 1526 quam
819 1434 864 1505 sit
889 1456 1005 1505 rarum
1031 1435 1214 1528 intelliges,

146 1557 176 1628 si
193 1568 372 1650 poetarum
390 1561 446 1629 vel
463 1557 619 1629 honestis
637 1557 776 1628 omnino
790 1556 914 1628 studiis
927 1558 1126 1630 vacantium
1143 1560 1216 1631 ani-

146 1680 375 1752 madverteris
396 1682 581 1753 raritatem.
602 1679 769 1751 Delectari
791 1679 873 1750 mibi
895 1680 1011 1774 itaque
1037 1681 1139 1753 visus
1163 1695 1218 1755 est

145 1802 264 1874 Cicero
283 1815 318 1875 et
336 1804 459 1896 cupide
481 1826 614 1875 meeum
637 1824 727 1874 esse.
749 1802 878 1874 Decem
904 1803 950 1874 ibi
977 1827 1103 1900 nempe
1125 1815 1218 1877 tran-

144 1926 267 2016 quillos
288 1938 391 2019 atque
411 1926 540 1999 otiosos
560 1926 636 1997 dies
657 1925 803 2017 egimus.
827 1926 897 1997 lllic
912 1926 1021 2009 enim,
1043 1949 1217 2022 nusquam

143 2047 224 2117 alibi
244 2058 344 2118 extra
364 2050 507 2133 ltaliam,
530 2050 673 2142 respiro.
696 2048 806 2120 Habet
825 2059 941 2119 autem
971 2048 1038 2121 hoc
1070 2053 1216 2144 pretium

144 2170 272 2241 virtus:
289 2183 325 2242 et
342 2171 514 2242 solitudini
529 2171 757 2258 desiderium,
770 2181 806 2242 et
821 2172 1025 2264 frequentiae
1043 2173 1216 2247 fastidium

143 2293 264 2377 demit,
280 2295 335 2364 vel
353 2293 572 2364 densissimis
591 2292 700 2363 turbis
719 2293 888 2365 insuetam
906 2294 1073 2387 requiem,
1088 2298 1145 2366 vel
1157 2296 1219 2369 de-

144 2415 346 2486 sertissimis
369 2415 466 2484 silvis
488 2413 625 2484 turbam
646 2413 810 2484 nobilium
832 2438 993 2486 curarum
1015 2428 1121 2509 alque
1142 2418 1217 2489 illu·

144 2538 265 2608 strium
297 2538 458 2609 comitum
493 2548 665 2608 catervam
699 2535 798 2605 novit
830 2536 993 2609 inserere.
1023 2539 1216 2610 lunumeris

142 2661 244 2731 claris
264 2671 299 2732 et
317 2659 470 2753 egregiis
491 2660 576 2730 viris
592 2658 775 2730 comitatus
789 2670 863 2731 erat
876 2682 993 2733 comes
1011 2683 1122 2731 meus.
1137 2661 1214 2745 Sed,

144 2793 182 2855 ut
202 2785 318 2856 sileam
345 2784 481 2868 GraioS,
504 2807 550 2856 ex
570 2783 698 2855 nostris
722 2784 867 2855 aderant
895 2785 1037 2867 brutus,
1062 2783 1213 2867 Atticus,

143 2908 336 2980 Herennius
377 2908 600 2981 ciceronianis
638 2906 839 2979 muneribus
876 2904 1044 2996 insignes.
1085 2906 1216 2979 Aderat

142 3032 198 3102 vir
212 3034 366 3104 omnium
380 3034 601 3105 doctissimus
622 3032 759 3102 llareus
775 3031 896 3109 Varro,
914 3049 992 3097 cum
1010 3049 1080 3118 quo
1098 3029 1215 3101 Cicero
1235 3106 1241 3123 ,

142 3153 217 3247 ipse
245 3175 357 3245 vagus
389 3154 621 3226 academicum
655 3173 716 3223 rus
749 3150 897 3221 subibat.
931 3148 1086 3221 Aderant
1119 3153 1215 3223 Cotta

141 3286 177 3344 et
193 3275 346 3343 Velleius
362 3281 398 3341 et
415 3272 565 3343 Lucilius
586 3271 723 3355 Balbus
742 3294 820 3343 eum
838 3271 966 3363 quibus
983 3272 1134 3342 Deorum
1155 3295 1215 3344 na·

143 3407 254 3468 turam
276 3395 346 3465 acri
367 3393 482 3466 studio
504 3394 710 3485 vestigabat.
734 3394 885 3466 Aderant
902 3394 1061 3486 Nigidius
1078 3405 1116 3465 et
1133 3396 1213 3468 Cra·

144 3521 271 3615 tippus‚
290 3540 369 3589 cum
387 3517 513 3610 quibus
535 3527 669 3588 secreta
688 3528 835 3600 naturae,
855 3517 974 3590 mundi
991 3519 1211 3615 principium,

141 3653 245 3736 atque
281 3639 470 3712 essentiam
506 3639 705 3712 rimabatur.
745 3640 875 3712 Aderat
913 3641 1063 3725 Quintus
1097 3641 1213 3714 Cieem

140 3766 257 3844 irater,
279 3784 357 3833 cum
379 3782 447 3854 quo
466 3761 714 3833 divinationem
736 3764 901 3855 legesque
924 3763 1104 3834 tractabat.
1123 3764 1214 3837 Ade-

142 3896 194 3956 rat
219 3885 357 3957 Marcus
383 3885 500 3956 Cicero
522 3883 626 3970 iilius,
661 3884 812 3956 nondum
846 3884 941 3969 vilis,
975 3886 1030 3957 eui
1063 3887 1213 3960 dictabat

140 4008 262 4092 cilicia,
285 4009 369 4101 quid
391 4009 588 4092 honestum,
609 4008 693 4101 quid
718 4009 810 4091 utile,
832 4027 991 4100 quaenam
1025 4010 1113 4081 inter
1138 4012 1213 4083 haec

141 4131 216 4222 ipsa
246 4135 426 4205 contentio.
449 4133 603 4205 Aderant
621 4131 895 4226 eloquentissimi
928 4131 994 4203 viri
1028 4132 1208 4227 Sulpicius,

142 4252 301 4337 Crassus
326 4253 510 4340 Antonius
537 4278 613 4327 cum
641 4253 768 4348 quibus
794 4254 954 4325 oratoriae
988 4255 1211 4326 institutionis

142 4376 360 4448 scrutabatur
377 4400 549 4448 areanum.
569 4377 698 4450 Aderat
715 4380 797 4449 Cato
814 4378 995 4449 censorius
1017 4377 1072 4448 ille
1091 4400 1208 4459 senex,

141 4503 238 4573 ruins
281 4510 488 4573 senectutem
524 4502 716 4573 testimonio
748 4499 1018 4571 commendabat.
1059 4502 1210 4574 Aderant
