<?xml version="1.0" encoding="UTF-8"?>
<!DOCTYPE html PUBLIC "-//W3C//DTD XHTML 1.0 Transitional//EN"
    "http://www.w3.org/TR/xhtml1/DTD/xhtml1-transitional.dtd">
<html xmlns="http://www.w3.org/1999/xhtml" xml:lang="en" lang="en">
 <head>
  <title>
</title>
<meta http-equiv="Content-Type" content="text/html;charset=utf-8" />
  <meta name='ocr-system' content='tesseract 3.04.00' />
  <meta name='ocr-capabilities' content='ocr_page ocr_carea ocr_par ocr_line ocrx_word'/>
</head>
<body>
  <div class='ocr_page' id='page_1' title='image "./epistolaederebu02fracgoog_0242.png"; bbox 0 0 2738 5062; ppageno 0'>
   <div class='ocr_carea' id='block_1_1' title="bbox 321 333 328 347">
    <p class='ocr_par' dir='ltr' id='par_1_1' title="bbox 321 333 328 347">
     <span class='ocr_line' id='line_1_1' title="bbox 321 333 328 347; baseline 0 0"><span class='ocrx_word' id='word_1_1' title='bbox 321 333 328 347; x_wconf 57' lang='lat' dir='ltr'>Q</span> 
     </span>
    </p>
   </div>
   <div class='ocr_carea' id='block_1_2' title="bbox 322 672 1180 734">
    <p class='ocr_par' dir='ltr' id='par_1_2' title="bbox 322 672 1180 734">
     <span class='ocr_line' id='line_1_2' title="bbox 322 672 1180 734; baseline 0.007 -6"><span class='ocrx_word' id='word_1_2' title='bbox 322 678 415 729; x_wconf 74' lang='lat' dir='ltr'><strong>elasa</strong></span> <span class='ocrx_word' id='word_1_3' title='bbox 433 677 715 732; x_wconf 69' lang='lat' dir='ltr'><strong>uscfflttsasttatus</strong></span> <span class='ocrx_word' id='word_1_4' title='bbox 726 680 928 731; x_wconf 72' lang='lat' dir='ltr'><strong>-Eetsroua</strong></span> <span class='ocrx_word' id='word_1_5' title='bbox 951 684 979 730; x_wconf 87' lang='lat' dir='ltr'><strong>V.</strong></span> <span class='ocrx_word' id='word_1_6' title='bbox 1120 672 1180 734; x_wconf 69' lang='lat'><strong>233</strong></span> 
     </span>
    </p>
   </div>
   <div class='ocr_carea' id='block_1_3' title="bbox 107 812 1189 2874">
    <p class='ocr_par' dir='ltr' id='par_1_3' title="bbox 107 812 1189 2728">
     <span class='ocr_line' id='line_1_3' title="bbox 109 812 1180 908; baseline 0.007 -26"><span class='ocrx_word' id='word_1_7' title='bbox 109 812 202 905; x_wconf 79' lang='lat' dir='ltr'><strong>legit,</strong></span> <span class='ocrx_word' id='word_1_8' title='bbox 229 814 311 886; x_wconf 88' lang='lat' dir='ltr'><strong>volo</strong></span> <span class='ocrx_word' id='word_1_9' title='bbox 334 836 468 887; x_wconf 90' lang='lat' dir='ltr'><strong>mecum</strong></span> <span class='ocrx_word' id='word_1_10' title='bbox 503 814 558 887; x_wconf 91' lang='lat' dir='ltr'><strong>sit.</strong></span> <span class='ocrx_word' id='word_1_11' title='bbox 589 815 624 887; x_wconf 91' lang='lat' dir='ltr'><strong>Si</strong></span> <span class='ocrx_word' id='word_1_12' title='bbox 653 815 801 907; x_wconf 75' lang='lat' dir='ltr'><strong>negotiis</strong></span> <span class='ocrx_word' id='word_1_13' title='bbox 822 824 977 908; x_wconf 78' lang='lat' dir='ltr'><strong>urgetur,</strong></span> <span class='ocrx_word' id='word_1_14' title='bbox 1000 816 1180 889; x_wconf 88' lang='lat' dir='ltr'><strong>lectionem</strong></span> 
     </span>
     <span class='ocr_line' id='line_1_4' title="bbox 107 935 1183 1033; baseline 0.002 -25"><span class='ocrx_word' id='word_1_15' title='bbox 107 935 259 1021; x_wconf 79' lang='lat' dir='ltr'><strong>differat3</strong></span> <span class='ocrx_word' id='word_1_16' title='bbox 285 935 345 1009; x_wconf 90' lang='lat' dir='ltr'><strong>ubi</strong></span> <span class='ocrx_word' id='word_1_17' title='bbox 364 935 409 1011; x_wconf 87' lang='lat' dir='ltr'><strong>ad</strong></span> <span class='ocrx_word' id='word_1_18' title='bbox 434 936 619 1030; x_wconf 78' lang='lat' dir='ltr'><strong>legendum</strong></span> <span class='ocrx_word' id='word_1_19' title='bbox 639 940 839 1024; x_wconf 84' lang='lat' dir='ltr'><strong>accesserit,</strong></span> <span class='ocrx_word' id='word_1_20' title='bbox 861 940 1077 1032; x_wconf 78' lang='lat' dir='ltr'><strong>negotiorum</strong></span> <span class='ocrx_word' id='word_1_21' title='bbox 1098 961 1183 1033; x_wconf 90' lang='lat' dir='ltr'><strong>pou-</strong></span> 
     </span>
     <span class='ocr_line' id='line_1_5' title="bbox 107 1058 1183 1156; baseline 0.002 -26"><span class='ocrx_word' id='word_1_22' title='bbox 107 1058 173 1131; x_wconf 88' lang='lat' dir='ltr'><strong>dus</strong></span> <span class='ocrx_word' id='word_1_23' title='bbox 194 1070 235 1144; x_wconf 86' lang='lat' dir='ltr'><strong>et¹</strong></span> <span class='ocrx_word' id='word_1_24' title='bbox 250 1080 370 1132; x_wconf 90' lang='lat' dir='ltr'><strong>curam</strong></span> <span class='ocrx_word' id='word_1_25' title='bbox 391 1061 442 1133; x_wconf 92' lang='lat' dir='ltr'><strong>rei</strong></span> <span class='ocrx_word' id='word_1_26' title='bbox 461 1060 638 1155; x_wconf 79' lang='lat' dir='ltr'><strong>familiaris</strong></span> <span class='ocrx_word' id='word_1_27' title='bbox 658 1060 809 1147; x_wconf 90' lang='lat' dir='ltr'><strong>abiiciat,</strong></span> <span class='ocrx_word' id='word_1_28' title='bbox 829 1061 934 1155; x_wconf 90' lang='lat' dir='ltr'><strong>inque</strong></span> <span class='ocrx_word' id='word_1_29' title='bbox 952 1084 994 1134; x_wconf 87' lang='lat' dir='ltr'><strong>ea</strong></span> <span class='ocrx_word' id='word_1_30' title='bbox 1014 1083 1094 1156; x_wconf 86' lang='lat' dir='ltr'><strong>quae</strong></span> <span class='ocrx_word' id='word_1_31' title='bbox 1115 1060 1183 1133; x_wconf 91' lang='lat' dir='ltr'><strong>sub</strong></span> 
     </span>
     <span class='ocr_line' id='line_1_6' title="bbox 108 1181 1181 1280; baseline 0.001 -26"><span class='ocrx_word' id='word_1_32' title='bbox 108 1181 218 1256; x_wconf 91' lang='lat' dir='ltr'><strong>oculis</strong></span> <span class='ocrx_word' id='word_1_33' title='bbox 240 1191 335 1267; x_wconf 89' lang='lat' dir='ltr'><strong>suut,</strong></span> <span class='ocrx_word' id='word_1_34' title='bbox 356 1184 507 1255; x_wconf 89' lang='lat' dir='ltr'><strong>animum</strong></span> <span class='ocrx_word' id='word_1_35' title='bbox 532 1183 696 1256; x_wconf 84' lang='lat' dir='ltr'><strong>intendat.</strong></span> <span class='ocrx_word' id='word_1_36' title='bbox 723 1184 758 1256; x_wconf 94' lang='lat' dir='ltr'><strong>Si</strong></span> <span class='ocrx_word' id='word_1_37' title='bbox 782 1185 933 1259; x_wconf 89' lang='lat' dir='ltr'><strong>conditio</strong></span> <span class='ocrx_word' id='word_1_38' title='bbox 956 1207 1025 1257; x_wconf 80' lang='lat' dir='ltr'><strong>riou</strong></span> <span class='ocrx_word' id='word_1_39' title='bbox 1058 1187 1181 1280; x_wconf 87' lang='lat' dir='ltr'><strong>placet,</strong></span> 
     </span>
     <span class='ocr_line' id='line_1_7' title="bbox 108 1303 1185 1400; baseline 0.003 -25"><span class='ocrx_word' id='word_1_40' title='bbox 108 1303 289 1377; x_wconf 87' lang='lat' dir='ltr'><strong>inutilibus</strong></span> <span class='ocrx_word' id='word_1_41' title='bbox 307 1304 442 1398; x_wconf 90' lang='lat' dir='ltr'><strong>scriptis</strong></span> <span class='ocrx_word' id='word_1_42' title='bbox 459 1305 641 1381; x_wconf 88' lang='lat' dir='ltr'><strong>abstineat.</strong></span> <span class='ocrx_word' id='word_1_43' title='bbox 657 1308 744 1380; x_wconf 92' lang='lat' dir='ltr'><strong>Nolo</strong></span> <span class='ocrx_word' id='word_1_44' title='bbox 760 1329 828 1399; x_wconf 81' lang='lat' dir='ltr'><strong>ego</strong></span> <span class='ocrx_word' id='word_1_45' title='bbox 844 1310 971 1400; x_wconf 85' lang='lat' dir='ltr'><strong>pariter</strong></span> <span class='ocrx_word' id='word_1_46' title='bbox 987 1309 1185 1400; x_wconf 81' lang='lat' dir='ltr'><strong>negotiatur</strong></span> 
     </span>
     <span class='ocr_line' id='line_1_8' title="bbox 109 1408 1186 1524; baseline 0.001 -24"><span class='ocrx_word' id='word_1_47' title='bbox 109 1438 144 1500; x_wconf 88' lang='lat' dir='ltr'><strong>et</strong></span> <span class='ocrx_word' id='word_1_48' title='bbox 163 1424 319 1510; x_wconf 89' lang='lat' dir='ltr'><strong>studeat;</strong></span> <span class='ocrx_word' id='word_1_49' title='bbox 339 1429 418 1499; x_wconf 89' lang='lat' dir='ltr'><strong>uolo</strong></span> <span class='ocrx_word' id='word_1_50' title='bbox 438 1427 514 1500; x_wconf 89' lang='lat' dir='ltr'><strong>siue</strong></span> <span class='ocrx_word' id='word_1_51' title='bbox 532 1431 603 1502; x_wconf 92' lang='lat' dir='ltr'><strong>ullo</strong></span> <span class='ocrx_word' id='word_1_52' title='bbox 622 1408 740 1502; x_wconf 83' lang='lat' dir='ltr'><strong>labore</strong></span> <span class='ocrx_word' id='word_1_53' title='bbox 761 1430 925 1524; x_wconf 92' lang='lat' dir='ltr'><strong>percipiat</strong></span> <span class='ocrx_word' id='word_1_54' title='bbox 941 1452 1022 1523; x_wconf 87' lang='lat' dir='ltr'><strong>quae</strong></span> <span class='ocrx_word' id='word_1_55' title='bbox 1040 1431 1115 1501; x_wconf 89' lang='lat' dir='ltr'><strong>siue</strong></span> <span class='ocrx_word' id='word_1_56' title='bbox 1136 1433 1186 1501; x_wconf 92' lang='lat' dir='ltr'><strong>la-</strong></span> 
     </span>
     <span class='ocr_line' id='line_1_9' title="bbox 110 1549 1186 1645; baseline 0 -23"><span class='ocrx_word' id='word_1_57' title='bbox 110 1549 196 1623; x_wconf 89' lang='lat' dir='ltr'><strong>bore</strong></span> <span class='ocrx_word' id='word_1_58' title='bbox 215 1571 284 1622; x_wconf 89' lang='lat' dir='ltr'><strong>nou</strong></span> <span class='ocrx_word' id='word_1_59' title='bbox 306 1549 440 1642; x_wconf 80' lang='lat' dir='ltr'><strong>scripsi.</strong></span> <span class='ocrx_word' id='word_1_60' title='bbox 461 1551 531 1623; x_wconf 90' lang='lat' dir='ltr'><strong>Sed</strong></span> <span class='ocrx_word' id='word_1_61' title='bbox 547 1562 714 1645; x_wconf 81' lang='lat' dir='ltr'><strong>expectas</strong></span> <span class='ocrx_word' id='word_1_62' title='bbox 735 1551 863 1623; x_wconf 76' lang='lat' dir='ltr'><strong>linem?</strong></span> <span class='ocrx_word' id='word_1_63' title='bbox 879 1551 948 1622; x_wconf 83' lang='lat' dir='ltr'><strong>Vix</strong></span> <span class='ocrx_word' id='word_1_64' title='bbox 966 1552 1103 1624; x_wconf 89' lang='lat' dir='ltr'><strong>tandem</strong></span> <span class='ocrx_word' id='word_1_65' title='bbox 1122 1553 1186 1644; x_wconf 80' lang='lat' dir='ltr'><strong>igi-</strong></span> 
     </span>
     <span class='ocr_line' id='line_1_10' title="bbox 111 1670 1185 1767; baseline 0 -22"><span class='ocrx_word' id='word_1_66' title='bbox 111 1686 166 1745; x_wconf 90' lang='lat' dir='ltr'><strong>tur</strong></span> <span class='ocrx_word' id='word_1_67' title='bbox 186 1671 326 1745; x_wconf 86' lang='lat' dir='ltr'><strong>obtenta</strong></span> <span class='ocrx_word' id='word_1_68' title='bbox 345 1670 481 1746; x_wconf 87' lang='lat' dir='ltr'><strong>licentia</strong></span> <span class='ocrx_word' id='word_1_69' title='bbox 500 1683 570 1759; x_wconf 88' lang='lat' dir='ltr'><strong>est,</strong></span> <span class='ocrx_word' id='word_1_70' title='bbox 605 1686 643 1746; x_wconf 90' lang='lat' dir='ltr'><strong>ut</strong></span> <span class='ocrx_word' id='word_1_71' title='bbox 674 1675 759 1745; x_wconf 93' lang='lat' dir='ltr'><strong>mihi</strong></span> <span class='ocrx_word' id='word_1_72' title='bbox 783 1695 840 1745; x_wconf 88' lang='lat' dir='ltr'><strong>res</strong></span> <span class='ocrx_word' id='word_1_73' title='bbox 860 1695 957 1744; x_wconf 87' lang='lat' dir='ltr'><strong>meas</strong></span> <span class='ocrx_word' id='word_1_74' title='bbox 978 1696 1095 1767; x_wconf 81' lang='lat' dir='ltr'><strong>agam3</strong></span> <span class='ocrx_word' id='word_1_75' title='bbox 1115 1697 1185 1767; x_wconf 88' lang='lat' dir='ltr'><strong>qua</strong></span> 
     </span>
     <span class='ocr_line' id='line_1_11' title="bbox 112 1793 1185 1889; baseline 0.001 -22"><span class='ocrx_word' id='word_1_76' title='bbox 112 1794 163 1867; x_wconf 90' lang='lat' dir='ltr'><strong>sic</strong></span> <span class='ocrx_word' id='word_1_77' title='bbox 182 1795 234 1866; x_wconf 91' lang='lat' dir='ltr'><strong>uti</strong></span> <span class='ocrx_word' id='word_1_78' title='bbox 253 1794 381 1886; x_wconf 78' lang='lat' dir='ltr'><strong>cogito,</strong></span> <span class='ocrx_word' id='word_1_79' title='bbox 408 1806 447 1867; x_wconf 92' lang='lat' dir='ltr'><strong>ut</strong></span> <span class='ocrx_word' id='word_1_80' title='bbox 470 1793 515 1867; x_wconf 92' lang='lat' dir='ltr'><strong>de</strong></span> <span class='ocrx_word' id='word_1_81' title='bbox 541 1818 676 1868; x_wconf 90' lang='lat' dir='ltr'><strong>summa</strong></span> <span class='ocrx_word' id='word_1_82' title='bbox 703 1818 819 1868; x_wconf 90' lang='lat' dir='ltr'><strong>rerum</strong></span> <span class='ocrx_word' id='word_1_83' title='bbox 845 1796 990 1889; x_wconf 90' lang='lat' dir='ltr'><strong>posthac</strong></span> <span class='ocrx_word' id='word_1_84' title='bbox 1014 1796 1185 1868; x_wconf 88' lang='lat' dir='ltr'><strong>neminem</strong></span> 
     </span>
     <span class='ocr_line' id='line_1_12' title="bbox 111 1916 1184 2013; baseline -0.001 -24"><span class='ocrx_word' id='word_1_85' title='bbox 111 1916 197 1989; x_wconf 91' lang='lat' dir='ltr'><strong>mihi</strong></span> <span class='ocrx_word' id='word_1_86' title='bbox 229 1920 424 2011; x_wconf 69' lang='lat' dir='ltr'><strong>praeferam,</strong></span> <span class='ocrx_word' id='word_1_87' title='bbox 459 1918 563 1990; x_wconf 90' lang='lat' dir='ltr'><strong>nullis</strong></span> <span class='ocrx_word' id='word_1_88' title='bbox 596 1918 784 1991; x_wconf 90' lang='lat' dir='ltr'><strong>amicorum</strong></span> <span class='ocrx_word' id='word_1_89' title='bbox 818 1917 979 2013; x_wconf 83' lang='lat' dir='ltr'><strong>precibus</strong></span> <span class='ocrx_word' id='word_1_90' title='bbox 1011 1917 1184 2001; x_wconf 85' lang='lat' dir='ltr'><strong>inflectar,</strong></span> 
     </span>
     <span class='ocr_line' id='line_1_13' title="bbox 112 2041 1188 2136; baseline 0.002 -27"><span class='ocrx_word' id='word_1_91' title='bbox 112 2041 206 2111; x_wconf 88' lang='lat' dir='ltr'><strong>nulla</strong></span> <span class='ocrx_word' id='word_1_92' title='bbox 230 2062 384 2132; x_wconf 88' lang='lat' dir='ltr'><strong>uuquam</strong></span> <span class='ocrx_word' id='word_1_93' title='bbox 410 2062 484 2134; x_wconf 85' lang='lat' dir='ltr'><strong>spa,</strong></span> <span class='ocrx_word' id='word_1_94' title='bbox 510 2042 605 2114; x_wconf 90' lang='lat' dir='ltr'><strong>nullo</strong></span> <span class='ocrx_word' id='word_1_95' title='bbox 629 2042 738 2136; x_wconf 90' lang='lat' dir='ltr'><strong>pretio</strong></span> <span class='ocrx_word' id='word_1_96' title='bbox 762 2041 972 2115; x_wconf 89' lang='lat' dir='ltr'><strong>committam</strong></span> <span class='ocrx_word' id='word_1_97' title='bbox 993 2051 1033 2112; x_wconf 91' lang='lat' dir='ltr'><strong>ut</strong></span> <span class='ocrx_word' id='word_1_98' title='bbox 1052 2041 1188 2136; x_wconf 92' lang='lat' dir='ltr'><strong>pericli-</strong></span> 
     </span>
     <span class='ocr_line' id='line_1_14' title="bbox 113 2161 1187 2257; baseline -0.001 -22"><span class='ocrx_word' id='word_1_99' title='bbox 113 2161 218 2235; x_wconf 84' lang='lat' dir='ltr'><strong>tanda</strong></span> <span class='ocrx_word' id='word_1_100' title='bbox 237 2163 361 2235; x_wconf 87' lang='lat' dir='ltr'><strong>iterum</strong></span> <span class='ocrx_word' id='word_1_101' title='bbox 382 2164 428 2236; x_wconf 91' lang='lat' dir='ltr'><strong>sit</strong></span> <span class='ocrx_word' id='word_1_102' title='bbox 447 2164 600 2236; x_wconf 91' lang='lat' dir='ltr'><strong>libertas.</strong></span> <span class='ocrx_word' id='word_1_103' title='bbox 619 2166 691 2238; x_wconf 90' lang='lat' dir='ltr'><strong>Hoc</strong></span> <span class='ocrx_word' id='word_1_104' title='bbox 708 2164 783 2252; x_wconf 93' lang='lat' dir='ltr'><strong>tibi,</strong></span> <span class='ocrx_word' id='word_1_105' title='bbox 802 2166 924 2251; x_wconf 87' lang='lat' dir='ltr'><strong>amice,</strong></span> <span class='ocrx_word' id='word_1_106' title='bbox 943 2189 1011 2238; x_wconf 89' lang='lat' dir='ltr'><strong>ucu</strong></span> <span class='ocrx_word' id='word_1_107' title='bbox 1031 2166 1187 2257; x_wconf 79' lang='lat' dir='ltr'><strong>ignotum</strong></span> 
     </span>
     <span class='ocr_line' id='line_1_15' title="bbox 115 2286 1189 2381; baseline 0.002 -24"><span class='ocrx_word' id='word_1_108' title='bbox 115 2286 221 2371; x_wconf 88' lang='lat' dir='ltr'><strong>volui,</strong></span> <span class='ocrx_word' id='word_1_109' title='bbox 253 2297 292 2358; x_wconf 92' lang='lat' dir='ltr'><strong>ut</strong></span> <span class='ocrx_word' id='word_1_110' title='bbox 323 2297 452 2359; x_wconf 85' lang='lat' dir='ltr'><strong>statum</strong></span> <span class='ocrx_word' id='word_1_111' title='bbox 472 2288 697 2381; x_wconf 84' lang='lat' dir='ltr'><strong>praeseutium</strong></span> <span class='ocrx_word' id='word_1_112' title='bbox 726 2310 843 2360; x_wconf 91' lang='lat' dir='ltr'><strong>rerum</strong></span> <span class='ocrx_word' id='word_1_113' title='bbox 867 2299 903 2360; x_wconf 92' lang='lat' dir='ltr'><strong>et</strong></span> <span class='ocrx_word' id='word_1_114' title='bbox 927 2287 1126 2361; x_wconf 84' lang='lat' dir='ltr'><strong>miserearis</strong></span> <span class='ocrx_word' id='word_1_115' title='bbox 1152 2298 1189 2359; x_wconf 88' lang='lat' dir='ltr'><strong>et</strong></span> 
     </span>
     <span class='ocr_line' id='line_1_16' title="bbox 116 2407 1189 2505; baseline -0.001 -24"><span class='ocrx_word' id='word_1_116' title='bbox 116 2407 247 2481; x_wconf 85' lang='lat' dir='ltr'><strong>rideas:</strong></span> <span class='ocrx_word' id='word_1_117' title='bbox 268 2407 371 2481; x_wconf 90' lang='lat' dir='ltr'><strong>simul</strong></span> <span class='ocrx_word' id='word_1_118' title='bbox 391 2420 430 2481; x_wconf 93' lang='lat' dir='ltr'><strong>ut</strong></span> <span class='ocrx_word' id='word_1_119' title='bbox 449 2409 496 2481; x_wconf 89' lang='lat' dir='ltr'><strong>illi</strong></span> <span class='ocrx_word' id='word_1_120' title='bbox 517 2411 647 2503; x_wconf 78' lang='lat' dir='ltr'><strong>gratias</strong></span> <span class='ocrx_word' id='word_1_121' title='bbox 668 2433 803 2484; x_wconf 90' lang='lat' dir='ltr'><strong>mecum</strong></span> <span class='ocrx_word' id='word_1_122' title='bbox 824 2433 910 2503; x_wconf 78' lang='lat' dir='ltr'><strong>agas</strong></span> <span class='ocrx_word' id='word_1_123' title='bbox 936 2412 996 2505; x_wconf 92' lang='lat' dir='ltr'><strong>qui</strong></span> <span class='ocrx_word' id='word_1_124' title='bbox 1022 2433 1077 2483; x_wconf 88' lang='lat' dir='ltr'><strong>me</strong></span> <span class='ocrx_word' id='word_1_125' title='bbox 1102 2433 1189 2505; x_wconf 91' lang='lat' dir='ltr'><strong>opu-</strong></span> 
     </span>
     <span class='ocr_line' id='line_1_17' title="bbox 117 2532 1189 2627; baseline 0 -26"><span class='ocrx_word' id='word_1_126' title='bbox 117 2532 207 2603; x_wconf 90' lang='lat' dir='ltr'><strong>leuto</strong></span> <span class='ocrx_word' id='word_1_127' title='bbox 223 2553 265 2604; x_wconf 91' lang='lat' dir='ltr'><strong>ac</strong></span> <span class='ocrx_word' id='word_1_128' title='bbox 285 2532 481 2627; x_wconf 83' lang='lat' dir='ltr'><strong>splendido,</strong></span> <span class='ocrx_word' id='word_1_129' title='bbox 504 2535 568 2607; x_wconf 86' lang='lat' dir='ltr'><strong>sed</strong></span> <span class='ocrx_word' id='word_1_130' title='bbox 587 2534 701 2627; x_wconf 81' lang='lat' dir='ltr'><strong>gravi,</strong></span> <span class='ocrx_word' id='word_1_131' title='bbox 724 2534 842 2606; x_wconf 91' lang='lat' dir='ltr'><strong>multis</strong></span> <span class='ocrx_word' id='word_1_132' title='bbox 860 2534 939 2606; x_wconf 92' lang='lat' dir='ltr'><strong>licet</strong></span> <span class='ocrx_word' id='word_1_133' title='bbox 959 2545 1091 2627; x_wconf 89' lang='lat' dir='ltr'><strong>optato,</strong></span> <span class='ocrx_word' id='word_1_134' title='bbox 1115 2554 1189 2604; x_wconf 87' lang='lat' dir='ltr'><strong>ser-</strong></span> 
     </span>
     <span class='ocr_line' id='line_1_18' title="bbox 119 2652 504 2728; baseline 0.008 -3"><span class='ocrx_word' id='word_1_135' title='bbox 119 2653 198 2727; x_wconf 82' lang='lat' dir='ltr'><strong>vitio</strong></span> <span class='ocrx_word' id='word_1_136' title='bbox 217 2652 387 2726; x_wconf 87' lang='lat' dir='ltr'><strong>liberavit.</strong></span> <span class='ocrx_word' id='word_1_137' title='bbox 408 2656 504 2728; x_wconf 90' lang='lat' dir='ltr'><strong>Vale.</strong></span> 
     </span>
    </p>

    <p class='ocr_par' dir='ltr' id='par_1_4' title="bbox 256 2799 513 2874">
     <span class='ocr_line' id='line_1_19' title="bbox 256 2799 513 2874; baseline 0.016 -20"><span class='ocrx_word' id='word_1_138' title='bbox 256 2801 290 2856; x_wconf 82' lang='lat' dir='ltr'><strong>V.</strong></span> <span class='ocrx_word' id='word_1_139' title='bbox 306 2799 373 2857; x_wconf 83' lang='lat' dir='ltr'><strong>Idus</strong></span> <span class='ocrx_word' id='word_1_140' title='bbox 386 2802 513 2874; x_wconf 71' lang='lat' dir='ltr'><strong>Augusti.</strong></span> 
     </span>
    </p>
   </div>
   <div class='ocr_carea' id='block_1_4' title="bbox 532 3225 774 3293">
    <p class='ocr_par' dir='ltr' id='par_1_5' title="bbox 532 3225 774 3293">
     <span class='ocr_line' id='line_1_20' title="bbox 532 3225 774 3293; baseline 0.004 -3"><span class='ocrx_word' id='word_1_141' title='bbox 532 3225 709 3293; x_wconf 79' lang='lat' dir='ltr'><strong>El‘lSTOLrl</strong></span> <span class='ocrx_word' id='word_1_142' title='bbox 730 3226 774 3291; x_wconf 89' lang='lat' dir='ltr'><strong>Vl.</strong></span> 
     </span>
    </p>
   </div>
   <div class='ocr_carea' id='block_1_5' title="bbox 192 3419 1109 3577">
    <p class='ocr_par' dir='ltr' id='par_1_6' title="bbox 192 3419 1109 3577">
     <span class='ocr_line' id='line_1_21' title="bbox 192 3419 1109 3472; baseline 0.001 -1"><span class='ocrx_word' id='word_1_143' title='bbox 192 3419 388 3472; x_wconf 77' lang='lat' dir='ltr'><strong>raarrmscus</strong></span> <span class='ocrx_word' id='word_1_144' title='bbox 408 3420 576 3470; x_wconf 78' lang='lat' dir='ltr'><strong>arrarum</strong></span> <span class='ocrx_word' id='word_1_145' title='bbox 596 3420 771 3471; x_wconf 83' lang='lat' dir='ltr'><strong>raaucrsco</strong></span> <span class='ocrx_word' id='word_1_146' title='bbox 792 3420 899 3470; x_wconf 81' lang='lat' dir='ltr'><strong>aarum</strong></span> <span class='ocrx_word' id='word_1_147' title='bbox 919 3420 1109 3472; x_wconf 78' lang='lat' dir='ltr'><strong>srucrcuuu</strong></span> 
     </span>
     <span class='ocr_line' id='line_1_22' title="bbox 447 3496 846 3577; baseline 0.005 -3"><span class='ocrx_word' id='word_1_148' title='bbox 447 3496 698 3577; x_wconf 74' lang='lat' dir='ltr'><strong>&#39;lrosrcucauu</strong></span> <span class='ocrx_word' id='word_1_149' title='bbox 718 3527 745 3577; x_wconf 87' lang='lat' dir='ltr'><strong>s.</strong></span> <span class='ocrx_word' id='word_1_150' title='bbox 767 3528 794 3576; x_wconf 85' lang='lat' dir='ltr'><strong>r.</strong></span> <span class='ocrx_word' id='word_1_151' title='bbox 815 3528 846 3576; x_wconf 88' lang='lat' dir='ltr'><strong>u.</strong></span> 
     </span>
    </p>
   </div>
   <div class='ocr_carea' id='block_1_6' title="bbox 108 3700 1193 3958">
    <p class='ocr_par' dir='ltr' id='par_1_7' title="bbox 108 3700 1193 3958">
     <span class='ocr_line' id='line_1_23' title="bbox 108 3700 1192 3778; baseline 0 -17"><span class='ocrx_word' id='word_1_152' title='bbox 108 3700 182 3770; x_wconf 77' lang='lat' dir='ltr'><strong>Quae</strong></span> <span class='ocrx_word' id='word_1_153' title='bbox 196 3704 233 3760; x_wconf 88' lang='lat' dir='ltr'><strong>sit</strong></span> <span class='ocrx_word' id='word_1_154' title='bbox 247 3710 392 3777; x_wconf 85' lang='lat' dir='ltr'><strong>poetarum</strong></span> <span class='ocrx_word' id='word_1_155' title='bbox 406 3706 518 3773; x_wconf 82' lang='lat' dir='ltr'><strong>raritas,</strong></span> <span class='ocrx_word' id='word_1_156' title='bbox 532 3710 559 3760; x_wconf 87' lang='lat' dir='ltr'><strong>et</strong></span> <span class='ocrx_word' id='word_1_157' title='bbox 573 3722 635 3777; x_wconf 74' lang='lat' dir='ltr'><strong>quaa</strong></span> <span class='ocrx_word' id='word_1_158' title='bbox 653 3704 904 3778; x_wconf 87' lang='lat' dir='ltr'><strong>pseudopoetarum</strong></span> <span class='ocrx_word' id='word_1_159' title='bbox 921 3703 1002 3760; x_wconf 89' lang='lat' dir='ltr'><strong>turba</strong></span> <span class='ocrx_word' id='word_1_160' title='bbox 1020 3704 1192 3761; x_wconf 71' lang='lat' dir='ltr'><strong>Ascalonem</strong></span> 
     </span>
     <span class='ocr_line' id='line_1_24' title="bbox 204 3794 1193 3868; baseline 0.001 -20"><span class='ocrx_word' id='word_1_161' title='bbox 204 3794 346 3849; x_wconf 79' lang='lat' dir='ltr'><strong>invaserit.</strong></span> <span class='ocrx_word' id='word_1_162' title='bbox 361 3794 506 3849; x_wconf 86' lang='lat' dir='ltr'><strong>Nicolaum</strong></span> <span class='ocrx_word' id='word_1_163' title='bbox 517 3794 658 3850; x_wconf 84' lang='lat' dir='ltr'><strong>Laurentii</strong></span> <span class='ocrx_word' id='word_1_164' title='bbox 669 3812 702 3850; x_wconf 90' lang='lat' dir='ltr'><strong>eo</strong></span> <span class='ocrx_word' id='word_1_165' title='bbox 715 3795 744 3850; x_wconf 88' lang='lat' dir='ltr'><strong>in</strong></span> <span class='ocrx_word' id='word_1_166' title='bbox 758 3795 875 3850; x_wconf 83' lang='lat' dir='ltr'><strong>vinculis</strong></span> <span class='ocrx_word' id='word_1_167' title='bbox 893 3794 1043 3850; x_wconf 89' lang='lat' dir='ltr'><strong>adductum</strong></span> <span class='ocrx_word' id='word_1_168' title='bbox 1062 3794 1115 3850; x_wconf 88' lang='lat' dir='ltr'><strong>sub</strong></span> <span class='ocrx_word' id='word_1_169' title='bbox 1129 3812 1193 3868; x_wconf 85' lang='lat' dir='ltr'><strong>pcc-</strong></span> 
     </span>
     <span class='ocr_line' id='line_1_25' title="bbox 204 3880 956 3958; baseline 0.003 -20"><span class='ocrx_word' id='word_1_170' title='bbox 204 3883 266 3939; x_wconf 80' lang='lat' dir='ltr'><strong>ticae</strong></span> <span class='ocrx_word' id='word_1_171' title='bbox 279 3880 370 3939; x_wconf 83' lang='lat' dir='ltr'><strong>laudis</strong></span> <span class='ocrx_word' id='word_1_172' title='bbox 382 3881 496 3939; x_wconf 84' lang='lat' dir='ltr'><strong>obtentu</strong></span> <span class='ocrx_word' id='word_1_173' title='bbox 511 3885 633 3941; x_wconf 81' lang='lat' dir='ltr'><strong>solutum</strong></span> <span class='ocrx_word' id='word_1_174' title='bbox 646 3886 848 3958; x_wconf 85' lang='lat' dir='ltr'><strong>dimissumque</strong></span> <span class='ocrx_word' id='word_1_175' title='bbox 860 3885 956 3941; x_wconf 81' lang='lat' dir='ltr'><strong>luisse.</strong></span> 
     </span>
    </p>
   </div>
   <div class='ocr_carea' id='block_1_7' title="bbox 105 4127 1194 4591">
    <p class='ocr_par' dir='ltr' id='par_1_8' title="bbox 105 4127 1194 4591">
     <span class='ocr_line' id='line_1_26' title="bbox 215 4127 1193 4224; baseline 0.002 -24"><span class='ocrx_word' id='word_1_176' title='bbox 215 4128 307 4213; x_wconf 88' lang='lat' dir='ltr'><strong>Quid</strong></span> <span class='ocrx_word' id='word_1_177' title='bbox 339 4133 529 4224; x_wconf 80' lang='lat' dir='ltr'><strong>expectas?</strong></span> <span class='ocrx_word' id='word_1_178' title='bbox 559 4129 733 4200; x_wconf 80' lang='lat' dir='ltr'><strong>Audireue</strong></span> <span class='ocrx_word' id='word_1_179' title='bbox 757 4129 927 4221; x_wconf 92' lang='lat' dir='ltr'><strong>reliquum</strong></span> <span class='ocrx_word' id='word_1_180' title='bbox 954 4127 1122 4220; x_wconf 71' lang='lat' dir='ltr'><strong>proximae</strong></span> <span class='ocrx_word' id='word_1_181' title='bbox 1148 4130 1193 4202; x_wconf 91' lang='lat' dir='ltr'><strong>ad</strong></span> 
     </span>
     <span class='ocr_line' id='line_1_27' title="bbox 105 4250 1194 4347; baseline -0.004 -21"><span class='ocrx_word' id='word_1_182' title='bbox 105 4259 149 4326; x_wconf 81' lang='lat' dir='ltr'><strong>tc</strong></span> <span class='ocrx_word' id='word_1_183' title='bbox 171 4251 364 4347; x_wconf 87' lang='lat' dir='ltr'><strong>superioris</strong></span> <span class='ocrx_word' id='word_1_184' title='bbox 384 4253 540 4347; x_wconf 85' lang='lat' dir='ltr'><strong>epistolae</strong></span> <span class='ocrx_word' id='word_1_185' title='bbox 562 4252 652 4323; x_wconf 88' lang='lat' dir='ltr'><strong>unde</strong></span> <span class='ocrx_word' id='word_1_186' title='bbox 683 4250 769 4322; x_wconf 84' lang='lat' dir='ltr'><strong>fleas</strong></span> <span class='ocrx_word' id='word_1_187' title='bbox 802 4262 837 4322; x_wconf 88' lang='lat' dir='ltr'><strong>et</strong></span> <span class='ocrx_word' id='word_1_188' title='bbox 869 4250 1006 4322; x_wconf 73' lang='lat' dir='ltr'><strong>rideas?</strong></span> <span class='ocrx_word' id='word_1_189' title='bbox 1025 4250 1078 4321; x_wconf 87' lang='lat' dir='ltr'><strong>Nil</strong></span> <span class='ocrx_word' id='word_1_190' title='bbox 1099 4262 1194 4322; x_wconf 87' lang='lat' dir='ltr'><strong>carte</strong></span> 
     </span>
     <span class='ocr_line' id='line_1_28' title="bbox 107 4373 1191 4469; baseline -0.006 -20"><span class='ocrx_word' id='word_1_191' title='bbox 107 4396 212 4449; x_wconf 86' lang='lat' dir='ltr'><strong>nunc</strong></span> <span class='ocrx_word' id='word_1_192' title='bbox 231 4375 346 4447; x_wconf 90' lang='lat' dir='ltr'><strong>maius</strong></span> <span class='ocrx_word' id='word_1_193' title='bbox 366 4374 479 4447; x_wconf 88' lang='lat' dir='ltr'><strong>habeo</strong></span> <span class='ocrx_word' id='word_1_194' title='bbox 500 4375 594 4469; x_wconf 89' lang='lat' dir='ltr'><strong>quod</strong></span> <span class='ocrx_word' id='word_1_195' title='bbox 615 4397 733 4466; x_wconf 80' lang='lat' dir='ltr'><strong>agam:</strong></span> <span class='ocrx_word' id='word_1_196' title='bbox 755 4373 860 4445; x_wconf 86' lang='lat' dir='ltr'><strong>immo</strong></span> <span class='ocrx_word' id='word_1_197' title='bbox 880 4396 964 4446; x_wconf 83' lang='lat' dir='ltr'><strong>vero</strong></span> <span class='ocrx_word' id='word_1_198' title='bbox 984 4377 1106 4445; x_wconf 91' lang='lat' dir='ltr'><strong>multa:</strong></span> <span class='ocrx_word' id='word_1_199' title='bbox 1128 4374 1191 4444; x_wconf 91' lang='lat' dir='ltr'><strong>sed</strong></span> 
     </span>
     <span class='ocr_line' id='line_1_29' title="bbox 111 4496 1193 4591; baseline -0.007 -20"><span class='ocrx_word' id='word_1_200' title='bbox 111 4497 312 4571; x_wconf 88' lang='lat' dir='ltr'><strong>maioribus</strong></span> <span class='ocrx_word' id='word_1_201' title='bbox 332 4497 532 4571; x_wconf 84' lang='lat' dir='ltr'><strong>incumbere</strong></span> <span class='ocrx_word' id='word_1_202' title='bbox 544 4498 652 4569; x_wconf 90' lang='lat' dir='ltr'><strong>breve</strong></span> <span class='ocrx_word' id='word_1_203' title='bbox 667 4509 802 4591; x_wconf 83' lang='lat' dir='ltr'><strong>tempus</strong></span> <span class='ocrx_word' id='word_1_204' title='bbox 815 4507 922 4581; x_wconf 88' lang='lat' dir='ltr'><strong>vetat,</strong></span> <span class='ocrx_word' id='word_1_205' title='bbox 939 4496 1042 4588; x_wconf 85' lang='lat' dir='ltr'><strong>idque</strong></span> <span class='ocrx_word' id='word_1_206' title='bbox 1055 4518 1122 4566; x_wconf 91' lang='lat' dir='ltr'><strong>non</strong></span> <span class='ocrx_word' id='word_1_207' title='bbox 1137 4505 1193 4564; x_wconf 89' lang='lat' dir='ltr'><strong>sat</strong></span> 
     </span>
    </p>
   </div>
   <div class='ocr_carea' id='block_1_8' title="bbox 0 0 1401 5062">
    <p class='ocr_par' dir='ltr' id='par_1_9' title="bbox 0 0 1401 5062">
     <span class='ocr_line' id='line_1_30' title="bbox 0 0 1401 5062; baseline 0 0"><span class='ocrx_word' id='word_1_208' title='bbox 0 0 1401 5062; x_wconf 95' lang='lat' dir='ltr'><strong> </strong></span> 
     </span>
    </p>
   </div>
  </div>
 </body>
</html>
