2738 5062
348 691 441 742 LlllEll
465 689 715 741 nonusnsttttws.
726 690 930 740 -ut’tssott
953 692 1015 742 XVI.
1166 680 1221 741 5ῦῖ

144 836 327 925 praetcreo,
350 829 397 899 nil
421 829 455 898 in
482 826 630 898 transitu
654 828 791 922 patiens
817 849 887 922 quo
912 828 1046 921 latiger.
1081 829 1151 899 lam
1178 829 1224 901 dc

143 952 286 1045 reliquis
304 959 340 1022 et
360 949 499 1022 brevior
518 960 554 1019 et
574 949 686 1020 notior
720 946 779 1018 tibi
804 950 885 1052 olim
911 951 1055 1022 historia
1081 962 1145 1024 est.
1172 951 1225 1023 Ne

141 1074 227 1167 quid
247 1083 361 1145 tamen
383 1072 541 1144 variante
560 1073 712 1157 lortuoa,
729 1080 767 1142 ut
786 1071 839 1156 fit,
859 1074 904 1145 de
921 1072 1060 1146 vivendi
1077 1095 1226 1147 consue·
1331 1125 1332 1129 η

144 1196 262 1270 tudine
280 1194 501 1266 immutatum
521 1193 719 1289 suspiceris,
743 1196 803 1289 qui
823 1196 955 1268 luerem
977 1219 1071 1268 sum:
1093 1198 1222 1275 victum

142 1340 260 1391 meum
276 1319 383 1402 nosti,
400 1338 562 1388 somnum
579 1339 731 1410 quoque.
750 1318 812 1388 llis
831 1329 867 1391 ul
883 1321 1011 1392 addam
1031 1323 1122 1393 nulla
1139 1320 1224 1391 mihi

143 1465 296 1537 unquam
315 1444 453 1514 fortuna
473 1440 638 1545 suaserit:
659 1439 763 1513 demo
783 1443 899 1535 potius
918 1444 1050 1536 aliquid
1076 1445 1110 1515 iu
1131 1444 1221 1530 dies,

142 1566 280 1659 iamque
311 1585 354 1637 co
385 1574 593 1658 perventum
625 1571 681 1634 est
714 1574 752 1635 ut
783 1565 955 1637 modicum
982 1565 1074 1637 demi
1100 1567 1221 1659 possit.

140 1688 297 1779 Denique
317 1706 387 1758 non
407 1686 437 1756 si
459 1685 568 1777 regiae
593 1706 678 1777 opes
710 1685 934 1769 advenerint,
956 1696 1017 1759 aut
1047 1710 1068 1758 e
1101 1707 1223 1760 mensa

141 1807 372 1899 frugalitatem
392 1809 520 1902 pellere
540 1816 716 1902 poterunt,
739 1806 853 1879 autin
877 1807 1075 1881 cubiculum
1101 1811 1223 1900 longos

143 1944 284 2002 somnos
313 1950 503 2001 arcessere.
539 1929 725 2023 Nunquam
758 1951 813 2000 me
847 1951 973 2002 sanum
1005 1953 1046 2003 ac
1078 1930 1221 2022 vigilem

141 2052 250 2124 lectus
271 2049 386 2134 habet,
410 2072 586 2145 nunquam
608 2050 674 2122 nisi
696 2072 792 2144 aeger
811 2061 872 2123 aut
892 2052 1079 2138 dormiens,
1103 2052 1222 2125 stratis

143 2192 275 2244 versor.
309 2173 419 2244 Simul
450 2185 486 2244 et
519 2194 576 2244 me
609 2151 754 2244 somnus
778 2184 813 2245 et
838 2195 907 2267 ego
931 2177 1056 2247 lectum
1081 2175 1221 2247 desero.

141 2295 306 2366 Somnum
324 2293 426 2366 morti
442 2304 479 2363 et
495 2294 658 2365 lectulum
671 2295 778 2367 busto
791 2292 1002 2367 simillimum
1018 2295 1121 2368 duco.
1136 2294 1223 2367 Cum

141 2436 325 2510 supremus
346 2436 450 2509 sopor
466 2416 678 2511 obrepserit,
702 2419 789 2488 satis
809 2439 986 2512 superque
1007 2419 1042 2488 in
1062 2417 1249 2489 cubiculo·

142 2548 255 2611 terreo
268 2558 332 2610 seu
346 2559 454 2610 saxeo
469 2537 677 2624 iacebimus3
691 2540 726 2612 id
739 2540 912 2611 meditans
925 2541 1086 2610 lectulum
1104 2558 1222 2609 meum

141 2661 215 2748 odi,
237 2661 283 2733 ad
302 2661 398 2733 illum
420 2659 486 2732 nisi
513 2671 660 2752 urgente
685 2661 890 2733 necessitate
917 2681 985 2732 nou
1012 2656 1134 2742 reden,
1156 2656 1222 2730 sed

140 2785 266 2857 abillo
291 2807 390 2871 mox,
417 2794 456 2855 ut
480 2804 535 2855 me
560 2793 696 2854 naturae
716 2783 841 2854 vinclis
861 2781 1064 2876 explicitum
1090 2778 1219 2866 sentio,

140 2909 430 2981 intercunctanter
455 2907 602 2991 avellor,
631 2907 735 2998 ioque
759 2904 1004 2978 bibliothecam
1030 2904 1077 2976 illi
1101 2903 1222 2998 pmxi-

140 3053 231 3103 mam
257 3032 362 3103 »velut
392 3031 427 3101 in
459 3052 576 3101 arcem
609 3029 714 3120 lugio.
742 3027 796 3100 Fit
820 3028 886 3100 hoc
911 3028 1000 3099 iuter
1017 3047 1081 3097 nos
1102 3023 1219 3096 media

140 3163 241 3225 nocte
257 3151 457 3224 divortium.
476 3149 578 3236 Quod
596 3151 625 3224 si
642 3149 784 3244 quaudo
800 3152 889 3222 torte
904 3151 962 3221 vel
979 3169 1050 3220 nox
1067 3146 1218 3231 brevior,

140 3275 195 3345 vel
217 3273 346 3366 vigiliae
365 3273 541 3366 longiores
562 3294 680 3347 moras
702 3273 886 3358 traxerint,
905 3284 943 3345 at
962 3276 1115 3365 prolecto
1131 3292 1221 3341 nun-

139 3418 244 3491 quam
266 3395 369 3469 simul
388 3418 514 3469 aurora
532 3419 597 3468 nos
617 3396 761 3468 invenit.
781 3396 961 3468 Postremo
980 3395 1092 3468 modis
1110 3392 1221 3468 omni-

140 3516 207 3591 bus
223 3520 327 3604 nitor,
350 3540 393 3590 ue
412 3519 498 3611 quid
517 3516 717 3590 melioribus
733 3519 829 3591 curis
845 3519 1070 3606 interveniat,
1091 3529 1221 3615 praeter

140 3641 174 3712 id
206 3645 319 3714 solum
353 3642 447 3734 quod
479 3643 664 3735 imperiose
698 3644 892 3716 necessitas
924 3653 1060 3716 nature
1091 3640 1218 3734 exigit:

141 3784 299 3835 somnum
333 3764 411 3836 dico
443 3774 478 3834 et
502 3762 630 3846 cibum,
657 3776 693 3837 et
712 3763 822 3838 breve
852 3767 1107 3857 honestumque
1129 3765 1219 3834 sola·

141 3890 225 3960 tium
246 3887 445 3981 vegetando
464 3888 599 3980 corpori
618 3887 879 3980 refovendoque
899 3888 1015 3959 animo
1034 3884 1219 3955 dumtaxat

139 4012 313 4085 idoneum.
336 4010 375 4082 ld
395 4013 575 4083 enimvero
595 4009 677 4102 quia
697 4030 760 4104 pro
777 4007 947 4079 varietate
966 4017 1160 4098 temporum
1177 4027 1219 4077 ac

140 4135 290 4207 locorum
318 4134 446 4207 variari
471 4142 620 4227 oportet,
642 4141 677 4202 el
703 4132 803 4224 quale
824 4127 907 4200 milri
934 4150 1032 4203 ‚nunc
1066 4129 1122 4214 sit,
1149 4127 1218 4199 nisi

138 4256 262 4328 audias
289 4278 394 4329 nosse
414 4277 483 4327 non
508 4267 621 4350 potes,
656 4254 780 4327 dicam.
813 4251 902 4323 Amo
931 4248 1153 4323 solitudinem
1179 4257 1218 4318 ut

141 4382 248 4464 soleo,
269 4389 450 4472 sectorque
471 4379 660 4461 silentium,
681 4376 746 4447 nisi
767 4375 854 4445 inter
873 4372 1002 4445 amicos
1022 4374 1215 4460 intorques

140 4521 241 4571 nemo
269 4524 323 4574 me
347 4500 535 4593 loquacium
562 4501 652 4571 hanc
678 4520 755 4571 mor
775 4496 820 4568 ob
844 4518 985 4567 calisam
1012 4494 1106 4585 quod
1131 4491 1216 4561 ami-
