2738 5062
355 640 447 690 nram
469 638 950 691 senescamus-ammom
971 640 1013 688 rx.
1164 627 1224 692 393

147 775 257 855 detur,
281 773 374 843 nullo
393 793 461 843 non
480 774 566 842 calle
586 771 800 864 fugiendum.
821 771 916 843 Siout
932 771 1024 843 enim
1040 776 1153 866 magni
1171 784 1225 871 ty·

146 895 244 967 ranni
270 914 365 987 saepe
386 893 551 986 rapiendo
577 891 730 964 munifici
757 903 849 976 sunt,
873 894 924 966 sic
944 895 1043 987 parvi
1070 895 1222 968 munifici

144 1037 322 1108 nunquam
344 1036 481 1105 semper
502 1015 605 1098 avidi,
628 1015 781 1100 famelici,
802 1015 968 1097 sitientes
987 1015 1046 1107 qui
1066 1012 1111 1087 de
1131 1017 1223 1111 rapi-

143 1140 198 1210 nis
231 1135 423 1208 minoribus
454 1136 686 1220 inardescant,
713 1137 808 1207 etin
834 1158 932 1229 spem
963 1136 1134 1209 maiorum
1160 1161 1223 1211 ve·

144 1259 239 1329 niant
261 1259 467 1351 rapinarum.
495 1259 667 1329 Caeterum
693 1258 825 1331 Christi
841 1259 979 1330 famulis
1005 1259 1073 1331 illic
1099 1264 1224 1333 volun-

146 1382 231 1454 taria
261 1379 430 1451 servitute
462 1380 636 1451 conclusis
661 1382 754 1452 nulla
780 1382 882 1471 luga,
916 1382 1009 1452 nulla
1032 1381 1222 1476 tyrannicae

146 1501 395 1573 misericordiae
416 1523 499 1594 spes
519 1511 595 1571 est:
619 1510 728 1571 totum
749 1499 784 1569 in
805 1500 924 1573 divino
944 1503 1112 1594 regioque
1132 1525 1223 1596 prae-

146 1622 234 1693 sidio
254 1621 455 1714 repositum.
478 1621 597 1713 ltaque
623 1622 703 1691 olim
730 1622 832 1691 ulmae
857 1621 1036 1693 memoriae
1061 1624 1221 1695 Carnium

145 1742 341 1814 Secundum
376 1763 491 1832 regem
527 1741 674 1813 siculum
708 1741 812 1813 huius
844 1743 954 1813 nostri
989 1743 1083 1834 regis
1116 1767 1221 1817 avum

146 1866 318 1960 supplices
340 1864 501 1935 adierunt
524 1872 680 1947 orantes,
703 1863 810 1934 uteie
834 1884 938 1933 unum
960 1884 1007 1933 ex
1033 1865 1140 1955 regiis
1166 1886 1223 1935 sa·

146 1984 308 2059 tellitibus
327 1985 522 2078 deputaret,
542 2006 611 2076 quo
632 1993 729 2068 teste,
753 1984 819 2055 sub
836 1984 959 2055 umbra
974 1986 1053 2056 iusti
1069 1986 1161 2079 regis
1176 1987 1223 2058 ab

144 2108 277 2178 iniuriis
304 2116 527 2199 tegerentur3
553 2106 648 2198 quod
672 2107 727 2179 ille
752 2106 812 2198 qui
835 2127 932 2178 more
958 2129 1114 2181 caesareo
1137 2109 1221 2181 nihil

146 2251 275 2320 negare
296 2238 441 2299 noverat
460 2225 555 2320 quod
575 2228 669 2302 dono
689 2228 832 2320 dignum
853 2241 963 2315 esset,
991 2230 1136 2303 libenter
1160 2255 1223 2303 an·

145 2350 242 2430 nuit;
264 2370 375 2442 eoque
400 2351 496 2421 velut
521 2350 644 2445 clypeo
666 2352 792 2423 multos
818 2372 928 2423 annos
950 2351 1017 2423 sub
1042 2352 1098 2424 illo
1123 2375 1219 2446 rega,

144 2471 270 2544 deinde
292 2471 357 2542 sub
378 2470 448 2542 filio
472 2473 563 2554 eiuS,
592 2494 728 2544 summo
761 2494 882 2563 regum
908 2483 1013 2565 atque
1042 2474 1221 2547 hominum

144 2593 301 2676 Roberto,
323 2592 476 2685 quietius
491 2603 696 2685 exegerunt,
711 2592 820 2666 donec
833 2594 973 2688 quidam
991 2595 1221 2666 Massiliensis

142 2716 307 2799 ecclesiae,
332 2714 424 2786 unde
456 2715 599 2806 gravius
632 2715 845 2799 infestantur,
881 2717 991 2787 lactus
1026 2715 1220 2807 Episcopus

145 2847 261 2907 tantos
287 2832 392 2907 huius
417 2835 549 2907 ordinis
574 2847 707 2907 amator
731 2845 918 2935 tantusque
943 2835 1086 2908 iustitiae
1111 2838 1221 2907 cultor

144 2957 219 3040 luit,
248 2966 285 3027 ut
305 2979 384 3029 cum
404 2979 448 3029 eo
473 2959 614 3029 mallent
633 2956 842 3042 voluntarie,
866 2980 969 3050 quam
999 2959 1034 3028 vi
1061 2968 1122 3029 aut
1152 2961 1220 3029 ullo

145 3078 335 3170 superioris
351 3078 494 3171 imperio
511 3101 625 3172 agere.
649 3081 698 3150 lta
716 3079 832 3151 multis
850 3080 968 3151 itidem
986 3102 1064 3151 cum
1084 3081 1141 3152 illo
1158 3102 1220 3151 an-

144 3200 199 3269 nis
230 3208 266 3270 et
295 3200 511 3272 concorditer
541 3201 642 3282 actis,
676 3211 711 3272 et
735 3201 871 3272 caeteris
905 3200 950 3273 ab
982 3201 1105 3271 iniuria
1137 3200 1219 3271 boni

144 3323 305 3415 praesulis
324 3323 545 3395 veneratione
564 3325 795 3404 cessantibus,
816 3322 878 3394 diu
904 3325 1019 3394 nullus
1039 3323 1220 3415 privilegio
1347 3362 1349 3366 ·

144 3445 240 3536 regio
261 3447 356 3515 locus
377 3444 451 3514 luit.
473 3446 530 3516 Sic
556 3454 667 3517 tractu
690 3444 854 3537 temporis
880 3466 943 3539 per
963 3444 1219 3537 simplicitatem

143 3587 335 3660 pauperum
357 3565 498 3653 Christi,
521 3589 602 3662 quae
623 3567 716 3660 apud
737 3567 914 3661 sapientes
935 3567 1056 3640 saeouli
1077 3568 1220 3639 stultitia

144 3687 238 3778 apud
263 3689 373 3759 Deum
401 3687 569 3780 sapientia
603 3710 729 3782 magna
754 3700 822 3777 est,
857 3713 984 3763 munus
1010 3691 1218 3783 optimorum

143 3830 265 3899 regum
283 3808 529 3880 obsolefactum
548 3821 651 3903 atque
669 3799 848 3906 antiquum
862 3813 986 3885 extitit.
1001 3813 1085 3885 lnde
1102 3823 1218 3883 autem

141 3926 233 3998 dicto
241 3929 412 4021 Episcopo
426 3929 529 4000 rebus
544 3929 706 4004 humanis
719 3945 892 4028 exempto,
904 3935 1131 4026 protinusque
1141 3934 1218 4004 aliis

141 4058 245 4141 atque
267 4052 343 4121 aliis
362 4050 536 4144 peioribus
553 4051 718 4121 inlocum
735 4054 812 4124 eius
830 4054 1030 4148 assumptis,
1049 4054 1163 4124 omnia
1182 4053 1216 4123 in

141 4170 298 4243 deterius
316 4194 436 4256 versa,
455 4171 565 4242 doneo
582 4172 746 4265 paulatim
762 4170 808 4245 ad
825 4173 965 4266 antiqua
984 4174 1134 4246 reditum
1149 4183 1204 4246 est

140 4302 176 4362 et
191 4292 336 4363 ecclesia
354 4288 582 4363 Massiliensis
600 4312 704 4361 suum
720 4302 903 4387 tyrannum
922 4294 1036 4380 habet,
1049 4304 1085 4367 et
1101 4304 1218 4367 castra

142 4413 352 4486 monasterio
370 4412 498 4495 vicina,
522 4422 558 4483 ut
576 4423 631 4484 est
647 4421 771 4485 natura
792 4413 969 4488 hominum
990 4415 1035 4489 ad
1056 4416 1217 4487 imitatio·
