2738 5062
340 759 433 809 tmen
454 756 920 809 reposcamus-nemnem
940 757 1025 807 xvru.
1162 746 1222 808 565

141 905 263 1000 primis
296 904 430 975 rationo
463 911 565 974 utens
599 901 741 986 animal,
773 900 839 972 hoc
871 910 926 972 est
951 899 1139 984 homiuem,
1167 901 1224 973 cui

141 1049 227 1100 vera
247 1024 377 1098 scilieet
396 1025 477 1097 insit
496 1024 709 1108 humanitus,
732 1024 784 1095 sic
801 1035 881 1096 aute
899 1020 984 1093 alios
1003 1023 1162 1094 homiues
1180 1033 1221 1108 tc,

142 1151 199 1222 cui
216 1161 253 1220 et
272 1148 362 1220 ratio
385 1142 636 1219 essefleret
661 1146 803 1218 uberior
827 1155 863 1217 et
889 1145 1078 1240 singularis
1103 1146 1224 1240 religio

142 1294 183 1344 ac
209 1273 337 1365 pietas,
363 1290 483 1364 pacem
510 1288 640 1349 amare,
668 1288 790 1361 paoem
815 1288 991 1360 quaerere3
1017 1290 1144 1362 nempe
1164 1271 1226 1362 qui

142 1391 204 1465 tibi
223 1391 354 1464 dictum
375 1390 538 1462 crederes
555 1389 763 1494 Davidieum
788 1390 874 1462 illud
901 1389 997 1484 quod
1027 1390 1225 1485 saepissima

142 1515 361 1586 decantares:
383 1514 512 1602 inquire
529 1532 647 1605 paoem
667 1521 699 1581 et
714 1532 912 1606 persequere
931 1534 1023 1584 eum:
1043 1513 1113 1585 nisi
1137 1514 1227 1586 lorte

143 1635 239 1708 dicas
259 1646 294 1708 te
312 1636 404 1707 illam
426 1634 547 1728 utique
570 1634 750 1729 persequi,
776 1635 838 1728 qui
857 1656 953 1721 eam,
981 1645 1020 1707 ut
1043 1635 1224 1725 videmus,

144 1758 272 1831 linibus
293 1759 363 1831 tuis
391 1760 528 1851 pulsam
552 1760 697 1830 exulare
721 1757 890 1850 coegeris.
912 1758 983 1831 Sed
1002 1758 1092 1852 quid
1109 1760 1226 1835 eidem

144 1882 241 1977 regio
263 1881 446 1977 Prophetae
465 1881 614 1953 dicimus
631 1881 806 1952 clamanti:
824 1892 938 1976 ropcte
957 1904 1030 1974 pum
1049 1880 1094 1954 acl
1107 1904 1227 1978 pacem

143 2014 221 2075 runt
253 2002 455 2074 Ierusalem?
481 2002 543 2095 qui
575 2003 689 2075 sciens
719 2001 754 2074 in
788 2024 873 2096 pace
894 2026 1031 2078 omnem
1052 2005 1226 2079 bonorum

143 2126 369 2199 abudantiam
390 2143 488 2207 esse,
510 2143 649 2196 omnem
672 2125 850 2213 iustitiam,
869 2149 1006 2201 omnem
1028 2130 1228 2203 delectatio-

144 2271 222 2321 nem
261 2269 301 2319 ac
339 2253 537 2318 sanctarum
575 2247 770 2319 animarum
808 2251 979 2343 requiem,
1016 2250 1098 2323 vide
1141 2249 1227 2346 quid

146 2368 297 2441 addidit:
323 2379 355 2437 ct
379 2364 587 2438 mundantia
610 2367 819 2458 dilipentilrus
845 2384 885 2443 te.
912 2374 956 2445 lit
993 2373 1135 2447 iterum:
1165 2375 1225 2466 fiat

139 2497 273 2587 pumirs
294 2494 415 2563 uirtute
437 2502 509 2577 tuo,
529 2502 566 2564 et
585 2493 714 2566 intulit:
741 2505 773 2564 et
795 2493 1003 2565 abundantia
1023 2496 1061 2564 iu
1082 2495 1228 2566 turribus

145 2619 219 2687 tuis.
241 2617 287 2688 m
303 2614 371 2688 alio
390 2616 481 2686 loco:
502 2618 628 2685 orietur
647 2616 685 2685 in
705 2613 818 2685 diebus
836 2617 906 2684 eius
924 2617 1051 2687 iustitia
1071 2626 1102 2685 ct
1120 2614 1227 2685 clun-

143 2737 261 2811 dantia
276 2741 380 2832 puro.
402 2738 447 2808 Et
472 2736 552 2809 alio:
579 2736 745 2806 mansueti
772 2733 1011 2806 hereditatum
1044 2747 1167 2808 terrum
1197 2748 1229 2808 et

143 2859 393 2934 delectabuntur
409 2861 446 2930 in
463 2855 674 2928 multitudine
683 2857 784 2950 puris.
799 2857 845 2928 Et
860 2878 986 2930 rursus
999 2857 1082 2930 alio:
1100 2859 1136 2930 in
1148 2879 1230 2953 pure

143 2982 341 3077 inidipsum
359 2980 522 3053 dormiam
541 2990 573 3050 et
591 2983 802 3070 requiescum.
823 2981 984 3073 Longum
1010 2991 1066 3053 est
1091 2981 1230 3075 singula

144 3105 320 3199 prosequi.
347 3105 404 3175 lix
428 3102 557 3197 quibus
582 3101 719 3175 elicitur
743 3102 915 3176 bonorum
941 3104 1096 3175 omnium
1122 3113 1229 3198 atque

144 3225 345 3322 optabilium
368 3248 486 3298 rerum
508 3226 601 3297 hunc
623 3227 761 3298 unicum
787 3227 918 3298 iontem
939 3246 1038 3312 esse,
1060 3246 1131 3319 quo
1149 3246 1230 3298 aro-

145 3361 280 3436 sceum,
295 3349 487 3420 succedant
501 3359 654 3440 egestas,
670 3349 812 3422 taedium
825 3359 862 3421 et
878 3346 986 3422 labor.
1001 3349 1093 3434 Quid
1110 3359 1229 3421 autem

144 3486 180 3544 et
210 3471 368 3543 leremiae
400 3468 572 3558 dicemus,
604 3472 705 3544 cuius
736 3471 795 3543 illa
823 3493 898 3543 vox
924 3472 1044 3558 miror,
1071 3471 1138 3543 nisi
1159 3473 1229 3543 tuis

145 3614 287 3686 semper
318 3590 465 3665 auribus
497 3594 657 3666 insonet:
691 3597 827 3687 quaerite
845 3656 848 3663 .
864 3614 981 3689 pacem
1017 3594 1160 3665 ciuitatis
1197 3601 1231 3663 et

145 3725 236 3785 orote
254 3736 315 3808 pro
336 3735 376 3784 cc
395 3710 440 3783 od
466 3712 661 3801 Dominum,
688 3717 766 3806 quic
791 3716 828 3786 in
849 3738 933 3810 pure
957 3716 1049 3786 itlius
1072 3716 1135 3785 crit
1154 3734 1230 3806 pum

145 3835 259 3905 volu?
272 3835 326 3904 Ex
341 3834 398 3905 his
410 3846 515 3926 atque
530 3835 702 3905 similibus
721 3857 899 3908 sacrarum
918 3836 1126 3906 testimoniis
1144 3833 1230 3905 seri-

145 3967 344 4050 pturarum,
358 3956 393 4026 in
409 3953 539 4046 quibus
556 3958 713 4050 apprime
730 3955 869 4029 doctum
889 3965 923 4027 te
939 3954 1118 4050 putabam,
1137 3954 1229 4027 beno

146 4077 191 4150 de
213 4089 254 4161 te,
277 4081 394 4159 irater,
420 4075 603 4170 opinabar,
627 4088 733 4171 teque
752 4079 849 4173 pacis
871 4079 1021 4150 amicum
1043 4079 1128 4148 mihi
1150 4100 1230 4172 pen

147 4221 340 4273 suaseram.
376 4195 447 4266 Sed
482 4197 627 4269 fallebar
663 4207 703 4269 ut
738 4198 905 4290 intelligo.
944 4200 996 4270 Tu
1031 4201 1126 4271 enim
1162 4197 1230 4271 sub

148 4321 276 4396 Christi
293 4320 409 4392 tunica
427 4318 526 4390 Marti
555 4340 668 4405 sacer,
695 4329 732 4392 et
757 4322 911 4392 Bellone
937 4319 1100 4395 devotior
1123 4344 1229 4415 quam

148 4449 279 4531 illenim,
293 4444 358 4517 sub
372 4443 524 4535 religiosi
538 4441 659 4515 habitu
673 4451 798 4536 tegens
812 4445 1026 4540 propositum
1040 4445 1227 4530 bellatoris,

150 4591 213 4642 neo
234 4571 269 4644 id
289 4590 428 4663 quoque
449 4566 516 4640 iam
537 4577 662 4661 tegens
683 4567 747 4641 sed
764 4568 866 4642 dictis
884 4582 920 4642 et
940 4569 1038 4641 iactis
1055 4567 1226 4659 aperiens,
