2738 5062
440 727 531 776 unna
554 729 664 777 nonus.
679 748 713 756 -
727 726 879 778 arrsrona
902 729 929 775 r.
1177 715 1212 776 tt

147 873 335 962 eodemque
364 873 539 967 proposito
566 873 707 955 versari,
736 882 774 941 ut
798 872 928 966 aliquid
954 871 1014 942 tibi
1035 871 1216 942 calumniae

144 993 277 1068 latentis
306 995 459 1086 infligam
486 1015 549 1064 suo
575 1002 745 1085 tempore,
771 1002 810 1064 ut
826 994 933 1077 aiunt,
954 994 988 1062 in
1006 996 1116 1065 lucem
1136 1014 1215 1064 eru·

141 1128 263 1214 pturae.
286 1119 316 1188 Ο
339 1117 548 1211 stupendam
571 1116 824 1211 impudentiam,
848 1139 869 1188 o
889 1139 1017 1186 novum
1034 1116 1166 1188 crimen
1181 1126 1217 1188 et

138 1238 224 1307 meis
248 1234 397 1305 alienum
427 1234 598 1317 moribus,
626 1255 647 1303 0
672 1254 801 1305 caecam
829 1257 963 1327 semper
988 1233 1168 1318 invidiam,
1195 1254 1216 1303 o

140 1380 214 1429 rem
235 1356 452 1451 ineptissime
473 1357 655 1426 confictam
676 1365 710 1427 et
730 1378 751 1427 a
771 1356 913 1452 reliquis
931 1355 1012 1426 vitae
1031 1377 1118 1444 mem
1134 1377 1215 1427 con-

139 1473 226 1543 sitiis
247 1472 509 1545 abhorrentem!
530 1472 574 1541 Et
592 1470 770 1563 quoniam,
796 1483 833 1543 nt
852 1494 939 1566 puer
956 1472 990 1541 in
1017 1472 1144 1543 sebotis
1168 1473 1217 1543 ci-

140 1596 271 1668 vilibus
293 1594 475 1666 audiebam
499 1595 615 1687 (hodie
631 1596 723 1666 enim
743 1617 799 1666 me
825 1595 940 1667 studia
960 1597 1016 1666 illa
1045 1616 1114 1666 non
1142 1604 1218 1667 tan-

140 1716 249 1809 gunt),
270 1715 417 1809 primum
430 1714 465 1784 in
486 1715 611 1787 iudicio
623 1716 667 1788 de
680 1738 828 1811 persona
840 1716 1023 1809 quaeritur,
1040 1729 1217 1809 tamquam

139 1839 183 1911 de
201 1839 314 1933 ipsius
331 1836 447 1908 iudicii
468 1838 703 1922 fundamento
721 1861 837 1932 operte
858 1841 1005 1932 pretium
1028 1861 1105 1911 reor
1137 1841 1217 1933 quis

139 1983 205 2053 ego
223 1961 289 2032 sim
311 1962 376 2031 boc
396 1961 471 2031 loco
489 1970 617 2046 tecum,
636 1972 747 2055 pater,
773 1973 954 2033 excutere:
981 1985 1049 2032 non
1074 1961 1216 2054 quidem

141 2093 248 2163 totus,
272 2084 336 2155 sed
356 2105 399 2154 ea
420 2091 553 2154 tantum
575 2095 671 2176 parte
699 2105 768 2176 qua
797 2083 915 2165 feri0r;
946 2107 1050 2178 quam
1085 2084 1216 2155 scilicet

141 2229 262 2279 nocere
284 2208 421 2291 solitus,
444 2229 550 2298 quam
571 2206 719 2299 cupidus
736 2206 892 2278 nocendi.
911 2208 1038 2291 Quaero
1052 2205 1217 2298 igiturex

145 2340 189 2415 te,
210 2353 290 2401 enm
315 2332 421 2400 multa
442 2329 523 2398 otim
544 2350 564 2400 a
585 2329 694 2421 prima
719 2339 820 2402 aetate
852 2351 976 2423 aspera
1008 2340 1043 2401 et
1074 2330 1217 2422 indigna

145 2454 209 2524 sim
226 2473 368 2548 passuS,
389 2452 554 2545 quodque
576 2451 710 2524 iniuria
724 2453 862 2526 modum
876 2461 995 2547 auget,
1012 2454 1056 2525 ab
1069 2453 1111 2524 iis
1127 2452 1218 2524 unde

140 2598 204 2647 nee
224 2575 383 2647 merebar
405 2577 471 2645 tale
492 2574 635 2669 aliquid,
658 2600 721 2648 nee
738 2577 900 2660 verebar;
917 2579 972 2648 cui
991 2599 1143 2670 unquam
1165 2576 1218 2646 vi-

140 2721 215 2770 cem
235 2698 332 2781 mali,
355 2697 411 2769 cui
432 2698 586 2769 fraudem
612 2699 771 2783 innexui,
798 2701 854 2770 cui
886 2700 1029 2772 insidias
1065 2697 1214 2783 tetendi,

140 2823 240 2895 cuius
261 2844 410 2914 usquam
430 2822 673 2916 patrimonium
691 2831 751 2892 aut
769 2846 894 2916 corpus
915 2825 1089 2895 violentiis
1112 2844 1219 2913 appe-

144 2945 203 3013 tii‘?
223 2945 373 3028 Qnitibet
403 2945 568 3016 sollicitus
600 2954 769 3014 scrutator
796 2946 995 3028 accesserit,
1022 2956 1105 3039 puto
1133 2943 1217 3013 nihil

143 3068 237 3160 quod
254 3067 319 3138 hoc
340 3068 477 3138 nomine
498 3067 591 3160 carpi
613 3066 723 3160 possit
748 3050 909 3150 inveniet,
936 3077 1063 3161 praeter
1089 3066 1219 3160 simpli-

142 3212 217 3261 cem
243 3191 429 3282 qnoretam,
446 3214 549 3284 quam
564 3191 621 3259 vel
634 3188 711 3260 uvir
730 3191 786 3259 vel
798 3189 956 3261 columba
971 3189 1073 3261 etiam
1087 3188 1219 3261 offensa

141 3335 209 3385 non
227 3314 392 3396 continet,
414 3336 482 3404 ego
504 3335 597 3407 saepe
613 3314 779 3398 continui;
800 3315 957 3408 dumque
973 3317 1104 3388 licitum
1123 3325 1218 3387 esset

140 3435 331 3521 effundere,
349 3459 445 3532 saepe
462 3459 570 3531 nsque
585 3437 629 3508 ad
644 3437 791 3529 ignaviae
805 3451 921 3510 notam
935 3439 1085 3511 dolorem
1102 3462 1217 3509 meum

143 3562 348 3655 tranquillus
367 3560 548 3647 absorbui,
571 3575 606 3636 et
624 3572 750 3658 praetcr
769 3584 898 3655 paucas
916 3562 1079 3656 epistolas
1094 3562 1128 3631 in
1142 3562 1219 3654 qui-

145 3679 208 3753 bus
250 3683 518 3756 obtrectatorum
554 3709 708 3758 meorum
745 3683 891 3756 vocibus
930 3683 1004 3754 sine
1041 3684 1218 3755 nominum

144 3807 369 3895 expressione
389 3808 596 3899 respondeo,
619 3831 662 3879 ne
683 3808 852 3900 cuiusque
873 3807 974 3878 famae
1006 3805 1074 3876 mei
1104 3806 1218 3879 dentis

144 3924 277 3998 haereat
293 3929 453 4011 cicatrix;
476 3932 678 4023 exemplum
702 3930 838 4001 ultionis
859 3929 952 4002 aliud
975 3951 1043 3999 non
1061 3929 1134 4012 erit,
1148 3950 1219 4021 quo

141 4045 280 4122 dolores
305 4073 402 4123 meos
423 4061 527 4147 atque
548 4027 692 4124 iniurias
713 4053 963 4146 prosequende,
987 4053 1042 4122 vel
1061 4052 1218 4122 humani-

144 4174 221 4244 tatis
241 4172 370 4244 oblitus
395 4174 517 4247 videar
541 4177 598 4246 vel
623 4175 770 4247 decoris.
802 4176 852 4245 ltti
882 4175 1012 4265 gratias
1045 4176 1104 4268 qui
1130 4174 1219 4248 hane

143 4296 225 4364 mibi
246 4295 290 4367 de
311 4297 532 4367 eonscientiae
552 4297 744 4368 sinceritate
765 4295 924 4367 fiduciam
947 4298 1057 4381 dedit,
1087 4310 1123 4369 ut
1148 4321 1216 4370 non

143 4429 275 4490 tantum
301 4419 410 4490 verbo
433 4419 578 4506 volatili,
606 4419 668 4491 scd
694 4419 819 4514 scripto
846 4421 967 4504 stabili,
995 4432 1030 4491 et
1059 4420 1217 4492 fortassis

144 4539 178 4608 in
189 4563 314 4614 manus
326 4542 477 4615 hostium
491 4552 647 4628 venturo,
657 4542 860 4614 innocentiae
881 4564 968 4615 meae
983 4541 1216 4615 testimonium

270 4674 297 4714 rr.
1046 4663 1062 4710 2
