2738 5062
143 655 182 716 lb
479 664 520 711 uu
542 664 643 712 nunus
664 660 885 710 riuuumuus

145 809 214 880 quo
234 782 377 875 Philippi
398 780 489 850 illius
511 781 621 864 hoste,
640 777 846 850 conflictatio
865 774 949 845 mihi
970 775 1038 847 ista
1059 784 1222 868 suscepta

144 919 207 978 est.
242 902 473 990 Quamobrem
502 902 532 973 si
557 902 641 994 quid
665 904 753 973 sorte
785 901 928 972 liberius
955 900 1085 972 dictum
1110 900 1220 992 legis,

144 1051 245 1124 quam
280 1025 522 1098 blanditiarum
556 1023 665 1095 nostri
690 1024 760 1096 aevi
789 1045 865 1095 mos
893 1023 1012 1109 habet,
1041 1022 1222 1114 ignoscito.

143 1153 243 1222 luvat
262 1150 353 1220 enim
375 1146 557 1238 magnifice
578 1149 683 1239 loqui,
705 1157 741 1219 et
759 1156 853 1219 certe
873 1148 986 1231 decet,
1015 1158 1053 1218 ut
1070 1148 1223 1240 quadam

144 1274 189 1345 ad
210 1273 410 1343 Ciceronem
427 1271 573 1362 epistola
593 1271 720 1341 Brutus
738 1270 804 1353 ait,
826 1270 999 1341 adversus
1021 1269 1225 1361 ignorantes

143 1397 228 1490 quid
252 1416 316 1490 pro
341 1414 479 1486 quoque
505 1392 695 1464 timendum
728 1393 783 1463 sit.
813 1393 858 1464 Ut
888 1393 980 1464 enim
1006 1393 1052 1464 ad
1082 1394 1223 1466 exulem

145 1529 241 1590 tuum
263 1525 494 1600 revertamur,
515 1515 657 1586 videres
678 1515 773 1587 hunc
793 1517 894 1586 vultu
910 1513 1148 1606 augustiorem
1168 1535 1226 1585 so—
1270 1611 1272 1613 ι

144 1642 202 1711 Ιίιο
219 1649 255 1711 et
271 1642 382 1710 lronte
400 1639 536 1710 siderea
556 1659 619 1729 per
639 1636 745 1708 nrbes
765 1637 897 1708 italicas
917 1635 1146 1711 incedentem.
1164 1635 1227 1706 Vi-

142 1761 247 1833 deres
260 1761 467 1854 populorum
485 1780 525 1829 ac
543 1757 736 1851 principum
754 1779 957 1842 concursus,
973 1778 1111 1828 summo
1128 1757 1224 1828 illum

143 1882 273 1954 honore
294 1880 601 1976 prosequentium3
622 1881 763 1952 audires
782 1879 1018 1972 plaudentium
1044 1889 1149 1972 atque
1174 1880 1227 1950 fa-

143 2004 297 2075 ventium
324 2025 452 2086 voces3
478 2003 633 2074 enervati
664 2003 809 2096 puderet
839 2002 981 2094 eloquii,
1017 2023 1130 2095 neque
1154 2003 1224 2073 iam

143 2128 296 2209 exulem,
320 2126 385 2197 sed
404 2125 499 2219 pacis
525 2136 561 2195 et
580 2125 708 2217 quietis
734 2133 926 2208 auctorem,
949 2133 1055 2215 utque
1075 2122 1225 2217 sospita-

143 2258 253 2318 torem
281 2248 491 2340 Reipublicae
516 2270 738 2342 nuncupares
764 2247 902 2319 veriore
928 2245 1108 2318 vocabulo.
1136 2245 1224 2318 Cum

142 2369 234 2441 enim
249 2370 337 2441 inter
350 2370 539 2461 Hungariae
555 2382 591 2441 et
603 2370 727 2441 Siciliae
745 2391 853 2462 regna
870 2368 1051 2464 profundis
1064 2367 1224 2440 odiorum

141 2492 296 2565 lontibus
326 2503 500 2563 scatentes
530 2492 698 2564 bellorum
723 2514 842 2564 causae
870 2513 1034 2582 magnam
1071 2493 1224 2587 Europae
1258 2526 1262 2532 ·

142 2626 277 2708 partem
306 2616 339 2685 in
355 2599 552 2686 ¹discrimen
578 2616 767 2698 traherent,
799 2624 890 2683 tanto
918 2637 983 2705 por
1007 2617 1103 2684 oneri
1125 2634 1222 2684 nemo

7 2720 14 2733 ’
141 2741 226 2809 alter
259 2741 412 2808 inventus
449 2748 504 2806 est.
536 2737 607 2807 Hoc
640 2736 785 2808 Romani
825 2735 998 2809 Pontificis
1037 2735 1221 2820 iudicium,

142 2862 235 2932 hunc
256 2861 345 2931 sacri
366 2859 498 2951 collegii
519 2881 744 2942 consensum,
768 2858 855 2930 situ
879 2858 944 2929 sibi
971 2859 1137 2929 miserum
1163 2870 1224 2931 aut

142 2981 378 3076 poenitendum
411 3004 551 3066 censes
579 2980 673 3075 quod
697 2983 781 3052 lelix
812 2982 1034 3073 faustumque
1065 2980 1222 3053 dicturus

142 3104 192 3176 sis
212 3105 338 3175 nescio.
362 3104 431 3175 Sed
451 3104 574 3175 adiuro
595 3117 628 3174 te
656 3126 718 3198 per
737 3105 846 3186 illam,
874 3125 953 3197 quae
979 3124 1136 3196 praeesse
1159 3101 1224 3173 de-

142 3228 200 3299 bet
220 3225 410 3309 aflectibus
433 3227 622 3308 rationem;
644 3226 739 3319 quod
760 3236 796 3296 tu
818 3227 902 3297 mihi
923 3226 1031 3297 otium
1051 3248 1132 3296 cum
1158 3224 1224 3296 boc

141 3350 293 3440 negotio,
317 3371 406 3442 qrras
427 3348 511 3418 mibi
537 3348 679 3420 delicias
700 3371 778 3420 cum
800 3349 856 3420 bis
881 3351 988 3433 curiS,
1011 3371 1117 3442 quam
1139 3346 1223 3419 mibi

142 3473 297 3564 requiem
317 3494 396 3542 curn
420 3471 475 3541 his
492 3470 670 3541 laboribus
687 3471 928 3564 comparabis?
945 3472 1079 3542 Viderit
1098 3472 1224 3565 Epicu·
1270 3476 1271 3481 ’

141 3614 238 3664 reum
252 3595 382 3684 vulgus
396 3593 480 3686 quid
493 3592 700 3686 pronuntiet.
716 3595 792 3686 ligo
807 3605 875 3665 tam
896 3614 1104 3684 generosum
1119 3613 1223 3663 exer·
1290 3647 1291 3650 ,

141 3716 258 3787 citium
278 3715 441 3787 omnibus
467 3714 599 3786 deliciis
625 3716 857 3810 omnibusque
874 3714 1112 3809 voluptatibus
1130 3735 1224 3809 prae.

41 3856 45 3861 ⁴
143 3841 301 3924 tulerim,
323 3861 412 3932 quas
432 3861 575 3910 somnus
594 3850 655 3911 ant
674 3851 797 3913 venter
818 3851 878 3914 aut
895 3840 1036 3910 ambitio
1054 3845 1223 3934 praestare

141 3970 266 4054 potest.
285 3961 405 4031 Omnis
423 3962 514 4031 enim
533 3961 652 4048 virtus,
669 3965 782 4035 omnis
803 3963 925 4056 gloria,
940 3963 1054 4034 omnis
1076 3961 1225 4030 honesta

141 4083 325 4155 delectatio
346 4082 380 4153 in
401 4083 512 4154 arduo
534 4084 599 4156 sita
622 4095 688 4157 est.
707 4085 761 4158 Ad
778 4086 945 4158 obscoena
960 4083 1222 4166 descendimus,

141 4204 406 4278 conscendimus
433 4207 478 4278 ad
511 4208 667 4281 honesta.
704 4209 779 4280 Noli
812 4208 918 4300 igitur
947 4206 1084 4279 Domini
1113 4203 1224 4277 nostri

142 4329 322 4424 deplorare
334 4329 522 4401 fortunam:
536 4334 676 4402 exulem
696 4342 728 4403 te
743 4332 857 4425 potius
876 4330 1017 4413 credito,
1032 4339 1068 4400 et
1080 4326 1225 4398 exilium

144 4463 239 4525 tuum
262 4473 377 4544 gemo,
401 4454 550 4545 quitum
573 4457 690 4546 procul
713 4476 733 4525 a
754 4452 1018 4548 contemplanda
1038 4451 1130 4520 illius
1151 4449 1226 4540 glo·
