2738 5062
175 596 234 657 :llo
511 609 552 657 nu
573 608 672 657 ausus
695 606 918 656 subintramus

175 765 230 814 me
250 762 355 834 agere
375 740 520 832 dignum
539 752 652 835 putes.
673 742 719 812 At
741 764 847 813 unum
869 741 928 813 tibi
947 762 1016 812 uon
1032 740 1177 813 excidat
1195 764 1269 827 me,

173 866 202 937 si
225 865 327 937 delur
346 864 440 957 optio
461 862 581 948 libera,
602 866 705 955 longe
723 866 865 936 Romam
884 864 968 935 locis
984 862 1149 935 omnibus
1170 886 1270 957 prae-

173 990 275 1070 ferre,
303 987 398 1081 quod
423 989 470 1058 ita
499 1008 581 1058 esse
614 985 724 1057 verbo
758 1008 897 1079 semper
929 984 1080 1069 ostendi,
1106 996 1143 1057 et
1171 987 1269 1081 ipsis

173 1109 405 1182 ostendissem
428 1109 548 1191 rebus,
572 1110 602 1179 si
628 1109 695 1180 mei
720 1108 851 1181 arbitrii
873 1109 1027 1180 fuissem.
1049 1108 1112 1179 Fui
1139 1119 1267 1184 autem

175 1232 242 1305 sub
262 1231 587 1319 arbitriolortunae,
611 1234 667 1303 cui
688 1254 791 1323 reges
817 1231 1059 1324 principesque
1085 1242 1267 1307 terrarum

175 1353 341 1438 subsunt,
365 1366 399 1425 et
419 1355 474 1455 eui
496 1353 530 1424 in
552 1353 656 1425 rebus
678 1353 840 1425 humanis
861 1364 988 1444 praeter
1009 1355 1154 1428 solidam
1175 1378 1267 1429 eon·

177 1487 455 1570 summatamque
477 1477 655 1558 virtutem,
673 1497 695 1546 a
713 1497 783 1568 qua
800 1477 919 1568 procul
936 1475 1074 1560 absum,
1090 1477 1136 1549 nil
1157 1501 1267 1574 pror-

176 1621 238 1671 sus
259 1599 436 1671 eximitur.
459 1597 558 1669 Nune
577 1619 663 1689 ergo
696 1619 766 1690 quo
799 1597 911 1688 magis
931 1598 1050 1682 dilato,
1077 1621 1120 1671 eo
1145 1602 1265 1695 magis

175 1720 310 1794 ardenti
330 1721 505 1794 desiderIo
531 1721 610 1791 illue
637 1721 765 1791 trahor.
792 1720 911 1812 ltaque
945 1720 994 1791 sio
1024 1719 1166 1807 babet03
1194 1722 1267 1798 boc

175 1842 279 1936 affige
301 1843 429 1926 animo,
466 1843 496 1914 si
530 1853 685 1913 sanctam
718 1842 895 1912 civitatem
926 1843 1035 1913 semel
1068 1844 1264 1933 intravero,

177 1987 354 2059 nunquam
376 1964 457 2037 inde
477 1964 667 2057 digrediar;
688 1986 757 2036 non
779 1963 808 2035 si
827 1985 884 2034 me
902 1965 1043 2037 Samum
1062 1965 1158 2051 luno,
1180 1967 1268 2041 Gni-

176 2088 260 2158 dum
282 2087 420 2168 VenuS,
444 2087 573 2180 Iupiter
590 2088 727 2159 Cretam
751 2097 862 2158 vocet.
884 2087 979 2157 Vale.

322 2228 366 2281 Ad
381 2227 495 2282 Fontem
511 2228 623 2298 Sergios.
638 2229 703 2284 VIII
717 2230 857 2286 Kalendas
870 2230 963 2285 Maias.

600 2664 776 2731 EPIS'IOLA
795 2667 840 2730 lll.

352 2851 546 2901 Fnldclsctts
568 2852 737 2901 bolulaci
758 2851 860 2901 totio
881 2852 939 2902 SUO
961 2853 986 2901 S.
1008 2854 1036 2902 P.
1058 2856 1089 2903 D.

195 3029 299 3086 Urbem
315 3030 433 3087 Romam
449 3045 595 3103 perperam
610 3046 673 3085 eum
688 3030 826 3102 Babylone
845 3032 1013 3104 comparari,
1030 3048 1081 3088 nec
1101 3049 1164 3089 eam
1184 3037 1250 3093 odio

266 3120 390 3175 numinIs
403 3118 546 3174 laborare:
567 3124 736 3191 quapropter
755 3120 843 3190 magis
862 3121 1005 3192 magisque
1023 3121 1062 3176 ibi
1082 3139 1113 3177 se
1134 3140 1250 3182 mansu·

265 3225 329 3263 rum
343 3224 455 3279 cupere.
853 3220 858 3229 ·

277 3431 349 3501 lam
371 3435 449 3503 vale
469 3434 642 3520 dixeram,
667 3438 873 3530 signatoque
891 3439 948 3511 die
965 3441 1145 3532 epistolam
1168 3466 1267 3517 oom-

178 3552 363 3651 plieabam‚
386 3552 469 3625 dum
488 3576 580 3627 nova
596 3559 683 3629 elam
702 3557 875 3652 obrepens
895 3562 1059 3652 cogitatio
1079 3565 1266 3658 scripturae

179 3676 345 3771 longioris
371 3675 559 3748 admonuit.
581 3679 672 3763 Quid
696 3682 985 3756 iaoerem‘l'Prior
1011 3707 1165 3782 papyrus
1191 3691 1268 3784 ple·

177 3821 234 3883 na,
270 3820 334 3871 nec
367 3796 515 3871 addendi
550 3800 680 3894 aliquid
717 3803 813 3874 locus
846 3815 934 3883 erat.
971 3829 1204 3904 summusque
1228 3811 1265 3884 in

177 3922 335 4014 margine
356 3943 481 3995 versus
502 3921 713 4009 adhaeserat,
737 3934 775 3995 ut
794 3926 843 3997 ait
863 3927 966 3999 Naso.
989 3929 1090 4001 Certe
1110 3933 1208 4025 quod
1223 3933 1265 4003 il-

178 4044 222 4115 lie
241 4046 411 4119 omissum
432 4046 496 4117 luit
516 4046 571 4117 bie
588 4069 777 4142 exsequar:
802 4057 895 4122 tanto
914 4050 1056 4143 quidem
1078 4052 1180 4126 nobis
1206 4078 1265 4129 ao-

178 4169 334 4240 eurntius
355 4169 491 4261 agenda
514 4179 597 4242 sunt
620 4169 748 4252 omnia,
770 4178 901 4262 quanto
926 4172 1077 4265 plurium
1103 4174 1266 4250 subitura

176 4288 357 4375 iudicium,
398 4291 597 4385 saepiusque
634 4293 723 4364 inter
770 4292 914 4364 livorem
961 4293 1265 4393 ignorantiamque

178 4411 352 4485 versanda
373 4424 464 4485 sunt.
488 4412 525 4484 ld
551 4414 691 4486 minime
717 4414 963 4507 negligendum
1000 4427 1038 4487 ut
1069 4418 1265 4510 superioris
