2738 5062
140 661 199 721 lto
482 669 521 714 oa
544 666 643 714 riscus
665 664 885 713 caururamuos

141 804 321 876 sententiae
334 801 438 872 huius
452 798 562 882 affers,
577 797 645 868 uisi
658 796 750 890 quod
764 796 831 868 hoc
842 806 880 867 et
891 794 1045 868 medicos
1057 794 1230 869 docuisse

141 926 207 1009 ais,
230 934 265 995 et
285 923 443 995 Caesares
463 920 640 1020 didicisse..
659 920 752 991 Beue
771 917 911 1009 quidem
931 918 1080 989 multum
1103 914 1229 1013 dispa-

141 1048 191 1117 ria
212 1044 405 1138 coequasti:
427 1066 506 1116 nam
528 1053 564 1113 et
584 1042 744 1114 Caesares
769 1061 866 1133 aegro
884 1040 960 1112 orbi
982 1040 1117 1112 mederi
1143 1040 1227 1114 soli-

141 1178 196 1240 tos
217 1167 428 1258 accepimus:
450 1188 540 1236 nuuc
566 1174 602 1233 et
621 1163 686 1256 ipsi
706 1184 785 1233 cum
812 1162 953 1255 reliquis
973 1170 1165 1255 aegrotant,
1190 1174 1227 1233 et

141 1288 294 1360 mundus
312 1308 407 1377 aeger
424 1284 557 1358 medico
578 1297 684 1367 earet,
700 1296 735 1355 et
752 1306 844 1355 mors
859 1284 1069 1356 universalis
1086 1284 1123 1354 in
1142 1285 1226 1355 lori·

142 1409 209 1487 hus
221 1422 285 1479 est.
304 1409 363 1479 Dic
380 1419 495 1480 autem
518 1408 609 1489 mihi,
628 1407 754 1490 Caesar,
769 1405 853 1499 quid
870 1427 918 1477 ex
934 1406 1097 1479 omuibus
1110 1407 1224 1479 inteu-

143 1540 252 1601 tatom
270 1533 347 1601 est‘?
365 1529 485 1612 verba,
505 1550 642 1621 precer,
662 1528 779 1607 miuae,
799 1526 990 1612 blanditiae,
1009 1534 1225 1621 apparatus?

141 1650 232 1733 Quid
253 1658 362 1720 rcstat
380 1648 445 1718 nisi
469 1660 505 1719 ut
530 1646 689 1719 hostibus
710 1647 842 1741 imperii
867 1650 1016 1743 supplex
1041 1648 1087 1720 ad
1106 1670 1224 1743 genua

141 1770 385 1867 provolvaris?
404 1768 439 1839 Si
461 1767 495 1839 id
516 1768 636 1840 auditu
656 1768 785 1842 lmdum
807 1778 844 1840 et
863 1768 1043 1861 indiguum
1062 1782 1132 1855 est,
1155 1774 1224 1845 fer-

142 1916 218 1964 rum
244 1901 406 1984 superest
431 1891 550 1961 ultima
574 1902 838 1963 veternosorum
859 1894 1014 1963 ulcerum
1040 1890 1220 1967 medicina.

141 2016 227 2084 Nam
253 2012 338 2105 quid
363 2014 511 2106 amplius
535 2015 726 2107 expectas?
748 2012 864 2084 Padus
886 2022 926 2084 ut
945 2013 990 2085 ad
1016 2015 1146 2085 lentem
1167 2038 1221 2087 re-

142 2138 241 2207 deat‘?
258 2132 321 2203 lhit
341 2134 398 2205 ille
413 2155 482 2226 qua
503 2135 625 2205 solitus
645 2142 709 2217 est,
727 2142 764 2205 et
782 2156 860 2205 cum
882 2155 984 2208 amne
1000 2136 1112 2209 fluent
1130 2138 1218 2219 auui,

142 2254 304 2347 quodque
325 2277 394 2326 non
411 2278 504 2327 nuuc
525 2256 661 2326 noviter
679 2277 726 2326 ex
747 2277 803 2326 me
820 2256 937 2339 audis,
960 2258 1141 2330 iuventam
1166 2278 1221 2331 se·

142 2387 263 2447 nectus
287 2376 451 2468 excipiet,
480 2389 692 2450 senectutem
720 2399 825 2449 mors.
853 2378 944 2448 Nihil
969 2400 1117 2473 prorsus
1143 2380 1220 2453 hinc

142 2500 296 2582 auferes,
318 2497 385 2568 nisi
401 2497 496 2589 quod
515 2497 604 2569 bene
626 2519 690 2570 seu
709 2498 803 2592 quod
823 2502 912 2570 male
933 2501 1113 2592 gesseris:
1139 2502 1219 2573 nihil

143 2620 198 2691 hic
217 2620 370 2692 dimittes
386 2631 496 2705 tuum,
513 2630 641 2713 praeler
661 2622 810 2693 nominis
834 2621 1037 2693 memoriam
1057 2634 1094 2694 et
1114 2646 1220 2697 exau·

121 2770 211 2838 ·gue
227 2750 487 2840 corpusculum;
509 2746 592 2819 illud
610 2770 749 2842 quoque
770 2771 836 2819 non
858 2749 926 2818 iam
947 2758 1045 2819 tuum
1069 2749 1134 2821 sed
1155 2760 1221 2820 ter·

143 2892 192 2942 rae
218 2870 387 2962 parentio,
410 2891 451 2941 ae
470 2870 642 2941 vermium
670 2892 737 2941 uon
759 2870 870 2961 magis
892 2869 1092 2943 Caesaribus
1119 2892 1219 2965 quam

143 2990 275 3083 plebeis
299 2992 527 3085 parcentium,
550 2991 620 3063 imo
641 2991 780 3084 quidem
803 2989 940 3063 avidius
960 3014 1107 3086 corpora
1129 2992 1222 3066 nobi-

87 3118 89 3123 '
142 3114 226 3184 liora
253 3111 458 3184 rodentium.
481 3111 571 3194 Quid
597 3113 640 3183 de
662 3111 737 3183 aliis
763 3109 824 3183 fiet
848 3134 929 3206 quae
953 3114 1119 3189 videntur
1145 3118 1222 3188 tua‘?

143 3238 243 3307 Certe
266 3256 350 3329 opes
376 3245 413 3307 et
436 3234 619 3327 imperium
646 3233 782 3327 linquas
811 3236 910 3308 alteri
939 3256 1088 3310 necesse
1111 3246 1169 3309 est
1189 3246 1223 3309 et

142 3359 282 3447 ignoras
303 3357 370 3427 cui.
393 3359 475 3427 llaec
501 3356 651 3427 humana
671 3357 820 3429 conditio
844 3369 915 3442 est,
937 3359 993 3429 oui
1019 3381 1086 3431 nec
1107 3360 1222 3433 caesrr

144 3498 206 3545 nec
228 3476 387 3547 Pontifex
409 3499 582 3560 romanoe,
604 3478 755 3572 donique
772 3502 837 3552 noc
858 3502 977 3572 regum
1000 3504 1064 3554 uec
1086 3483 1223 3555 omniuo

143 3594 321 3668 hominum
342 3599 433 3669 ullus
458 3598 634 3670 eximitur.
656 3601 754 3673 Nunc
779 3602 892 3692 igitur,
915 3625 1007 3674 nuuc
1027 3626 1112 3675 cura
1131 3602 1221 3695 quod

144 3738 282 3807 semper
299 3739 366 3787 uon
389 3719 527 3809 poteris,
549 3722 663 3812 qualia
685 3724 815 3795 scilicet
833 3747 915 3795 csso
936 3725 1022 3797 velis
1044 3746 1128 3817 quae
1147 3746 1221 3818 pm-

144 3837 217 3930 pria
237 3849 273 3909 et
288 3840 562 3913 irrevocabiliter
583 3852 641 3915 tua
663 3854 765 3915 suut:
786 3848 936 3919 animam
958 3858 993 3918 et
1011 3850 1153 3920 lamam.
1171 3850 1222 3919 ln-

144 3970 195 4029 tcr
215 3961 440 4034 temeritatem
466 3974 502 4034 et
526 3965 680 4037 inertiam
709 3966 825 4038 nescio
845 3968 929 4060 quid
949 3968 1101 4058 eligam:
1128 3990 1222 4061 saepc

144 4085 318 4155 temeritas
338 4086 467 4158 lelicior
486 4088 571 4158 luit:
598 4110 665 4159 nou
687 4088 839 4161 delector
858 4091 1039 4175 extremis,
1068 4091 1219 4164 medium

143 4222 273 4291 quaero.
308 4205 376 4276 Sed
408 4208 477 4280 heu
512 4230 636 4280 vercor
669 4211 775 4302 (quod
807 4233 891 4305 pace
924 4213 971 4283 sit
1002 4213 1133 4285 dictum
1164 4224 1220 4286 tua

144 4320 367 4414 omniumque
391 4328 451 4419 qui
476 4330 619 4422 imperio
644 4331 689 4401 illi
716 4343 872 4422 praesunt
896 4336 1027 4426 quique
1052 4333 1223 4427 gerenda·

143 4466 220 4512 rum
248 4465 361 4515 rorum
388 4448 498 4518 officia
525 4454 763 4542 susceperunt.)
789 4476 834 4524 ne
860 4454 998 4546 penitus
1023 4479 1150 4530 verum
1179 4456 1223 4529 sit
