2738 5062
552 378 558 393 t

333 715 946 776 cranaomurusnncruus.-nr1sr0ur
968 719 1031 767 xrv.
1163 704 1222 767 355
1268 760 1272 765 .

143 855 253 926 ritatis
276 874 317 925 ac
336 849 897 944 diligentiaelitterasdestinavit,
915 849 1105 943 inquibus,
1128 851 1222 944 quod

142 978 219 1049 sine
250 975 401 1047 lacrimis
428 973 625 1044 meminisse
650 992 802 1065 nequeo,
829 971 1031 1066 suppliciter
1056 972 1222 1067 precaba-

142 1109 199 1171 tur
222 1107 258 1170 nt
276 1098 341 1169 sibi
368 1113 607 1166 successorem
624 1091 788 1164 idoneum
805 1093 891 1165 dare
909 1097 1049 1177 vellent,
1071 1104 1107 1166 et
1125 1096 1222 1165 velut

142 1220 177 1289 in
197 1215 367 1289 extremis
387 1233 496 1306 agens
518 1221 616 1306 pater
634 1211 763 1284 anxius
783 1211 854 1286 fido
874 1213 987 1285 amico
1007 1213 1134 1285 nubilis
1159 1235 1221 1284 na·

141 1349 189 1412 tae
209 1361 345 1419 curam,
368 1337 419 1409 sic
439 1336 574 1407 illorum
599 1332 682 1407 iidei
707 1334 851 1408 viduam
875 1335 1141 1409 commendabat
1163 1357 1222 1408 ec-

141 1460 307 1532 clesiam?
331 1460 360 1529 0
385 1456 623 1530 beatissimam
649 1457 975 1549 sanctissimamque
1000 1458 1173 1542 animam,
1198 1480 1221 1531 ο

142 1602 227 1653 vere
252 1581 367 1652 virum
399 1581 606 1673 perlectum,
639 1598 662 1648 o
692 1599 777 1649 vere
802 1579 988 1661 solicitum,
1015 1603 1036 1652 ο
1062 1580 1223 1675 superin-

143 1702 342 1774 tendentem
363 1700 563 1794 episcopum
597 1720 639 1770 ae
668 1700 862 1793 pastorem!
900 1700 1047 1784 Quando
1079 1699 1136 1771 alii
1160 1710 1222 1771 aut

143 1822 297 1896 medicos
318 1830 483 1914 quaerunt
499 1830 561 1892 aut
575 1820 727 1894 hariolos
748 1824 978 1915 interpellant,
998 1834 1058 1895 aut
1074 1842 1220 1917 operosa

142 1942 337 2028 conficiunt,
360 1953 422 2016 aut
441 1943 577 2015 variant
596 1953 816 2027 testamenta,
831 1955 892 2015 aut
905 1944 989 2014 nihil
1001 1954 1147 2035 agentes
1168 1952 1221 2014 ta-

142 2065 200 2137 citi
220 2064 465 2156 ingemiscunt,
484 2074 544 2134 aut
561 2071 637 2135 toro
653 2064 844 2136 volvuntur
863 2063 984 2136 flentes
1006 2086 1048 2136 ac
1069 2064 1219 2157 queruli,

142 2198 204 2259 aut
222 2186 357 2259 attoniti
378 2196 414 2258 et
432 2184 626 2257 immobiles
651 2185 772 2256 mortis
798 2185 975 2258 vicinitate
1001 2196 1218 2279 torpescunt,

142 2309 210 2381 iste
229 2331 299 2380 non
317 2329 430 2392 sunm,
451 2307 515 2380 sed
532 2307 691 2379 ecclesiae
712 2327 788 2379 suaa
814 2318 943 2380 statum
965 2308 1152 2381 miseratus
1176 2307 1222 2380 de

143 2433 260 2504 tuturo
283 2429 443 2523 pontifice
467 2428 653 2522 cogitabat,
681 2416 746 2502 nec
770 2430 936 2502 censebat
958 2430 1219 2504 dilectissimam

145 2575 308 2650 sponsam
327 2575 442 2638 suam,
459 2574 537 2623 cum
551 2574 621 2646 qua
638 2562 708 2624 tam
725 2531 947 2626 concorditer
960 2561 1093 2648 septem
1112 2555 1221 2625 lustra

145 2683 372 2768 transegerat
386 2676 444 2745 vel
456 2673 647 2746 intransitu
659 2673 900 2746 deserendam.
915 2673 1001 2756 Quis
1016 2673 1105 2742 hanc
1117 2671 1219 2742 iidem

142 2820 211 2870 non
236 2797 366 2880 laudet,
388 2796 467 2890 quis
493 2797 586 2867 bunc
611 2795 764 2876 animum
790 2817 859 2866 non
884 2803 996 2886 optet;
1021 2791 1102 2886 quis
1132 2791 1222 2866 banc

145 2918 324 2991 morientis
344 2917 574 2990 constentiam
594 2940 662 2989 non
682 2917 852 2989 miretur?
868 2916 946 2987 iulii
960 2916 1111 2988 Caesaris
1131 2917 1222 2988 inter

144 3042 253 3111 multa
277 3039 361 3112 illud
380 3059 534 3112 romanae
565 3038 735 3110 mirantur
755 3039 912 3111 historiae
937 3038 1031 3131 quud
1056 3016 1218 3124 moriens,

144 3183 189 3234 ne
209 3162 388 3234 inferiores
407 3173 525 3255 partes
541 3161 698 3256 corporis
710 3161 860 3234 nudaret
876 3172 980 3254 atque
993 3170 1033 3231 ut
1043 3161 1222 3233 honestior

142 3297 250 3350 casus
269 3286 379 3359 esset,
409 3288 501 3369 togae
526 3276 697 3368 gremium
718 3277 764 3349 ad
784 3276 852 3349 ima
872 3276 1063 3349 demiserit.
1084 3276 1222 3347 Lauda-

143 3410 199 3472 tur
218 3399 254 3472 iu
279 3399 448 3470 extremis
469 3420 611 3492 quoque
629 3420 749 3470 curam
775 3398 911 3471 decoris
932 3396 1101 3469 babuisse
1119 3397 1222 3468 Pom-

142 3520 266 3614 peius;
287 3519 382 3613 apud
406 3520 549 3593 Graecos
572 3519 750 3615 Olympias
775 3518 874 3611 regia
892 3517 1084 3592 Alexandri
1109 3526 1222 3591 mater
1281 3572 1284 3579 .

141 3641 227 3714 dum
248 3641 475 3725 occideretur,
498 3640 655 3718 similiter
672 3650 767 3734 togas
793 3642 908 3714 sinum
926 3640 1115 3714 demisisse
1138 3663 1220 3713 nar-

144 3769 262 3844 ratur3
282 3762 399 3834 minus
419 3761 586 3836 mirabilis
602 3763 639 3835 in
663 3762 808 3837 muliere
829 3763 1056 3847 verecundia,
1078 3761 1221 3855 mirabi·
1332 3836 1338 3845 ,

143 3883 276 3977 liorque
300 3885 505 3957 constantia.
536 3886 795 3979 Epaminondas
821 3906 909 3958 vero
934 3885 1134 3970 Thebanus,
1166 3885 1221 3956 vir

142 4003 233 4078 inter
255 4005 378 4078 Graios
399 4003 676 4089 laudatissimus,
698 4009 782 4079 dum
803 4029 851 4078 ex
872 4006 1023 4099 acceptis
1042 4009 1079 4076 in
1099 4006 1220 4099 praelio

141 4125 347 4198 vulneribus
368 4133 577 4207 moreretur,
600 4133 822 4216 percontatus
838 4147 883 4197 an
904 4127 1028 4221 clypeo
1045 4147 1113 4198 suo
1133 4130 1221 4220 poti-

141 4256 238 4320 retur
257 4246 381 4331 bostis‚
403 4246 463 4318 ubi
485 4247 621 4317 salvum
643 4245 791 4329 audivit,
813 4246 929 4319 afferri
949 4247 1044 4320 illum
1071 4249 1222 4322 iussisse

139 4365 396 4462 dicitur,quem
415 4367 538 4438 martia
550 4367 703 4459 quadam
720 4389 799 4439 eum
812 4370 989 4464 voluptate
1005 4375 1220 4465 complexus,

141 4492 240 4562 velut
273 4501 397 4564 testem
430 4489 563 4563 bellicas
584 4511 659 4562 suae
685 4489 811 4576 laudis,
837 4492 1117 4585 deosculansque
1141 4512 1219 4562 cum
