<?xml version="1.0" encoding="UTF-8"?>
<!DOCTYPE html PUBLIC "-//W3C//DTD XHTML 1.0 Transitional//EN"
    "http://www.w3.org/TR/xhtml1/DTD/xhtml1-transitional.dtd">
<html xmlns="http://www.w3.org/1999/xhtml" xml:lang="en" lang="en">
 <head>
  <title>
</title>
<meta http-equiv="Content-Type" content="text/html;charset=utf-8" />
  <meta name='ocr-system' content='tesseract 3.04.00' />
  <meta name='ocr-capabilities' content='ocr_page ocr_carea ocr_par ocr_line ocrx_word'/>
</head>
<body>
  <div class='ocr_page' id='page_1' title='image "./epistolaederebu02fracgoog_0331.png"; bbox 0 0 2738 5062; ppageno 0'>
   <div class='ocr_carea' id='block_1_1' title="bbox 200 670 944 731">
    <p class='ocr_par' dir='ltr' id='par_1_1' title="bbox 200 670 944 731">
     <span class='ocr_line' id='line_1_1' title="bbox 200 670 944 731; baseline 0.004 -6"><span class='ocrx_word' id='word_1_1' title='bbox 200 670 259 731; x_wconf 64' lang='lat' dir='ltr'>:ltu</span> <span class='ocrx_word' id='word_1_2' title='bbox 539 684 578 730; x_wconf 84' lang='lat' dir='ltr'>ur.</span> <span class='ocrx_word' id='word_1_3' title='bbox 602 683 701 730; x_wconf 81' lang='lat' dir='ltr'>naurs</span> <span class='ocrx_word' id='word_1_4' title='bbox 723 683 944 731; x_wconf 77' lang='lat' dir='ltr'>raurunauurus</span> 
     </span>
    </p>
   </div>
   <div class='ocr_carea' id='block_1_2' title="bbox 122 794 1294 4580">
    <p class='ocr_par' dir='ltr' id='par_1_2' title="bbox 122 794 1294 4580">
     <span class='ocr_line' id='line_1_2' title="bbox 200 794 1293 912; baseline 0.001 -22"><span class='ocrx_word' id='word_1_5' title='bbox 200 823 244 890; x_wconf 90' lang='lat' dir='ltr'>illi</span> <span class='ocrx_word' id='word_1_6' title='bbox 267 817 440 912; x_wconf 81' lang='lat' dir='ltr'><strong>podagrici</strong></span> <span class='ocrx_word' id='word_1_7' title='bbox 462 794 662 887; x_wconf 84' lang='lat' dir='ltr'>conslantos</span> <span class='ocrx_word' id='word_1_8' title='bbox 687 817 794 888; x_wconf 85' lang='lat' dir='ltr'>videri</span> <span class='ocrx_word' id='word_1_9' title='bbox 818 816 963 897; x_wconf 86' lang='lat' dir='ltr'>dobent;</span> <span class='ocrx_word' id='word_1_10' title='bbox 987 815 1049 887; x_wconf 89' lang='lat' dir='ltr'>sed</span> <span class='ocrx_word' id='word_1_11' title='bbox 1069 818 1293 891; x_wconf 87' lang='lat' dir='ltr'>constantio-</span> 
     </span>
     <span class='ocr_line' id='line_1_3' title="bbox 200 924 1294 1021; baseline 0 -10"><span class='ocrx_word' id='word_1_12' title='bbox 200 964 254 1014; x_wconf 80' lang='lat' dir='ltr'>res</span> <span class='ocrx_word' id='word_1_13' title='bbox 282 938 420 1021; x_wconf 90' lang='lat' dir='ltr'>mortui,</span> <span class='ocrx_word' id='word_1_14' title='bbox 443 924 715 1011; x_wconf 77' lang='lat' dir='ltr'>constantissimi</span> <span class='ocrx_word' id='word_1_15' title='bbox 742 946 858 1010; x_wconf 91' lang='lat' dir='ltr'>autem</span> <span class='ocrx_word' id='word_1_16' title='bbox 888 945 1033 1007; x_wconf 81' lang='lat' dir='ltr'>montes.</span> <span class='ocrx_word' id='word_1_17' title='bbox 1056 936 1139 1007; x_wconf 86' lang='lat' dir='ltr'>Haec</span> <span class='ocrx_word' id='word_1_18' title='bbox 1166 935 1294 1011; x_wconf 86' lang='lat' dir='ltr'>hacte-</span> 
     </span>
     <span class='ocr_line' id='line_1_4' title="bbox 199 1059 1293 1156; baseline 0.002 -23"><span class='ocrx_word' id='word_1_19' title='bbox 199 1087 276 1136; x_wconf 91' lang='lat' dir='ltr'>nus.</span> <span class='ocrx_word' id='word_1_20' title='bbox 311 1063 412 1133; x_wconf 91' lang='lat' dir='ltr'>Dicar</span> <span class='ocrx_word' id='word_1_21' title='bbox 445 1064 533 1133; x_wconf 80' lang='lat' dir='ltr'>forte</span> <span class='ocrx_word' id='word_1_22' title='bbox 563 1060 608 1132; x_wconf 92' lang='lat' dir='ltr'>ad</span> <span class='ocrx_word' id='word_1_23' title='bbox 637 1061 901 1132; x_wconf 81' lang='lat' dir='ltr'>excusationem</span> <span class='ocrx_word' id='word_1_24' title='bbox 935 1059 1152 1151; x_wconf 74' lang='lat' dir='ltr'>aegritudinis</span> <span class='ocrx_word' id='word_1_25' title='bbox 1178 1083 1293 1156; x_wconf 80' lang='lat' dir='ltr'>argu-</span> 
     </span>
     <span class='ocr_line' id='line_1_5' title="bbox 200 1183 1293 1276; baseline 0.004 -21"><span class='ocrx_word' id='word_1_26' title='bbox 200 1196 314 1256; x_wconf 88' lang='lat' dir='ltr'>menta</span> <span class='ocrx_word' id='word_1_27' title='bbox 348 1186 561 1276; x_wconf 80' lang='lat' dir='ltr'>conquirere.</span> <span class='ocrx_word' id='word_1_28' title='bbox 589 1183 664 1275; x_wconf 80' lang='lat' dir='ltr'>Ego</span> <span class='ocrx_word' id='word_1_29' title='bbox 690 1205 853 1255; x_wconf 86' lang='lat' dir='ltr'>verume</span> <span class='ocrx_word' id='word_1_30' title='bbox 879 1204 1012 1274; x_wconf 77' lang='lat' dir='ltr'>aegrum</span> <span class='ocrx_word' id='word_1_31' title='bbox 1048 1206 1116 1254; x_wconf 92' lang='lat' dir='ltr'>non</span> <span class='ocrx_word' id='word_1_32' title='bbox 1150 1183 1293 1259; x_wconf 86' lang='lat' dir='ltr'>inficior</span> 
     </span>
     <span class='ocr_line' id='line_1_6' title="bbox 198 1289 1292 1400; baseline 0.006 -24"><span class='ocrx_word' id='word_1_33' title='bbox 198 1305 407 1398; x_wconf 77' lang='lat' dir='ltr'>aegritudine</span> <span class='ocrx_word' id='word_1_34' title='bbox 436 1305 555 1389; x_wconf 89' lang='lat' dir='ltr'>animi,</span> <span class='ocrx_word' id='word_1_35' title='bbox 583 1328 650 1378; x_wconf 91' lang='lat' dir='ltr'>non</span> <span class='ocrx_word' id='word_1_36' title='bbox 678 1327 800 1400; x_wconf 89' lang='lat' dir='ltr'>parva,</span> <span class='ocrx_word' id='word_1_37' title='bbox 837 1315 942 1399; x_wconf 88' lang='lat' dir='ltr'>atque</span> <span class='ocrx_word' id='word_1_38' title='bbox 972 1289 1103 1377; x_wconf 86' lang='lat' dir='ltr'>utinam</span> <span class='ocrx_word' id='word_1_39' title='bbox 1137 1329 1208 1378; x_wconf 88' lang='lat' dir='ltr'>non</span> <span class='ocrx_word' id='word_1_40' title='bbox 1241 1309 1292 1383; x_wconf 85' lang='lat' dir='ltr'>ad</span> 
     </span>
     <span class='ocr_line' id='line_1_7' title="bbox 200 1428 1292 1524; baseline 0.006 -26"><span class='ocrx_word' id='word_1_41' title='bbox 200 1438 358 1499; x_wconf 85' lang='lat' dir='ltr'>mortem:</span> <span class='ocrx_word' id='word_1_42' title='bbox 382 1450 493 1519; x_wconf 90' lang='lat' dir='ltr'>neque</span> <span class='ocrx_word' id='word_1_43' title='bbox 514 1429 601 1501; x_wconf 88' lang='lat' dir='ltr'>adeo</span> <span class='ocrx_word' id='word_1_44' title='bbox 620 1428 653 1499; x_wconf 92' lang='lat' dir='ltr'>in</span> <span class='ocrx_word' id='word_1_45' title='bbox 676 1439 820 1501; x_wconf 85' lang='lat' dir='ltr'>stratum</span> <span class='ocrx_word' id='word_1_46' title='bbox 845 1450 959 1502; x_wconf 89' lang='lat' dir='ltr'>meum</span> <span class='ocrx_word' id='word_1_47' title='bbox 982 1452 1118 1502; x_wconf 88' lang='lat' dir='ltr'>omnem</span> <span class='ocrx_word' id='word_1_48' title='bbox 1140 1433 1292 1524; x_wconf 69' lang='lat' dir='ltr'>agritu-</span> 
     </span>
     <span class='ocr_line' id='line_1_8' title="bbox 199 1550 1288 1639; baseline 0.006 -18"><span class='ocrx_word' id='word_1_49' title='bbox 199 1550 290 1621; x_wconf 89' lang='lat' dir='ltr'>dinis</span> <span class='ocrx_word' id='word_1_50' title='bbox 324 1550 497 1621; x_wconf 79' lang='lat' dir='ltr'>infamiam</span> <span class='ocrx_word' id='word_1_51' title='bbox 533 1561 632 1623; x_wconf 83' lang='lat' dir='ltr'>verto</span> <span class='ocrx_word' id='word_1_52' title='bbox 661 1564 697 1623; x_wconf 93' lang='lat' dir='ltr'>ut</span> <span class='ocrx_word' id='word_1_53' title='bbox 722 1574 778 1622; x_wconf 89' lang='lat' dir='ltr'>mc</span> <span class='ocrx_word' id='word_1_54' title='bbox 805 1552 995 1625; x_wconf 88' lang='lat' dir='ltr'>absolvam.</span> <span class='ocrx_word' id='word_1_55' title='bbox 1024 1554 1151 1624; x_wconf 81' lang='lat' dir='ltr'>lterum</span> <span class='ocrx_word' id='word_1_56' title='bbox 1183 1552 1288 1639; x_wconf 80' lang='lat' dir='ltr'>dieo,</span> 
     </span>
     <span class='ocr_line' id='line_1_9' title="bbox 199 1673 1290 1767; baseline 0.005 -23"><span class='ocrx_word' id='word_1_57' title='bbox 199 1674 294 1766; x_wconf 84' lang='lat' dir='ltr'>quod</span> <span class='ocrx_word' id='word_1_58' title='bbox 317 1673 418 1745; x_wconf 90' lang='lat' dir='ltr'>tacito</span> <span class='ocrx_word' id='word_1_59' title='bbox 439 1696 494 1744; x_wconf 90' lang='lat' dir='ltr'>mc</span> <span class='ocrx_word' id='word_1_60' title='bbox 515 1687 671 1767; x_wconf 85' lang='lat' dir='ltr'>apparet,</span> <span class='ocrx_word' id='word_1_61' title='bbox 695 1696 791 1767; x_wconf 79' lang='lat' dir='ltr'>auger</span> <span class='ocrx_word' id='word_1_62' title='bbox 812 1698 905 1747; x_wconf 90' lang='lat' dir='ltr'>sum:</span> <span class='ocrx_word' id='word_1_63' title='bbox 928 1677 981 1747; x_wconf 86' lang='lat' dir='ltr'>lac</span> <span class='ocrx_word' id='word_1_64' title='bbox 1008 1698 1063 1746; x_wconf 89' lang='lat' dir='ltr'>me</span> <span class='ocrx_word' id='word_1_65' title='bbox 1088 1683 1206 1748; x_wconf 86' lang='lat' dir='ltr'>autem</span> <span class='ocrx_word' id='word_1_66' title='bbox 1229 1699 1290 1751; x_wconf 89' lang='lat' dir='ltr'>sa-</span> 
     </span>
     <span class='ocr_line' id='line_1_10' title="bbox 202 1797 1289 1892; baseline 0.002 -23"><span class='ocrx_word' id='word_1_67' title='bbox 202 1820 296 1882; x_wconf 86' lang='lat' dir='ltr'>num,</span> <span class='ocrx_word' id='word_1_68' title='bbox 325 1799 433 1868; x_wconf 85' lang='lat' dir='ltr'>leram</span> <span class='ocrx_word' id='word_1_69' title='bbox 460 1797 595 1879; x_wconf 73' lang='lat' dir='ltr'>lortius</span> <span class='ocrx_word' id='word_1_70' title='bbox 625 1798 688 1869; x_wconf 89' lang='lat' dir='ltr'>sed</span> <span class='ocrx_word' id='word_1_71' title='bbox 723 1822 789 1870; x_wconf 92' lang='lat' dir='ltr'>non</span> <span class='ocrx_word' id='word_1_72' title='bbox 825 1798 901 1870; x_wconf 90' lang='lat' dir='ltr'>ideo</span> <span class='ocrx_word' id='word_1_73' title='bbox 935 1798 1048 1870; x_wconf 91' lang='lat' dir='ltr'>mollis</span> <span class='ocrx_word' id='word_1_74' title='bbox 1074 1808 1135 1870; x_wconf 90' lang='lat' dir='ltr'>aut</span> <span class='ocrx_word' id='word_1_75' title='bbox 1159 1821 1289 1892; x_wconf 85' lang='lat' dir='ltr'>aequus</span> 
     </span>
     <span class='ocr_line' id='line_1_11' title="bbox 200 1921 1289 2015; baseline 0.002 -24"><span class='ocrx_word' id='word_1_76' title='bbox 200 1924 346 1994; x_wconf 87' lang='lat' dir='ltr'>lectulus</span> <span class='ocrx_word' id='word_1_77' title='bbox 367 1942 468 1993; x_wconf 87' lang='lat' dir='ltr'>meus</span> <span class='ocrx_word' id='word_1_78' title='bbox 488 1922 569 2004; x_wconf 82' lang='lat' dir='ltr'>erit3</span> <span class='ocrx_word' id='word_1_79' title='bbox 592 1924 738 1993; x_wconf 84' lang='lat' dir='ltr'>lectulus</span> <span class='ocrx_word' id='word_1_80' title='bbox 760 1921 844 1993; x_wconf 86' lang='lat' dir='ltr'>vitae</span> <span class='ocrx_word' id='word_1_81' title='bbox 870 1921 989 2002; x_wconf 84' lang='lat' dir='ltr'>huius,</span> <span class='ocrx_word' id='word_1_82' title='bbox 1013 1923 1047 1991; x_wconf 92' lang='lat' dir='ltr'>in</span> <span class='ocrx_word' id='word_1_83' title='bbox 1073 1944 1143 2015; x_wconf 92' lang='lat' dir='ltr'>quo</span> <span class='ocrx_word' id='word_1_84' title='bbox 1167 1923 1289 1994; x_wconf 85' lang='lat' dir='ltr'>lessus</span> 
     </span>
     <span class='ocr_line' id='line_1_12' title="bbox 200 2042 1286 2138; baseline 0.003 -24"><span class='ocrx_word' id='word_1_85' title='bbox 200 2045 308 2126; x_wconf 81' lang='lat' dir='ltr'>iace03</span> <span class='ocrx_word' id='word_1_86' title='bbox 325 2044 410 2135; x_wconf 91' lang='lat' dir='ltr'>quin</span> <span class='ocrx_word' id='word_1_87' title='bbox 423 2045 538 2138; x_wconf 89' lang='lat' dir='ltr'>potius</span> <span class='ocrx_word' id='word_1_88' title='bbox 552 2066 664 2138; x_wconf 89' lang='lat' dir='ltr'>asper,</span> <span class='ocrx_word' id='word_1_89' title='bbox 681 2044 886 2123; x_wconf 86' lang='lat' dir='ltr'>inamoeuus,</span> <span class='ocrx_word' id='word_1_90' title='bbox 906 2042 1114 2127; x_wconf 72' lang='lat' dir='ltr'>immundus</span> <span class='ocrx_word' id='word_1_91' title='bbox 1133 2043 1286 2136; x_wconf 86' lang='lat' dir='ltr'>iniquus,</span> 
     </span>
     <span class='ocr_line' id='line_1_13' title="bbox 202 2164 1289 2257; baseline 0.003 -22"><span class='ocrx_word' id='word_1_92' title='bbox 202 2166 442 2257; x_wconf 81' lang='lat' dir='ltr'>scrupulosus,</span> <span class='ocrx_word' id='word_1_93' title='bbox 465 2177 501 2234; x_wconf 85' lang='lat' dir='ltr'>ct</span> <span class='ocrx_word' id='word_1_94' title='bbox 521 2167 578 2256; x_wconf 93' lang='lat' dir='ltr'>qui</span> <span class='ocrx_word' id='word_1_95' title='bbox 602 2165 808 2237; x_wconf 89' lang='lat' dir='ltr'>sanissimos</span> <span class='ocrx_word' id='word_1_96' title='bbox 828 2165 933 2237; x_wconf 88' lang='lat' dir='ltr'>eliam</span> <span class='ocrx_word' id='word_1_97' title='bbox 955 2164 1180 2237; x_wconf 86' lang='lat' dir='ltr'>vehementer</span> <span class='ocrx_word' id='word_1_98' title='bbox 1199 2187 1289 2238; x_wconf 85' lang='lat' dir='ltr'>exa-</span> 
     </span>
     <span class='ocr_line' id='line_1_14' title="bbox 203 2285 1286 2381; baseline 0.003 -27"><span class='ocrx_word' id='word_1_99' title='bbox 203 2286 299 2377; x_wconf 80' lang='lat' dir='ltr'>gitet.</span> <span class='ocrx_word' id='word_1_100' title='bbox 324 2285 394 2355; x_wconf 88' lang='lat' dir='ltr'>Cur</span> <span class='ocrx_word' id='word_1_101' title='bbox 416 2296 529 2356; x_wconf 89' lang='lat' dir='ltr'>tamon</span> <span class='ocrx_word' id='word_1_102' title='bbox 548 2287 581 2355; x_wconf 89' lang='lat' dir='ltr'>in</span> <span class='ocrx_word' id='word_1_103' title='bbox 600 2286 723 2358; x_wconf 86' lang='lat' dir='ltr'>codem</span> <span class='ocrx_word' id='word_1_104' title='bbox 742 2288 848 2381; x_wconf 86' lang='lat' dir='ltr'>aliqui</span> <span class='ocrx_word' id='word_1_105' title='bbox 868 2287 1050 2379; x_wconf 88' lang='lat' dir='ltr'>quiescant</span> <span class='ocrx_word' id='word_1_106' title='bbox 1070 2286 1197 2370; x_wconf 86' lang='lat' dir='ltr'>nescio,</span> <span class='ocrx_word' id='word_1_107' title='bbox 1215 2286 1286 2359; x_wconf 85' lang='lat' dir='ltr'>nisi</span> 
     </span>
     <span class='ocr_line' id='line_1_15' title="bbox 201 2406 1287 2501; baseline 0.002 -23"><span class='ocrx_word' id='word_1_108' title='bbox 201 2406 281 2500; x_wconf 93' lang='lat' dir='ltr'>quia</span> <span class='ocrx_word' id='word_1_109' title='bbox 304 2411 453 2479; x_wconf 88' lang='lat' dir='ltr'>lortassc</span> <span class='ocrx_word' id='word_1_110' title='bbox 467 2407 669 2498; x_wconf 83' lang='lat' dir='ltr'>profundius</span> <span class='ocrx_word' id='word_1_111' title='bbox 687 2409 854 2500; x_wconf 91' lang='lat' dir='ltr'>consopiti</span> <span class='ocrx_word' id='word_1_112' title='bbox 875 2430 942 2480; x_wconf 93' lang='lat' dir='ltr'>non</span> <span class='ocrx_word' id='word_1_113' title='bbox 961 2409 1115 2480; x_wconf 87' lang='lat' dir='ltr'>sentiunt</span> <span class='ocrx_word' id='word_1_114' title='bbox 1130 2428 1214 2501; x_wconf 82' lang='lat' dir='ltr'>quaa</span> <span class='ocrx_word' id='word_1_115' title='bbox 1231 2431 1287 2480; x_wconf 85' lang='lat' dir='ltr'>me</span> 
     </span>
     <span class='ocr_line' id='line_1_16' title="bbox 205 2528 1288 2624; baseline 0.001 -22"><span class='ocrx_word' id='word_1_116' title='bbox 205 2540 378 2624; x_wconf 86' lang='lat' dir='ltr'>premunt,</span> <span class='ocrx_word' id='word_1_117' title='bbox 401 2539 460 2601; x_wconf 92' lang='lat' dir='ltr'>aut</span> <span class='ocrx_word' id='word_1_118' title='bbox 480 2528 567 2601; x_wconf 87' lang='lat' dir='ltr'>inter</span> <span class='ocrx_word' id='word_1_119' title='bbox 593 2531 800 2623; x_wconf 71' lang='lat' dir='ltr'>asperitates</span> <span class='ocrx_word' id='word_1_120' title='bbox 827 2553 923 2601; x_wconf 81' lang='lat' dir='ltr'>meas</span> <span class='ocrx_word' id='word_1_121' title='bbox 949 2529 1080 2623; x_wconf 90' lang='lat' dir='ltr'>aliquid</span> <span class='ocrx_word' id='word_1_122' title='bbox 1106 2531 1189 2601; x_wconf 91' lang='lat' dir='ltr'>mihi</span> <span class='ocrx_word' id='word_1_123' title='bbox 1218 2532 1288 2603; x_wconf 86' lang='lat' dir='ltr'>sor·</span> 
     </span>
     <span class='ocr_line' id='line_1_17' title="bbox 201 2653 1287 2749; baseline 0.001 -25"><span class='ocrx_word' id='word_1_124' title='bbox 201 2674 264 2724; x_wconf 89' lang='lat' dir='ltr'>san</span> <span class='ocrx_word' id='word_1_125' title='bbox 300 2653 487 2744; x_wconf 82' lang='lat' dir='ltr'>incognitae</span> <span class='ocrx_word' id='word_1_126' title='bbox 519 2654 707 2748; x_wconf 88' lang='lat' dir='ltr'>voluptatis</span> <span class='ocrx_word' id='word_1_127' title='bbox 741 2653 932 2725; x_wconf 84' lang='lat' dir='ltr'>inveniunt.</span> <span class='ocrx_word' id='word_1_128' title='bbox 955 2655 1174 2746; x_wconf 88' lang='lat' dir='ltr'>Quamquam</span> <span class='ocrx_word' id='word_1_129' title='bbox 1200 2653 1287 2749; x_wconf 89' lang='lat' dir='ltr'>quid</span> 
     </span>
     <span class='ocr_line' id='line_1_18' title="bbox 201 2756 1288 2872; baseline 0.004 -26"><span class='ocrx_word' id='word_1_130' title='bbox 201 2775 361 2871; x_wconf 86' lang='lat' dir='ltr'>prohibet</span> <span class='ocrx_word' id='word_1_131' title='bbox 381 2776 489 2848; x_wconf 88' lang='lat' dir='ltr'>libere</span> <span class='ocrx_word' id='word_1_132' title='bbox 509 2776 642 2872; x_wconf 86' lang='lat' dir='ltr'>opinari</span> <span class='ocrx_word' id='word_1_133' title='bbox 664 2788 797 2849; x_wconf 79' lang='lat' dir='ltr'>tentum</span> <span class='ocrx_word' id='word_1_134' title='bbox 819 2799 874 2848; x_wconf 90' lang='lat' dir='ltr'>mc</span> <span class='ocrx_word' id='word_1_135' title='bbox 896 2756 1057 2847; x_wconf 68' lang='lat' dir='ltr'>febribus*</span> <span class='ocrx_word' id='word_1_136' title='bbox 1073 2776 1187 2862; x_wconf 87' lang='lat' dir='ltr'>animi,</span> <span class='ocrx_word' id='word_1_137' title='bbox 1210 2777 1288 2850; x_wconf 81' lang='lat' dir='ltr'>illos</span> 
     </span>
     <span class='ocr_line' id='line_1_19' title="bbox 202 2889 1286 2994; baseline 0 -23"><span class='ocrx_word' id='word_1_138' title='bbox 202 2909 315 2972; x_wconf 84' lang='lat' dir='ltr'>autem</span> <span class='ocrx_word' id='word_1_139' title='bbox 350 2922 472 2984; x_wconf 89' lang='lat' dir='ltr'>sanos;</span> <span class='ocrx_word' id='word_1_140' title='bbox 500 2900 596 2994; x_wconf 90' lang='lat' dir='ltr'>quod</span> <span class='ocrx_word' id='word_1_141' title='bbox 630 2900 676 2973; x_wconf 82' lang='lat' dir='ltr'>de</span> <span class='ocrx_word' id='word_1_142' title='bbox 707 2899 919 2972; x_wconf 87' lang='lat' dir='ltr'>doctioribus</span> <span class='ocrx_word' id='word_1_143' title='bbox 947 2900 1045 2970; x_wconf 82' lang='lat' dir='ltr'>facile</span> <span class='ocrx_word' id='word_1_144' title='bbox 1063 2889 1286 2983; x_wconf 70' lang='lat' dir='ltr'>crediderim</span> 
     </span>
     <span class='ocr_line' id='line_1_20' title="bbox 201 3019 1288 3117; baseline -0.001 -24"><span class='ocrx_word' id='word_1_145' title='bbox 201 3025 380 3117; x_wconf 84' lang='lat' dir='ltr'>populum,</span> <span class='ocrx_word' id='word_1_146' title='bbox 403 3044 554 3114; x_wconf 88' lang='lat' dir='ltr'>namque</span> <span class='ocrx_word' id='word_1_147' title='bbox 576 3045 701 3094; x_wconf 88' lang='lat' dir='ltr'>sanum</span> <span class='ocrx_word' id='word_1_148' title='bbox 728 3021 850 3101; x_wconf 86' lang='lat' dir='ltr'>animi,</span> <span class='ocrx_word' id='word_1_149' title='bbox 885 3043 947 3092; x_wconf 90' lang='lat' dir='ltr'>nec</span> <span class='ocrx_word' id='word_1_150' title='bbox 980 3019 1064 3090; x_wconf 89' lang='lat' dir='ltr'>mihi</span> <span class='ocrx_word' id='word_1_151' title='bbox 1097 3042 1163 3091; x_wconf 91' lang='lat' dir='ltr'>nec</span> <span class='ocrx_word' id='word_1_152' title='bbox 1187 3020 1288 3092; x_wconf 83' lang='lat' dir='ltr'>alteri</span> 
     </span>
     <span class='ocr_line' id='line_1_21' title="bbox 201 3141 1285 3235; baseline -0.003 -21"><span class='ocrx_word' id='word_1_153' title='bbox 201 3144 397 3216; x_wconf 88' lang='lat' dir='ltr'>crediturus</span> <span class='ocrx_word' id='word_1_154' title='bbox 420 3144 500 3228; x_wconf 87' lang='lat' dir='ltr'>sim,</span> <span class='ocrx_word' id='word_1_155' title='bbox 524 3145 589 3215; x_wconf 86' lang='lat' dir='ltr'>sed</span> <span class='ocrx_word' id='word_1_156' title='bbox 606 3142 843 3215; x_wconf 85' lang='lat' dir='ltr'>insensibilem</span> <span class='ocrx_word' id='word_1_157' title='bbox 871 3141 984 3235; x_wconf 90' lang='lat' dir='ltr'>potius</span> <span class='ocrx_word' id='word_1_158' title='bbox 1011 3164 1051 3213; x_wconf 87' lang='lat' dir='ltr'>ac</span> <span class='ocrx_word' id='word_1_159' title='bbox 1078 3150 1285 3234; x_wconf 81' lang='lat' dir='ltr'>torpentem.</span> 
     </span>
     <span class='ocr_line' id='line_1_22' title="bbox 202 3264 1287 3365; baseline 0.003 -31"><span class='ocrx_word' id='word_1_160' title='bbox 202 3266 358 3356; x_wconf 86' lang='lat' dir='ltr'>Denique</span> <span class='ocrx_word' id='word_1_161' title='bbox 390 3265 446 3337; x_wconf 89' lang='lat' dir='ltr'>alii</span> <span class='ocrx_word' id='word_1_162' title='bbox 479 3264 607 3358; x_wconf 87' lang='lat' dir='ltr'>quietis</span> <span class='ocrx_word' id='word_1_163' title='bbox 634 3285 709 3335; x_wconf 83' lang='lat' dir='ltr'>suae</span> <span class='ocrx_word' id='word_1_164' title='bbox 728 3286 854 3365; x_wconf 81' lang='lat' dir='ltr'>causas</span> <span class='ocrx_word' id='word_1_165' title='bbox 882 3265 1009 3348; x_wconf 90' lang='lat' dir='ltr'>norint;</span> <span class='ocrx_word' id='word_1_166' title='bbox 1033 3273 1149 3336; x_wconf 87' lang='lat' dir='ltr'>tamen</span> <span class='ocrx_word' id='word_1_167' title='bbox 1170 3276 1287 3337; x_wconf 87' lang='lat' dir='ltr'>molus</span> 
     </span>
     <span class='ocr_line' id='line_1_23' title="bbox 204 3387 1285 3477; baseline 0.002 -19"><span class='ocrx_word' id='word_1_168' title='bbox 204 3387 269 3458; x_wconf 90' lang='lat' dir='ltr'>mei</span> <span class='ocrx_word' id='word_1_169' title='bbox 302 3408 428 3458; x_wconf 86' lang='lat' dir='ltr'>causas</span> <span class='ocrx_word' id='word_1_170' title='bbox 462 3389 622 3459; x_wconf 86' lang='lat' dir='ltr'>attulisse</span> <span class='ocrx_word' id='word_1_171' title='bbox 657 3387 813 3458; x_wconf 83' lang='lat' dir='ltr'>sufficiat.</span> <span class='ocrx_word' id='word_1_172' title='bbox 849 3387 918 3460; x_wconf 80' lang='lat' dir='ltr'>Aut</span> <span class='ocrx_word' id='word_1_173' title='bbox 951 3409 1017 3477; x_wconf 76' lang='lat' dir='ltr'>ego</span> <span class='ocrx_word' id='word_1_174' title='bbox 1052 3389 1148 3459; x_wconf 82' lang='lat' dir='ltr'>fallor</span> <span class='ocrx_word' id='word_1_175' title='bbox 1178 3388 1285 3471; x_wconf 84' lang='lat' dir='ltr'>enim,</span> 
     </span>
     <span class='ocr_line' id='line_1_24' title="bbox 204 3511 1289 3603; baseline 0.004 -24"><span class='ocrx_word' id='word_1_176' title='bbox 204 3519 264 3579; x_wconf 92' lang='lat' dir='ltr'>aut</span> <span class='ocrx_word' id='word_1_177' title='bbox 288 3527 384 3598; x_wconf 76' lang='lat' dir='ltr'>aeger</span> <span class='ocrx_word' id='word_1_178' title='bbox 409 3530 519 3601; x_wconf 88' lang='lat' dir='ltr'>usque</span> <span class='ocrx_word' id='word_1_179' title='bbox 547 3511 634 3582; x_wconf 86' lang='lat' dir='ltr'>adeo</span> <span class='ocrx_word' id='word_1_180' title='bbox 658 3531 725 3582; x_wconf 91' lang='lat' dir='ltr'>non</span> <span class='ocrx_word' id='word_1_181' title='bbox 755 3532 844 3592; x_wconf 86' lang='lat' dir='ltr'>sum,</span> <span class='ocrx_word' id='word_1_182' title='bbox 873 3511 1035 3603; x_wconf 91' lang='lat' dir='ltr'>quamvis</span> <span class='ocrx_word' id='word_1_183' title='bbox 1062 3532 1159 3602; x_wconf 75' lang='lat' dir='ltr'>aeger</span> <span class='ocrx_word' id='word_1_184' title='bbox 1184 3511 1289 3584; x_wconf 88' lang='lat' dir='ltr'>valde</span> 
     </span>
     <span class='ocr_line' id='line_1_25' title="bbox 205 3629 1288 3722; baseline 0.003 -21"><span class='ocrx_word' id='word_1_185' title='bbox 205 3631 291 3713; x_wconf 89' lang='lat' dir='ltr'>sim,</span> <span class='ocrx_word' id='word_1_186' title='bbox 330 3630 413 3722; x_wconf 91' lang='lat' dir='ltr'>quin</span> <span class='ocrx_word' id='word_1_187' title='bbox 446 3629 678 3721; x_wconf 88' lang='lat' dir='ltr'>quiescerem,</span> <span class='ocrx_word' id='word_1_188' title='bbox 713 3631 780 3703; x_wconf 89' lang='lat' dir='ltr'>nisi</span> <span class='ocrx_word' id='word_1_189' title='bbox 820 3653 875 3702; x_wconf 87' lang='lat' dir='ltr'>me</span> <span class='ocrx_word' id='word_1_190' title='bbox 911 3655 1025 3705; x_wconf 89' lang='lat' dir='ltr'>rerum</span> <span class='ocrx_word' id='word_1_191' title='bbox 1054 3657 1101 3706; x_wconf 86' lang='lat' dir='ltr'>ac</span> <span class='ocrx_word' id='word_1_192' title='bbox 1132 3635 1288 3705; x_wconf 89' lang='lat' dir='ltr'>locorum</span> 
     </span>
     <span class='ocr_line' id='line_1_26' title="bbox 204 3749 1288 3844; baseline 0.002 -20"><span class='ocrx_word' id='word_1_193' title='bbox 204 3752 375 3844; x_wconf 86' lang='lat' dir='ltr'>asperitas</span> <span class='ocrx_word' id='word_1_194' title='bbox 403 3749 559 3841; x_wconf 80' lang='lat' dir='ltr'>agitaret.</span> <span class='ocrx_word' id='word_1_195' title='bbox 583 3754 694 3824; x_wconf 92' lang='lat' dir='ltr'>Unum</span> <span class='ocrx_word' id='word_1_196' title='bbox 722 3774 742 3823; x_wconf 92' lang='lat' dir='ltr'>a</span> <span class='ocrx_word' id='word_1_197' title='bbox 770 3754 1013 3828; x_wconf 85' lang='lat' dir='ltr'>medietatum</span> <span class='ocrx_word' id='word_1_198' title='bbox 1041 3757 1117 3829; x_wconf 91' lang='lat' dir='ltr'>aliis</span> <span class='ocrx_word' id='word_1_199' title='bbox 1143 3757 1288 3831; x_wconf 83' lang='lat' dir='ltr'>remedii</span> 
     </span>
     <span class='ocr_line' id='line_1_27' title="bbox 205 3873 1287 3972; baseline 0.003 -27"><span class='ocrx_word' id='word_1_200' title='bbox 205 3895 316 3965; x_wconf 80' lang='lat' dir='ltr'>genus</span> <span class='ocrx_word' id='word_1_201' title='bbox 343 3873 377 3942; x_wconf 94' lang='lat' dir='ltr'>in</span> <span class='ocrx_word' id='word_1_202' title='bbox 408 3893 504 3944; x_wconf 91' lang='lat' dir='ltr'>meos</span> <span class='ocrx_word' id='word_1_203' title='bbox 539 3896 625 3944; x_wconf 90' lang='lat' dir='ltr'>usus</span> <span class='ocrx_word' id='word_1_204' title='bbox 659 3885 797 3946; x_wconf 86' lang='lat' dir='ltr'>vertero</span> <span class='ocrx_word' id='word_1_205' title='bbox 831 3876 859 3946; x_wconf 91' lang='lat' dir='ltr'>si</span> <span class='ocrx_word' id='word_1_206' title='bbox 893 3879 1063 3972; x_wconf 86' lang='lat' dir='ltr'>potuerim</span> <span class='ocrx_word' id='word_1_207' title='bbox 1092 3877 1287 3963; x_wconf 75' lang='lat' dir='ltr'>hauserit,</span> 
     </span>
     <span class='ocr_line' id='line_1_28' title="bbox 207 3997 1290 4094; baseline 0.005 -27"><span class='ocrx_word' id='word_1_208' title='bbox 207 4008 244 4067; x_wconf 93' lang='lat' dir='ltr'>ut</span> <span class='ocrx_word' id='word_1_209' title='bbox 275 4020 395 4093; x_wconf 90' lang='lat' dir='ltr'>pacem</span> <span class='ocrx_word' id='word_1_210' title='bbox 430 4019 534 4091; x_wconf 88' lang='lat' dir='ltr'>quarn</span> <span class='ocrx_word' id='word_1_211' title='bbox 568 3997 725 4069; x_wconf 83' lang='lat' dir='ltr'>exterius</span> <span class='ocrx_word' id='word_1_212' title='bbox 760 4021 827 4070; x_wconf 92' lang='lat' dir='ltr'>non</span> <span class='ocrx_word' id='word_1_213' title='bbox 862 4001 1034 4071; x_wconf 85' lang='lat' dir='ltr'>inveniam</span> <span class='ocrx_word' id='word_1_214' title='bbox 1067 4000 1162 4071; x_wconf 92' lang='lat' dir='ltr'>intus</span> <span class='ocrx_word' id='word_1_215' title='bbox 1190 4021 1290 4094; x_wconf 86' lang='lat' dir='ltr'>quae-</span> 
     </span>
     <span class='ocr_line' id='line_1_29' title="bbox 206 4120 1290 4217; baseline 0.003 -26"><span class='ocrx_word' id='word_1_216' title='bbox 206 4143 293 4205; x_wconf 88' lang='lat' dir='ltr'>ram,</span> <span class='ocrx_word' id='word_1_217' title='bbox 319 4131 355 4193; x_wconf 89' lang='lat' dir='ltr'>et</span> <span class='ocrx_word' id='word_1_218' title='bbox 382 4120 477 4214; x_wconf 90' lang='lat' dir='ltr'>quod</span> <span class='ocrx_word' id='word_1_219' title='bbox 507 4121 540 4191; x_wconf 93' lang='lat' dir='ltr'>iu</span> <span class='ocrx_word' id='word_1_220' title='bbox 575 4121 658 4192; x_wconf 91' lang='lat' dir='ltr'>locis</span> <span class='ocrx_word' id='word_1_221' title='bbox 686 4143 754 4192; x_wconf 93' lang='lat' dir='ltr'>non</span> <span class='ocrx_word' id='word_1_222' title='bbox 779 4144 940 4217; x_wconf 86' lang='lat' dir='ltr'>possum,</span> <span class='ocrx_word' id='word_1_223' title='bbox 967 4121 1000 4193; x_wconf 91' lang='lat' dir='ltr'>in</span> <span class='ocrx_word' id='word_1_224' title='bbox 1027 4121 1154 4207; x_wconf 86' lang='lat' dir='ltr'>animo,</span> <span class='ocrx_word' id='word_1_225' title='bbox 1184 4122 1290 4194; x_wconf 90' lang='lat' dir='ltr'>immo</span> 
     </span>
     <span class='ocr_line' id='line_1_30' title="bbox 122 4242 1291 4339; baseline 0.003 -26"><span class='ocrx_word' id='word_1_226' title='bbox 122 4275 125 4280; x_wconf 93' lang='lat'>·</span> <span class='ocrx_word' id='word_1_227' title='bbox 204 4251 297 4313; x_wconf 78' lang='lat' dir='ltr'>certe</span> <span class='ocrx_word' id='word_1_228' title='bbox 334 4242 368 4312; x_wconf 92' lang='lat' dir='ltr'>in</span> <span class='ocrx_word' id='word_1_229' title='bbox 406 4243 550 4315; x_wconf 86' lang='lat' dir='ltr'>Domino</span> <span class='ocrx_word' id='word_1_230' title='bbox 586 4254 691 4338; x_wconf 89' lang='lat' dir='ltr'>atque</span> <span class='ocrx_word' id='word_1_231' title='bbox 728 4244 938 4317; x_wconf 82' lang='lat' dir='ltr'>illustratore</span> <span class='ocrx_word' id='word_1_232' title='bbox 977 4244 1083 4316; x_wconf 90' lang='lat' dir='ltr'>animi</span> <span class='ocrx_word' id='word_1_233' title='bbox 1125 4245 1291 4339; x_wconf 87' lang='lat' dir='ltr'>conquie-</span> 
     </span>
     <span class='ocr_line' id='line_1_31' title="bbox 206 4366 1289 4461; baseline 0.002 -26"><span class='ocrx_word' id='word_1_234' title='bbox 206 4387 311 4437; x_wconf 89' lang='lat' dir='ltr'>scam.</span> <span class='ocrx_word' id='word_1_235' title='bbox 346 4368 394 4437; x_wconf 87' lang='lat' dir='ltr'>De</span> <span class='ocrx_word' id='word_1_236' title='bbox 431 4366 497 4437; x_wconf 90' lang='lat' dir='ltr'>hoc</span> <span class='ocrx_word' id='word_1_237' title='bbox 529 4368 627 4460; x_wconf 91' lang='lat' dir='ltr'>plura</span> <span class='ocrx_word' id='word_1_238' title='bbox 665 4368 762 4440; x_wconf 89' lang='lat' dir='ltr'>alias.</span> <span class='ocrx_word' id='word_1_239' title='bbox 797 4366 870 4438; x_wconf 90' lang='lat' dir='ltr'>Tibi</span> <span class='ocrx_word' id='word_1_240' title='bbox 903 4389 1001 4451; x_wconf 85' lang='lat' dir='ltr'>vcro,</span> <span class='ocrx_word' id='word_1_241' title='bbox 1040 4367 1169 4440; x_wconf 89' lang='lat' dir='ltr'>ducum</span> <span class='ocrx_word' id='word_1_242' title='bbox 1208 4389 1289 4461; x_wconf 92' lang='lat' dir='ltr'>pru-</span> 
     </span>
     <span class='ocr_line' id='line_1_32' title="bbox 204 4485 1289 4580; baseline -0.003 -20"><span class='ocrx_word' id='word_1_243' title='bbox 204 4488 426 4571; x_wconf 81' lang='lat' dir='ltr'>dentissimo,</span> <span class='ocrx_word' id='word_1_244' title='bbox 467 4510 568 4580; x_wconf 88' lang='lat' dir='ltr'>quem</span> <span class='ocrx_word' id='word_1_245' title='bbox 609 4491 680 4560; x_wconf 92' lang='lat' dir='ltr'>sola</span> <span class='ocrx_word' id='word_1_246' title='bbox 718 4487 868 4560; x_wconf 87' lang='lat' dir='ltr'>charitas</span> <span class='ocrx_word' id='word_1_247' title='bbox 908 4485 1061 4579; x_wconf 78' lang='lat' dir='ltr'>cogitare</span> <span class='ocrx_word' id='word_1_248' title='bbox 1098 4487 1144 4560; x_wconf 88' lang='lat' dir='ltr'>de</span> <span class='ocrx_word' id='word_1_249' title='bbox 1183 4487 1289 4559; x_wconf 85' lang='lat' dir='ltr'>rebus</span> 
     </span>
    </p>
   </div>
   <div class='ocr_carea' id='block_1_3' title="bbox 0 0 1380 5062">
    <p class='ocr_par' dir='ltr' id='par_1_3' title="bbox 0 0 1380 5062">
     <span class='ocr_line' id='line_1_33' title="bbox 0 0 1380 5062; baseline 0 0"><span class='ocrx_word' id='word_1_250' title='bbox 0 0 1380 5062; x_wconf 95' lang='lat' dir='ltr'> </span> 
     </span>
    </p>
   </div>
  </div>
 </body>
</html>
