2738 5062
349 724 441 774 nrusn
463 723 960 783 qurnrusnnoruus-nersruun
983 727 1022 775 ru.
1164 714 1218 776 321

145 865 267 936 saltem
288 861 436 933 leniatur
456 861 635 953 asperitas.
663 860 718 931 Sic
745 861 865 944 iactor,
888 881 956 931 non
982 861 1126 953 ignarus
1148 866 1224 934 nnl-

145 990 213 1058 lum
237 985 293 1055 bic
312 983 439 1074 quietis
460 985 588 1054 locum:
611 985 675 1056 sed
695 1004 757 1075 per
782 985 909 1057 multos
936 983 1073 1056 labores
1099 987 1145 1058 ad
1170 1009 1225 1058 re—

143 1110 261 1200 quiem
296 1106 541 1201 suspirandum
568 1105 863 1199 gemendumque,
890 1116 925 1177 et
950 1108 1223 1199 quodomnium

144 1229 394 1324 gravissimum
412 1228 536 1299 merito
553 1227 717 1311 dixerim,
736 1228 825 1299 inter
843 1237 892 1299 tot
909 1227 1046 1301 labores
1064 1230 1224 1323 interque
1312 1207 1315 1211 .

143 1364 216 1425 tam
238 1351 354 1424 varios
376 1351 457 1421 vitae
478 1360 587 1422 aestus
612 1349 657 1421 de
682 1349 823 1422 aeternis
848 1349 1108 1423 difficultatibus
1129 1353 1225 1423 aesti-

144 1475 283 1569 busque
302 1475 480 1570 perpetuis
500 1496 541 1546 ae
562 1472 739 1546 laboribus
760 1473 1025 1546 formidandum.
1047 1473 1139 1558 Quid
1163 1497 1226 1546 au-

145 1609 229 1684 tem,
255 1597 347 1670 dicet
371 1596 510 1690 aliquis,
532 1595 662 1689 inquis,
684 1595 780 1688 quod
800 1595 897 1668 multi
920 1597 954 1667 in
973 1596 1107 1670 eisdem
1134 1599 1226 1671 sedi-

144 1720 211 1794 bus
232 1722 266 1792 in
287 1721 416 1814 quibus
438 1727 475 1791 tu
495 1719 691 1791 concuteris
712 1718 899 1811 quiescunt
923 1706 1123 1813 immotiqr're
1143 1743 1225 1793 eon-

144 1845 296 1917 sistunt?
316 1843 377 1916 Cui
398 1862 467 1935 ego
488 1841 694 1934 respondeo:
716 1863 821 1934 quam
848 1842 947 1912 multi
967 1842 1010 1913 iis
1031 1844 1164 1916 eisdem
1190 1846 1224 1915 in

143 1968 227 2038 locis
248 1965 436 2058 inquietius
469 1962 630 2034 habitant
660 1962 887 2058 crebriusque
914 1966 1121 2036 volvuntur!
1149 1967 1223 2037 Non

140 2089 254 2162 dicam
287 2090 464 2161 coelestem
499 2085 669 2177 originem
704 2085 911 2170 animarum,
938 2087 1034 2179 quod
1057 2087 1224 2179 Virgilius

142 2213 202 2297 ait,
225 2232 337 2303 neque
357 2210 452 2303 quod
470 2209 518 2280 ait
535 2209 671 2292 Cicero,
689 2208 841 2280 animum
863 2207 964 2280 nobis
984 2209 1103 2282 datum
1121 2231 1168 2280 ex
1185 2209 1226 2280 il-

142 2335 186 2406 lis
207 2333 426 2428 sempiternis
448 2332 587 2425 ignibus
613 2352 702 2426 qnos
730 2331 843 2404 sidera
869 2340 906 2403 et
930 2333 1051 2404 stellas
1072 2333 1222 2428 appella-

144 2478 237 2541 muS,
262 2468 299 2528 ut
319 2454 541 2527 similitudine
566 2454 731 2548 quadam,
754 2454 848 2547 quod
868 2455 1011 2528 Senecae
1030 2456 1155 2548 placet,
1177 2476 1225 2525 ex

143 2579 274 2672 ignium
295 2577 511 2650 volubilitate
530 2577 738 2660 coelestium,
761 2576 954 2650 animarum
978 2577 1058 2648 inde
1079 2597 1226 2649 nascen-

141 2703 227 2774 tium
254 2700 452 2774 volubilitas
483 2709 685 2772 excusetur.
712 2698 780 2772 Sed
804 2698 871 2771 hoe
896 2699 987 2784 dico,
1015 2710 1151 2771 creatas
1178 2701 1225 2771 si-

140 2828 282 2919 mulque
301 2824 505 2921 corporibus
525 2824 660 2896 inlusae
680 2823 815 2896 animas
836 2846 857 2895 a
876 2825 950 2896 Deo
970 2844 1064 2906 esse,
1083 2824 1145 2893 Dei
1168 2845 1224 2894 se-

142 2948 222 3020 dem
249 2949 282 3017 in
307 2948 395 3020 coelo
415 2969 512 3032 esse,
534 2948 628 3042 quod
649 2946 696 3018 ait
716 2945 913 3030 Psalmisla,
935 2946 1012 3018 eoeli
1034 2967 1119 3017 vero
1145 2968 1224 3039 per-

142 3078 285 3164 petuum
304 3080 434 3140 motum
448 3091 542 3155 esse,
563 3069 657 3164 quod
675 3067 763 3163 ipsis
779 3067 890 3140 oculis
908 3067 1081 3139 videmus.
1103 3068 1224 3158 ltaque

144 3191 227 3263 nibil
261 3191 336 3264 miri
370 3192 400 3263 si
433 3214 539 3287 quam
571 3191 653 3264 inde
682 3188 940 3263 similitudinem
966 3187 1137 3261 traximus
1165 3188 1222 3259 ubi

142 3317 286 3388 Creator
306 3325 425 3388 noster
442 3315 585 3387 habitat.
602 3314 728 3387 Nescio
744 3315 885 3408 quidem
900 3313 1006 3397 unde,
1022 3315 1093 3386 scio
1107 3324 1222 3401 autem

142 3441 255 3532 qualis
275 3437 504 3510 nobilioribus
524 3437 648 3509 animis
666 3437 860 3530 praesertim
878 3435 1017 3509 visendi
1038 3458 1129 3508 nova
1150 3437 1224 3507 loca

142 3572 178 3632 et
198 3561 445 3634 mutandarum
474 3562 655 3653 regionum
680 3568 736 3632 est
761 3559 880 3633 innata
905 3559 1090 3656 cupiditas,
1117 3581 1221 3652 quam

145 3683 286 3756 rationis
307 3672 418 3755 irae'no
438 3683 666 3756 cohibendam
690 3683 1018 3777 temperandumque
1036 3703 1104 3754 non
1123 3703 1223 3772 nego.

144 3805 256 3878 Crede
276 3817 392 3879 autem
419 3806 517 3892 mibi,
540 3808 734 3901 credesque
761 3806 896 3879 facilius
919 3818 1101 3900 expertus
1122 3804 1224 3876 dulce

123 3928 425 4023 laboriosumque
444 3931 562 4001 nescio
595 3930 679 4021 quid
712 3929 819 4002 babet
844 3931 909 4001 ista
933 3928 1119 4000 curiositas
1146 3951 1223 4022 pro-

143 4049 276 4121 vincias
298 4049 489 4122 ambiendi:
509 4072 578 4120 una
595 4058 709 4120 autern
729 4050 814 4123 sede
833 4048 1035 4122 sedentibus
1053 4050 1224 4142 peculiare

144 4193 286 4265 semper
305 4195 383 4244 cum
405 4171 522 4264 quiete
543 4169 730 4242 fastidium.
752 4170 901 4243 Proinde
920 4170 1005 4265 qnid
1026 4171 1060 4241 in
1081 4171 1148 4243 hoc
1172 4172 1224 4242 in-

142 4315 212 4386 que
229 4294 305 4365 aliis
323 4294 501 4368 bominum
520 4293 615 4365 curis
632 4292 798 4387 optimum
817 4295 891 4366 Deo
910 4293 973 4365 soli
992 4303 1110 4367 notum
1129 4307 1222 4387 puto.

142 4414 179 4485 Si
200 4417 280 4509 quis
300 4430 356 4488 est
376 4439 461 4488 sane
483 4417 542 4509 qni
564 4415 728 4487 virtutem
750 4438 817 4487 non
835 4417 870 4486 in
888 4419 1015 4504 animo,
1040 4420 1155 4492 sedin
1174 4420 1223 4490 lo-

141 4539 194 4610 cis
216 4549 336 4631 ponat,
359 4551 398 4612 'et
424 4538 694 4610 immobilitatem
715 4542 943 4614 constantiam
973 4557 1105 4626 vocet,
1122 4538 1224 4610 valde

272 4671 300 4710 u.
1038 4659 1064 4709 at
