2738 5062
179 699 238 762 508
517 709 558 757 nn
579 706 681 757 nunus
702 705 924 758 riururlnrnus

179 843 375 920 llletuebam
400 862 502 929 sene,
523 841 620 936 quod
636 863 728 913 nunc
743 840 866 927 video,
885 862 931 913 nc
949 850 1070 914 vestra
1088 843 1144 917 illa
1160 842 1259 916 duri-

179 971 246 1043 ties
266 965 347 1037 belli
364 962 510 1035 maximi
527 961 671 1034 materia
690 973 726 1034 et
745 962 907 1035 immensi
923 963 1132 1037 discriminis
1148 988 1258 1039 causa

179 1095 277 1164 toret.
307 1087 396 1170 Quae
422 1083 451 1155 si
475 1094 544 1156 tam
566 1084 626 1155 tibi
650 1086 859 1177 caeterisque
883 1085 1095 1178 principibus
1122 1110 1258 1160 rernm-

179 1208 411 1303 publicarum,
432 1228 535 1299 qunm
558 1203 641 1274 mibi
668 1205 799 1276 bomini
821 1208 960 1300 penitus
984 1208 1096 1282 otioso
1116 1229 1157 1279 ac
1177 1211 1261 1281 soli-

180 1332 268 1402 tario
300 1330 537 1420 displicerent,
566 1326 649 1398 felix
678 1326 775 1397 ltalia
804 1328 880 1397 iure
911 1346 976 1398 suo
1004 1329 1137 1400 cunctis
1167 1350 1259 1400 nunc

179 1454 283 1524 etiam
303 1449 491 1545 provinciis
512 1452 711 1543 imperaret,
738 1472 819 1542 quae
843 1469 950 1544 prope
971 1449 1039 1521 iam
1065 1470 1171 1522 serva
1191 1459 1257 1522 est.

179 1573 310 1643 Verum
328 1574 410 1664 quia
427 1592 576 1663 magnus
593 1591 691 1641 amor
711 1573 859 1642 multum
887 1572 972 1642 mibi
997 1570 1130 1665 praebet
1149 1571 1260 1644 auda·

179 1694 255 1778 ciae,
275 1702 311 1764 et
326 1695 409 1786 qnia
423 1692 535 1765 dulcis
552 1693 628 1786 spei
645 1693 811 1784 reliquias
828 1693 959 1763 invitus
978 1690 1111 1776 abiicio,
1131 1693 1258 1765 iterum

180 1825 284 1908 atque
316 1816 441 1886 iterum
468 1813 648 1886 retentabc
675 1815 806 1898 omnia,
830 1824 932 1906 teque
957 1815 1002 1886 de
1027 1822 1098 1885 tam
1124 1814 1259 1908 longin-

179 1957 263 2029 quo,
297 1936 425 2007 ducum
456 1934 775 2028 providentissime,
803 1933 1040 2019 contestabor,
1069 1935 1099 2005 si
1129 1934 1257 2008 absens

179 2061 267 2130 forte
287 2059 417 2129 felicior
447 2079 551 2149 quam
581 2075 752 2149 praesens,
778 2057 980 2148 calamoque
1001 2057 1172 2148 potentior
1192 2060 1256 2128 sim

178 2198 283 2270 quam
305 2179 441 2269 lingna,
460 2187 521 2249 aut
542 2178 571 2248 si
597 2176 750 2249 secunda
779 2179 925 2270 primam
954 2179 1073 2248 vincat
1098 2179 1256 2271 epistola.

106 2307 109 2313 ’
178 2295 276 2367 Nosti
302 2297 478 2388 equidem,
501 2300 557 2368 vir
573 2301 714 2391 optime,
737 2320 757 2369 e
778 2297 912 2370 cunctis
934 2298 1039 2369 rebus
1062 2301 1258 2371 mortalium

180 2418 370 2489 novissime
391 2441 488 2511 spem
502 2417 647 2510 deponi,
671 2441 735 2491 nec
755 2421 822 2490 nisi
839 2441 919 2491 cum
941 2421 1013 2490 vita
1030 2430 1258 2513 extremoque

179 2538 306 2623 halitu,
345 2541 507 2631 quemvis
539 2561 603 2611 nec
642 2549 724 2610 tunc
760 2560 900 2631 quoque
935 2537 1136 2632 deponitur,
1176 2541 1259 2633 quin

179 2662 295 2754 potius
316 2661 359 2733 ad
382 2663 524 2734 meliora
543 2662 757 2734 convertitur
783 2661 884 2732 etad
904 2669 1030 2732 metam
1056 2661 1165 2732 venit.
1192 2661 1260 2733 Sed

179 2784 224 2855 de
245 2785 441 2857 mortalium
461 2784 567 2855 rebus
586 2786 719 2877 loquor.
740 2784 824 2852 Haec
844 2780 950 2873 igitur
972 2780 1076 2852 modo
1096 2802 1153 2852 me
1174 2783 1260 2852 refe

180 2913 257 2974 vet:
279 2908 312 2976 in
334 2907 399 2977 bac
421 2928 490 2978 una
510 2904 627 2976 multis
648 2903 793 2999 publicis
816 2904 916 2973 malis
933 2906 1048 2974 fessus
1068 2910 1104 2973 et
1125 2903 1259 2994 mugnis

178 3029 327 3100 fortunae
348 3030 450 3099 minis
471 3027 661 3099 exterritus
682 3027 877 3119 acquiesco.
901 3025 1028 3095 Vivere
1048 3024 1208 3095 desinam
1230 3025 1259 3096 si

180 3170 321 3244 sperare
340 3151 489 3231 desiero,
503 3150 596 3233 Quid
612 3159 727 3221 autem
748 3170 885 3242 sperem
902 3148 932 3218 si
950 3171 1006 3220 me
1028 3168 1142 3239 roges,
1158 3167 1259 3241 spero

178 3271 274 3362 quod
306 3273 427 3364 cupio:
462 3292 581 3341 sanam
619 3277 770 3340 mentem
803 3267 1056 3360 consiliumque
1090 3269 1257 3339 maturius

179 3393 246 3461 etsi
268 3413 336 3462 non
352 3395 469 3464 forsan
488 3413 509 3462 a
526 3391 672 3476 ratione,
691 3400 728 3462 at
749 3391 870 3462 saltem
888 3388 933 3460 ab
948 3391 1164 3482 experientia
1180 3408 1258 3481 pro-

180 3514 361 3583 lecturum.
380 3513 478 3583 Nosti
495 3523 663 3606 expertus
681 3511 765 3605 quid
782 3534 869 3605 pax,
888 3510 973 3602 quid
993 3509 1121 3582 bellum
1141 3532 1256 3583 secum

180 3638 283 3707 ferat:
305 3632 422 3704 vidisti
441 3634 562 3705 faciem
586 3643 768 3727 utromque
790 3636 951 3704 lortunae:
972 3634 1057 3704 victi
1078 3633 1205 3717 fuistis,
1226 3641 1260 3703 et

180 3757 332 3839 vicistis,
358 3754 522 3847 quamvis
544 3764 582 3824 ut
601 3764 655 3824 est
676 3774 775 3824 mens
796 3753 974 3824 bominum
997 3754 1165 3824 indomita
1185 3753 1261 3823 vin-

180 3879 352 3971 cendique
369 3875 571 3971 percupida,
588 3876 735 3967 primum
757 3877 844 3947 lorte
865 3876 1063 3966 negaveris.
1082 3876 1158 3946 Non
1179 3895 1260 3946 con-

182 3999 285 4071 tendo
306 4009 343 4071 ut
363 4000 518 4072 viceritis
545 4019 695 4091 semper.
725 3997 893 4090 Computa
918 4016 1040 4088 quaeso
1071 3995 1155 4088 quid
1183 3995 1259 4079 tibi,

181 4120 266 4210 quid
298 4121 511 4213 Reipublicae
538 4121 693 4193 victoriis
731 4118 930 4190 accesserit.
964 4119 1079 4189 Minus
1110 4118 1260 4211 profecto

181 4239 268 4320 auri,
291 4243 405 4312 minos
430 4253 485 4314 cst
511 4241 703 4334 sanguinis,
726 4249 762 4311 et
781 4239 875 4333 quod
894 4248 950 4310 est
975 4239 1178 4333 pessimum,
1207 4243 1260 4308 est

182 4364 259 4457 plus
282 4361 451 4431 scelerum
472 4386 512 4434 ac
533 4367 711 4437 malornm.
729 4363 817 4445 Quae
841 4363 871 4433 si
888 4360 1080 4434 victoribus
1099 4358 1260 4432 accidunt

181 4483 265 4577 quid
281 4503 423 4578 sperare
442 4481 570 4554 debent
589 4485 697 4556 victi‘l
718 4484 832 4575 lncipe
855 4484 923 4553 iam
948 4502 1085 4576 precor,
1113 4483 1148 4552 in
1175 4482 1261 4552 hanc
