2738 5062
357 616 450 664 ntnnu
471 616 965 665 nsutnusrnurrus.—nnrsrrus
990 619 1027 665 u'.
1176 603 1235 663 aaa

154 766 187 826 et
202 755 298 823 lerro
315 752 437 824 fractis
457 752 616 844 Alpibus,
639 754 922 846 transmissisque
944 754 1104 824 amnibus
1125 753 1232 837 lbero,

153 874 326 946 Rhodano
349 884 385 945 et
408 874 513 958 Pado,
542 876 715 967 superatis
741 875 910 970 Apennini
937 875 1027 968 iugis
1053 877 1098 948 ad
1124 876 1232 969 ipsius

150 998 250 1071 urbis
271 998 402 1069 moenia
423 997 533 1069 victor
553 996 748 1068 horrendus
769 999 925 1077 accessit.
947 999 1037 1083 Quid
1058 1000 1092 1070 in
1114 1001 1233 1092 singu-

147 1120 191 1191 lis
214 1122 354 1192 morer?
376 1119 490 1190 Victor
515 1119 648 1202 totiens
676 1119 791 1191 vietus
819 1122 955 1192 tandem
982 1145 1049 1194 rton
1075 1121 1232 1193 destituit

146 1266 264 1338 spem,
287 1264 531 1335 renovansque
552 1241 680 1313 bellum
701 1242 822 1315 alienis
841 1243 982 1328 viribus,
1002 1245 1145 1316 consilio
1167 1267 1231 1316 suo

145 1367 289 1463 Syriam
311 1365 578 1461 Bithyniamque
600 1365 770 1438 lustravit.
793 1366 885 1437 Finis
911 1365 1060 1438 hominis
1083 1371 1229 1439 fortuna

145 1488 274 1571 luerit,
293 1487 397 1559 ardor
417 1488 520 1559 animi
555 1491 672 1583 procul
706 1489 812 1560 dubio
846 1512 932 1561 suus
953 1489 1026 1561 luit.
1048 1490 1166 1582 Neque
1193 1489 1228 1561 id

148 1634 243 1683 nunc
267 1612 436 1704 quaeritur
460 1633 563 1703 quam
585 1611 713 1695 iustus,
743 1613 806 1683 sed
832 1611 915 1683 illud
938 1612 1031 1705 quod
1055 1610 1226 1693 dicebam,

145 1735 215 1806 nisi
237 1735 354 1811 fallor,
377 1732 585 1819 ostenditur,
606 1735 816 1827 singularem
835 1735 1019 1828 quamdam
1040 1735 1127 1805 inter
1146 1757 1229 1805 suos

146 1857 249 1929 ciues
274 1857 514 1929 excellentiam
545 1860 729 1929 multorum
749 1858 793 1928 illi
812 1858 967 1930 laborum
986 1870 1090 1951 atque
1106 1859 1228 1929 discri-

145 1981 282 2051 minum
310 1981 488 2051 materiam
514 1981 682 2053 extitisse.
709 1981 800 2065 Quid
825 1980 996 2053 Leonidas
1025 1992 1226 2074 spartanus

145 2103 204 2174 vir
236 2102 465 2188 fortissimus,
497 2104 581 2196 quid
616 2103 785 2175 thebanus
818 2103 1073 2198 Epaminondas
1107 2106 1227 2198 patriae

145 2244 225 2297 suae
242 2225 362 2317 gloria,
380 2225 466 2318 quid
486 2225 628 2297 achaeus
648 2224 924 2321 Philopoemenes
947 2226 1092 2297 summis
1109 2247 1228 2319 aequa-

144 2358 206 2421 tus
225 2348 386 2431 ducibus,
402 2347 485 2441 quid
502 2347 681 2443 cecropius
702 2349 949 2421 Themistocles
968 2350 1037 2433 vir,
1058 2361 1095 2421 ut
1114 2350 1223 2433 aiunt,

144 2470 325 2543 inGraeeia
337 2470 573 2542 clarissimus?
585 2471 638 2541 Nil
652 2471 705 2544 his
719 2471 879 2544 omnibus
893 2470 985 2543 aliud
1001 2472 1223 2566 virtusquam

144 2578 353 2665 laboriosam
381 2613 421 2663 ac
447 2592 626 2663 sollicitam
655 2593 761 2663 vitam
788 2593 876 2664 lecit.
903 2593 996 2664 ldem
1023 2593 1068 2663 de
1092 2594 1224 2687 Pyrrho

144 2715 376 2810 Epirotarum,
404 2712 674 2807 Alexandroque
699 2714 938 2795 Macedonum,
966 2715 1055 2785 idem
1083 2716 1127 2786 de
1153 2716 1224 2785 bla-

144 2838 273 2910 sinissa
293 2836 531 2921 Numidarum,
555 2838 714 2932 Cyroque
738 2836 921 2908 Persarum
945 2836 1087 2928 regilius
1109 2838 1222 2931 deque

144 2961 220 3034 aliis
241 2961 359 3032 multis
379 2959 550 3032 alllrmare
570 2959 658 3031 lieet.
680 2957 747 3030 Sed
764 2958 867 3029 huius
887 2957 1027 3050 generis
1044 2961 1223 3052 exemplo-

144 3108 222 3156 rum
243 3084 328 3156 satis
348 3096 412 3154 est.
434 3083 569 3155 Poterat
589 3081 682 3175 apud
703 3082 844 3153 Samum
866 3080 1101 3178 Pythagoras,
1124 3090 1221 3174 pote-

144 3218 197 3279 rat
221 3206 373 3280 hbderae
405 3204 634 3288 Democritus
658 3201 803 3275 Athenis
835 3206 945 3288 Plato,
968 3204 1080 3275 Varro
1103 3205 1222 3275 Romae

142 3332 277 3415 vivere,
300 3329 366 3400 nisi
393 3350 454 3400 eos
480 3327 612 3399 infinita
633 3326 786 3400 discendi
808 3328 978 3422 cupiditas
1000 3350 1061 3422 per
1080 3329 1221 3401 diversa

141 3452 361 3525 distraheret.
381 3454 519 3524 Poterat
536 3451 666 3522 Plinius
684 3450 833 3522 Veronae
851 3451 955 3537 mori,
975 3452 1126 3522 lllantuae
1142 3452 1219 3521 Vir-

140 3576 259 3669 giliuS,
286 3574 353 3646 nisi
379 3575 473 3646 illum
499 3573 701 3667 experiendi
733 3574 836 3647 ardor
858 3573 983 3646 Vesevi
1016 3574 1063 3646 tui
1093 3574 1218 3647 favillis

138 3699 366 3792 opprimeret,
389 3701 481 3769 hune
514 3696 635 3789 gloriae
668 3698 815 3770 stimulis
834 3699 1021 3791 impulsum
1043 3718 1137 3769 mors
1158 3719 1219 3767 no-

138 3818 264 3892 bilibus
280 3821 428 3913 ingeniis
446 3819 594 3893 dolenda
611 3831 852 3914 praeverteret,
875 3821 974 3891 euius
991 3821 1141 3892 cinerem
1161 3821 1216 3891 vel

138 3942 286 4015 Tarento
317 3955 473 4037 ereptum
506 3945 562 4014 vel
595 3943 794 4013 brundusio
829 3954 884 4014 tua
915 3942 1071 4035 possidet
1091 3964 1131 4012 ac
1152 3963 1215 4013 sua

135 4066 362 4160 Parthenope.
396 4066 486 4152 Quid
519 4065 583 4137 sibi
619 4065 702 4135 velit
726 4064 803 4136 haee
835 4066 1075 4156 exemplorum
1115 4065 1215 4158 eopia

135 4192 326 4282 expectas?
343 4191 556 4281 lguavumne
576 4186 650 4258 fieri
668 4185 819 4271 iubeam,
839 4195 877 4256 ut
893 4186 1073 4280 tranquille
1090 4188 1216 4258 vivas?

133 4309 245 4382 Absit.
268 4311 457 4405 Optabilior
477 4321 533 4382 est
552 4311 643 4383 enim
678 4333 745 4382 non
774 4311 875 4382 mode
902 4310 1014 4397 labor,
1037 4313 1100 4385 sed
1120 4331 1212 4382 mors

132 4454 273 4527 quoque
291 4457 369 4505 carru
389 4437 508 4521 gloria.
529 4438 656 4506 l'erurn
678 4434 758 4505 illud
779 4432 917 4506 intendo
932 4461 997 4507 uon
1014 4455 1213 4528 usquequa-
