<?xml version="1.0" encoding="UTF-8"?>
<!DOCTYPE html PUBLIC "-//W3C//DTD XHTML 1.0 Transitional//EN"
    "http://www.w3.org/TR/xhtml1/DTD/xhtml1-transitional.dtd">
<html xmlns="http://www.w3.org/1999/xhtml" xml:lang="en" lang="en">
 <head>
  <title>
</title>
<meta http-equiv="Content-Type" content="text/html;charset=utf-8" />
  <meta name='ocr-system' content='tesseract 3.04.00' />
  <meta name='ocr-capabilities' content='ocr_page ocr_carea ocr_par ocr_line ocrx_word'/>
</head>
<body>
  <div class='ocr_page' id='page_1' title='image "./epistolaederebu02fracgoog_0390.png"; bbox 0 0 2738 5062; ppageno 0'>
   <div class='ocr_carea' id='block_1_1' title="bbox 341 679 1212 772">
    <p class='ocr_par' dir='ltr' id='par_1_1' title="bbox 341 679 1212 772">
     <span class='ocr_line' id='line_1_1' title="bbox 341 679 1212 772; baseline 0.003 -3"><span class='ocrx_word' id='word_1_1' title='bbox 341 722 432 769; x_wconf 85' lang='lat' dir='ltr'>nrnnn</span> <span class='ocrx_word' id='word_1_2' title='bbox 454 679 934 770; x_wconf 70' lang='lat' dir='ltr'>seurusnncruus-srrsronn</span> <span class='ocrx_word' id='word_1_3' title='bbox 957 722 997 770; x_wconf 86' lang='lat' dir='ltr'>rr.</span> <span class='ocrx_word' id='word_1_4' title='bbox 1158 710 1212 772; x_wconf 81' lang='lat'>381</span> 
     </span>
    </p>
   </div>
   <div class='ocr_carea' id='block_1_2' title="bbox 139 851 1296 4584">
    <p class='ocr_par' dir='ltr' id='par_1_2' title="bbox 139 851 1296 4584">
     <span class='ocr_line' id='line_1_2' title="bbox 141 851 1215 945; baseline -0.003 -19"><span class='ocrx_word' id='word_1_5' title='bbox 141 866 301 937; x_wconf 88' lang='lat' dir='ltr'>tremum,</span> <span class='ocrx_word' id='word_1_6' title='bbox 323 853 383 945; x_wconf 83' lang='lat' dir='ltr'>qui</span> <span class='ocrx_word' id='word_1_7' title='bbox 403 874 526 924; x_wconf 89' lang='lat' dir='ltr'>omnes</span> <span class='ocrx_word' id='word_1_8' title='bbox 548 864 581 924; x_wconf 88' lang='lat' dir='ltr'>te</span> <span class='ocrx_word' id='word_1_9' title='bbox 600 872 707 944; x_wconf 79' lang='lat' dir='ltr'>aegro,</span> <span class='ocrx_word' id='word_1_10' title='bbox 727 851 802 922; x_wconf 88' lang='lat' dir='ltr'>sani</span> <span class='ocrx_word' id='word_1_11' title='bbox 819 873 901 923; x_wconf 87' lang='lat' dir='ltr'>esse</span> <span class='ocrx_word' id='word_1_12' title='bbox 928 871 996 922; x_wconf 90' lang='lat' dir='ltr'>non</span> <span class='ocrx_word' id='word_1_13' title='bbox 1016 873 1215 944; x_wconf 89' lang='lat' dir='ltr'>possumus.</span> 
     </span>
     <span class='ocr_line' id='line_1_3' title="bbox 139 974 1217 1066; baseline -0.004 -19"><span class='ocrx_word' id='word_1_14' title='bbox 139 977 225 1059; x_wconf 90' lang='lat' dir='ltr'>Quis</span> <span class='ocrx_word' id='word_1_15' title='bbox 249 975 341 1046; x_wconf 90' lang='lat' dir='ltr'>enim</span> <span class='ocrx_word' id='word_1_16' title='bbox 371 995 523 1066; x_wconf 86' lang='lat' dir='ltr'>unquam</span> <span class='ocrx_word' id='word_1_17' title='bbox 548 983 626 1043; x_wconf 85' lang='lat' dir='ltr'>tam</span> <span class='ocrx_word' id='word_1_18' title='bbox 659 994 803 1064; x_wconf 89' lang='lat' dir='ltr'>corpore</span> <span class='ocrx_word' id='word_1_19' title='bbox 826 976 949 1045; x_wconf 88' lang='lat' dir='ltr'>valens</span> <span class='ocrx_word' id='word_1_20' title='bbox 975 974 1052 1056; x_wconf 89' lang='lat' dir='ltr'>luit,</span> <span class='ocrx_word' id='word_1_21' title='bbox 1082 985 1119 1048; x_wconf 93' lang='lat' dir='ltr'>ut</span> <span class='ocrx_word' id='word_1_22' title='bbox 1145 975 1217 1044; x_wconf 90' lang='lat' dir='ltr'>lan-</span> 
     </span>
     <span class='ocr_line' id='line_1_4' title="bbox 139 1095 1219 1189; baseline -0.002 -22"><span class='ocrx_word' id='word_1_23' title='bbox 139 1106 269 1189; x_wconf 82' lang='lat' dir='ltr'>guente</span> <span class='ocrx_word' id='word_1_24' title='bbox 288 1096 418 1179; x_wconf 88' lang='lat' dir='ltr'>animo,</span> <span class='ocrx_word' id='word_1_25' title='bbox 447 1115 555 1165; x_wconf 89' lang='lat' dir='ltr'>sanus</span> <span class='ocrx_word' id='word_1_26' title='bbox 575 1096 695 1164; x_wconf 78' lang='lat' dir='ltr'>esset?</span> <span class='ocrx_word' id='word_1_27' title='bbox 714 1095 911 1165; x_wconf 75' lang='lat' dir='ltr'>Delectatus</span> <span class='ocrx_word' id='word_1_28' title='bbox 933 1116 1010 1165; x_wconf 84' lang='lat' dir='ltr'>surn</span> <span class='ocrx_word' id='word_1_29' title='bbox 1032 1116 1219 1189; x_wconf 79' lang='lat' dir='ltr'><strong>parumper</strong></span> 
     </span>
     <span class='ocr_line' id='line_1_5' title="bbox 140 1215 1239 1309; baseline -0.001 -21"><span class='ocrx_word' id='word_1_30' title='bbox 140 1218 353 1289; x_wconf 77' lang='lat' dir='ltr'>mollioribus</span> <span class='ocrx_word' id='word_1_31' title='bbox 375 1215 493 1287; x_wconf 87' lang='lat' dir='ltr'>verbis</span> <span class='ocrx_word' id='word_1_32' title='bbox 514 1215 572 1298; x_wconf 91' lang='lat' dir='ltr'>uti,</span> <span class='ocrx_word' id='word_1_33' title='bbox 593 1226 629 1286; x_wconf 92' lang='lat' dir='ltr'>et</span> <span class='ocrx_word' id='word_1_34' title='bbox 648 1236 737 1309; x_wconf 87' lang='lat' dir='ltr'>pene</span> <span class='ocrx_word' id='word_1_35' title='bbox 761 1215 844 1291; x_wconf 86' lang='lat' dir='ltr'>mihi</span> <span class='ocrx_word' id='word_1_36' title='bbox 864 1216 1026 1287; x_wconf 80' lang='lat' dir='ltr'><strong>lacrimas</strong></span> <span class='ocrx_word' id='word_1_37' title='bbox 1051 1216 1126 1308; x_wconf 88' lang='lat' dir='ltr'>ipsa</span> <span class='ocrx_word' id='word_1_38' title='bbox 1147 1217 1239 1309; x_wconf 71' lang='lat' dir='ltr'>pie·—</span> 
     </span>
     <span class='ocr_line' id='line_1_6' title="bbox 140 1333 1219 1419; baseline -0.006 -11"><span class='ocrx_word' id='word_1_39' title='bbox 140 1350 193 1408; x_wconf 88' lang='lat' dir='ltr'>tas</span> <span class='ocrx_word' id='word_1_40' title='bbox 214 1336 338 1407; x_wconf 85' lang='lat' dir='ltr'>elicuit.</span> <span class='ocrx_word' id='word_1_41' title='bbox 358 1336 443 1406; x_wconf 88' lang='lat' dir='ltr'>Hinc</span> <span class='ocrx_word' id='word_1_42' title='bbox 464 1336 532 1405; x_wconf 91' lang='lat' dir='ltr'>iam</span> <span class='ocrx_word' id='word_1_43' title='bbox 551 1333 695 1405; x_wconf 85' lang='lat' dir='ltr'>viriliter</span> <span class='ocrx_word' id='word_1_44' title='bbox 714 1334 955 1406; x_wconf 86' lang='lat' dir='ltr'>admonendus</span> <span class='ocrx_word' id='word_1_45' title='bbox 968 1356 1023 1419; x_wconf 85' lang='lat' dir='ltr'>es,</span> <span class='ocrx_word' id='word_1_46' title='bbox 1041 1346 1078 1406; x_wconf 89' lang='lat' dir='ltr'>ut</span> <span class='ocrx_word' id='word_1_47' title='bbox 1098 1334 1219 1406; x_wconf 88' lang='lat' dir='ltr'>morni-</span> 
     </span>
     <span class='ocr_line' id='line_1_7' title="bbox 141 1457 1219 1552; baseline 0 -24"><span class='ocrx_word' id='word_1_48' title='bbox 141 1459 235 1529; x_wconf 89' lang='lat' dir='ltr'>neris</span> <span class='ocrx_word' id='word_1_49' title='bbox 262 1482 322 1552; x_wconf 92' lang='lat' dir='ltr'>per</span> <span class='ocrx_word' id='word_1_50' title='bbox 356 1458 527 1552; x_wconf 87' lang='lat' dir='ltr'>teipsum</span> <span class='ocrx_word' id='word_1_51' title='bbox 561 1457 719 1528; x_wconf 90' lang='lat' dir='ltr'>mortalia</span> <span class='ocrx_word' id='word_1_52' title='bbox 749 1457 837 1527; x_wconf 88' lang='lat' dir='ltr'>lerre</span> <span class='ocrx_word' id='word_1_53' title='bbox 871 1468 975 1549; x_wconf 86' lang='lat' dir='ltr'>atque</span> <span class='ocrx_word' id='word_1_54' title='bbox 1001 1459 1071 1528; x_wconf 88' lang='lat' dir='ltr'>alto</span> <span class='ocrx_word' id='word_1_55' title='bbox 1102 1458 1219 1528; x_wconf 85' lang='lat' dir='ltr'>animo</span> 
     </span>
     <span class='ocr_line' id='line_1_8' title="bbox 141 1578 1217 1673; baseline -0.001 -23"><span class='ocrx_word' id='word_1_56' title='bbox 141 1579 335 1673; x_wconf 83' lang='lat' dir='ltr'>despicere,</span> <span class='ocrx_word' id='word_1_57' title='bbox 371 1582 504 1650; x_wconf 84' lang='lat' dir='ltr'>calcare</span> <span class='ocrx_word' id='word_1_58' title='bbox 539 1578 733 1671; x_wconf 84' lang='lat' dir='ltr'>praesentia,</span> <span class='ocrx_word' id='word_1_59' title='bbox 770 1600 912 1671; x_wconf 86' lang='lat' dir='ltr'>sperare</span> <span class='ocrx_word' id='word_1_60' title='bbox 946 1579 1099 1664; x_wconf 88' lang='lat' dir='ltr'>meliora,</span> <span class='ocrx_word' id='word_1_61' title='bbox 1134 1579 1217 1649; x_wconf 91' lang='lat' dir='ltr'>nihil</span> 
     </span>
     <span class='ocr_line' id='line_1_9' title="bbox 141 1698 1219 1792; baseline 0.002 -24"><span class='ocrx_word' id='word_1_62' title='bbox 141 1700 273 1770; x_wconf 87' lang='lat' dir='ltr'>mundo</span> <span class='ocrx_word' id='word_1_63' title='bbox 293 1698 401 1770; x_wconf 82' lang='lat' dir='ltr'>fidere</span> <span class='ocrx_word' id='word_1_64' title='bbox 422 1699 504 1792; x_wconf 89' lang='lat' dir='ltr'>quia</span> <span class='ocrx_word' id='word_1_65' title='bbox 525 1700 630 1769; x_wconf 78' lang='lat' dir='ltr'>fallax</span> <span class='ocrx_word' id='word_1_66' title='bbox 650 1706 727 1769; x_wconf 92' lang='lat' dir='ltr'>est:</span> <span class='ocrx_word' id='word_1_67' title='bbox 750 1709 782 1770; x_wconf 89' lang='lat' dir='ltr'>tc</span> <span class='ocrx_word' id='word_1_68' title='bbox 798 1700 916 1790; x_wconf 84' lang='lat' dir='ltr'>&#39;ipsum</span> <span class='ocrx_word' id='word_1_69' title='bbox 937 1708 1120 1791; x_wconf 82' lang='lat' dir='ltr'>sortesque</span> <span class='ocrx_word' id='word_1_70' title='bbox 1141 1707 1219 1770; x_wconf 88' lang='lat' dir='ltr'>tuas</span> 
     </span>
     <span class='ocr_line' id='line_1_10' title="bbox 141 1819 1220 1913; baseline 0.001 -24"><span class='ocrx_word' id='word_1_71' title='bbox 141 1819 213 1892; x_wconf 88' lang='lat' dir='ltr'>Deo</span> <span class='ocrx_word' id='word_1_72' title='bbox 233 1822 390 1905; x_wconf 85' lang='lat' dir='ltr'>credere,</span> <span class='ocrx_word' id='word_1_73' title='bbox 419 1823 453 1891; x_wconf 90' lang='lat' dir='ltr'>in</span> <span class='ocrx_word' id='word_1_74' title='bbox 479 1821 575 1891; x_wconf 89' lang='lat' dir='ltr'>illum</span> <span class='ocrx_word' id='word_1_75' title='bbox 597 1840 677 1913; x_wconf 88' lang='lat' dir='ltr'>spes</span> <span class='ocrx_word' id='word_1_76' title='bbox 703 1840 875 1912; x_wconf 88' lang='lat' dir='ltr'>curasque</span> <span class='ocrx_word' id='word_1_77' title='bbox 895 1822 1036 1904; x_wconf 87' lang='lat' dir='ltr'>iactare,</span> <span class='ocrx_word' id='word_1_78' title='bbox 1061 1820 1149 1891; x_wconf 87' lang='lat' dir='ltr'>scire</span> <span class='ocrx_word' id='word_1_79' title='bbox 1173 1843 1220 1890; x_wconf 82' lang='lat' dir='ltr'>ex</span> 
     </span>
     <span class='ocr_line' id='line_1_11' title="bbox 141 1939 1221 2036; baseline -0.004 -22"><span class='ocrx_word' id='word_1_80' title='bbox 141 1966 211 2036; x_wconf 87' lang='lat' dir='ltr'>quo</span> <span class='ocrx_word' id='word_1_81' title='bbox 228 1945 284 2015; x_wconf 90' lang='lat' dir='ltr'>die</span> <span class='ocrx_word' id='word_1_82' title='bbox 302 1945 336 2014; x_wconf 91' lang='lat' dir='ltr'>iu</span> <span class='ocrx_word' id='word_1_83' title='bbox 357 1945 447 2015; x_wconf 85' lang='lat' dir='ltr'>lrauc</span> <span class='ocrx_word' id='word_1_84' title='bbox 468 1944 573 2013; x_wconf 88' lang='lat' dir='ltr'>vitam</span> <span class='ocrx_word' id='word_1_85' title='bbox 596 1941 730 2013; x_wconf 88' lang='lat' dir='ltr'>intrasti</span> <span class='ocrx_word' id='word_1_86' title='bbox 753 1950 786 2012; x_wconf 84' lang='lat' dir='ltr'>tc</span> <span class='ocrx_word' id='word_1_87' title='bbox 805 1962 872 2011; x_wconf 94' lang='lat' dir='ltr'>non</span> <span class='ocrx_word' id='word_1_88' title='bbox 894 1941 939 2012; x_wconf 88' lang='lat' dir='ltr'>ad</span> <span class='ocrx_word' id='word_1_89' title='bbox 956 1944 1078 2035; x_wconf 86' lang='lat' dir='ltr'>epulas</span> <span class='ocrx_word' id='word_1_90' title='bbox 1096 1940 1160 2011; x_wconf 89' lang='lat' dir='ltr'>scd</span> <span class='ocrx_word' id='word_1_91' title='bbox 1176 1939 1221 2011; x_wconf 91' lang='lat' dir='ltr'>ad</span> 
     </span>
     <span class='ocr_line' id='line_1_12' title="bbox 141 2061 1219 2158; baseline -0.005 -21"><span class='ocrx_word' id='word_1_92' title='bbox 141 2066 300 2158; x_wconf 86' lang='lat' dir='ltr'>proelium</span> <span class='ocrx_word' id='word_1_93' title='bbox 322 2066 472 2148; x_wconf 86' lang='lat' dir='ltr'>venisse,</span> <span class='ocrx_word' id='word_1_94' title='bbox 488 2064 532 2136; x_wconf 91' lang='lat' dir='ltr'>ad</span> <span class='ocrx_word' id='word_1_95' title='bbox 547 2064 702 2147; x_wconf 91' lang='lat' dir='ltr'>morbos,</span> <span class='ocrx_word' id='word_1_96' title='bbox 722 2062 767 2135; x_wconf 89' lang='lat' dir='ltr'>ad</span> <span class='ocrx_word' id='word_1_97' title='bbox 793 2065 979 2148; x_wconf 76' lang='lat' dir='ltr'>molestiae,</span> <span class='ocrx_word' id='word_1_98' title='bbox 999 2062 1042 2135; x_wconf 87' lang='lat' dir='ltr'>ad</span> <span class='ocrx_word' id='word_1_99' title='bbox 1064 2061 1219 2135; x_wconf 81' lang='lat' dir='ltr'>labores:</span> 
     </span>
     <span class='ocr_line' id='line_1_13' title="bbox 142 2185 1222 2279; baseline 0 -22"><span class='ocrx_word' id='word_1_100' title='bbox 142 2186 311 2279; x_wconf 87' lang='lat' dir='ltr'>quidquid</span> <span class='ocrx_word' id='word_1_101' title='bbox 324 2198 437 2259; x_wconf 86' lang='lat' dir='ltr'>tamen</span> <span class='ocrx_word' id='word_1_102' title='bbox 452 2186 624 2271; x_wconf 88' lang='lat' dir='ltr'>acciderit,</span> <span class='ocrx_word' id='word_1_103' title='bbox 644 2196 676 2256; x_wconf 89' lang='lat' dir='ltr'>te</span> <span class='ocrx_word' id='word_1_104' title='bbox 699 2185 865 2257; x_wconf 84' lang='lat' dir='ltr'>victorem</span> <span class='ocrx_word' id='word_1_105' title='bbox 882 2206 964 2257; x_wconf 82' lang='lat' dir='ltr'>esse</span> <span class='ocrx_word' id='word_1_106' title='bbox 979 2206 1091 2278; x_wconf 88' lang='lat' dir='ltr'>posse,</span> <span class='ocrx_word' id='word_1_107' title='bbox 1112 2187 1141 2257; x_wconf 91' lang='lat' dir='ltr'>si</span> <span class='ocrx_word' id='word_1_108' title='bbox 1158 2208 1222 2257; x_wconf 85' lang='lat' dir='ltr'>ve·</span> 
     </span>
     <span class='ocr_line' id='line_1_14' title="bbox 143 2307 1220 2400; baseline 0.002 -23"><span class='ocrx_word' id='word_1_109' title='bbox 143 2311 208 2391; x_wconf 91' lang='lat' dir='ltr'>lis;</span> <span class='ocrx_word' id='word_1_110' title='bbox 231 2322 346 2380; x_wconf 88' lang='lat' dir='ltr'>tamen</span> <span class='ocrx_word' id='word_1_111' title='bbox 368 2331 411 2379; x_wconf 91' lang='lat' dir='ltr'>ne</span> <span class='ocrx_word' id='word_1_112' title='bbox 435 2330 531 2380; x_wconf 81' lang='lat' dir='ltr'>arma</span> <span class='ocrx_word' id='word_1_113' title='bbox 552 2307 720 2400; x_wconf 74' lang='lat' dir='ltr'>puellulae,</span> <span class='ocrx_word' id='word_1_114' title='bbox 743 2329 833 2379; x_wconf 86' lang='lat' dir='ltr'>neve</span> <span class='ocrx_word' id='word_1_115' title='bbox 852 2308 967 2380; x_wconf 89' lang='lat' dir='ltr'>animo</span> <span class='ocrx_word' id='word_1_116' title='bbox 984 2309 1220 2380; x_wconf 88' lang='lat' dir='ltr'>consterncris</span> 
     </span>
     <span class='ocr_line' id='line_1_15' title="bbox 144 2429 1296 2520; baseline -0.001 -19"><span class='ocrx_word' id='word_1_117' title='bbox 144 2442 206 2501; x_wconf 89' lang='lat' dir='ltr'>aut</span> <span class='ocrx_word' id='word_1_118' title='bbox 229 2429 404 2514; x_wconf 84' lang='lat' dir='ltr'>concidas,</span> <span class='ocrx_word' id='word_1_119' title='bbox 425 2440 462 2501; x_wconf 90' lang='lat' dir='ltr'>et</span> <span class='ocrx_word' id='word_1_120' title='bbox 485 2430 582 2500; x_wconf 89' lang='lat' dir='ltr'>nasci</span> <span class='ocrx_word' id='word_1_121' title='bbox 607 2441 644 2499; x_wconf 90' lang='lat' dir='ltr'>et</span> <span class='ocrx_word' id='word_1_122' title='bbox 664 2429 785 2499; x_wconf 89' lang='lat' dir='ltr'>vivere</span> <span class='ocrx_word' id='word_1_123' title='bbox 809 2439 845 2500; x_wconf 90' lang='lat' dir='ltr'>et</span> <span class='ocrx_word' id='word_1_124' title='bbox 864 2439 1036 2520; x_wconf 78' lang='lat' dir='ltr'>aegrotare</span> <span class='ocrx_word' id='word_1_125' title='bbox 1060 2440 1095 2502; x_wconf 93' lang='lat' dir='ltr'>et</span> <span class='ocrx_word' id='word_1_126' title='bbox 1121 2451 1222 2502; x_wconf 87' lang='lat' dir='ltr'>sene·</span> <span class='ocrx_word' id='word_1_127' title='bbox 1292 2458 1296 2468; x_wconf 94' lang='lat'><em>·</em></span> 
     </span>
     <span class='ocr_line' id='line_1_16' title="bbox 144 2551 1221 2625; baseline 0 -3"><span class='ocrx_word' id='word_1_128' title='bbox 144 2573 243 2623; x_wconf 88' lang='lat' dir='ltr'>scere</span> <span class='ocrx_word' id='word_1_129' title='bbox 267 2560 303 2622; x_wconf 88' lang='lat' dir='ltr'>et</span> <span class='ocrx_word' id='word_1_130' title='bbox 323 2551 410 2621; x_wconf 87' lang='lat' dir='ltr'>mori</span> <span class='ocrx_word' id='word_1_131' title='bbox 436 2560 571 2622; x_wconf 86' lang='lat' dir='ltr'>naturae</span> <span class='ocrx_word' id='word_1_132' title='bbox 591 2571 694 2623; x_wconf 90' lang='lat' dir='ltr'>esse:</span> <span class='ocrx_word' id='word_1_133' title='bbox 720 2561 756 2622; x_wconf 87' lang='lat' dir='ltr'>at</span> <span class='ocrx_word' id='word_1_134' title='bbox 781 2552 857 2624; x_wconf 84' lang='lat' dir='ltr'>haec</span> <span class='ocrx_word' id='word_1_135' title='bbox 882 2554 1014 2624; x_wconf 80' lang='lat' dir='ltr'>sortiter</span> <span class='ocrx_word' id='word_1_136' title='bbox 1039 2564 1074 2624; x_wconf 89' lang='lat' dir='ltr'>et</span> <span class='ocrx_word' id='word_1_137' title='bbox 1098 2552 1221 2625; x_wconf 88' lang='lat' dir='ltr'>eodern</span> 
     </span>
     <span class='ocr_line' id='line_1_17' title="bbox 143 2671 1222 2765; baseline -0.002 -20"><span class='ocrx_word' id='word_1_138' title='bbox 143 2676 242 2747; x_wconf 89' lang='lat' dir='ltr'>vultu</span> <span class='ocrx_word' id='word_1_139' title='bbox 267 2681 372 2765; x_wconf 86' lang='lat' dir='ltr'>atque</span> <span class='ocrx_word' id='word_1_140' title='bbox 406 2674 521 2744; x_wconf 89' lang='lat' dir='ltr'>animo</span> <span class='ocrx_word' id='word_1_141' title='bbox 553 2675 713 2745; x_wconf 85' lang='lat' dir='ltr'>tollerare</span> <span class='ocrx_word' id='word_1_142' title='bbox 736 2673 887 2745; x_wconf 85' lang='lat' dir='ltr'>virtutis.</span> <span class='ocrx_word' id='word_1_143' title='bbox 921 2675 996 2744; x_wconf 91' lang='lat' dir='ltr'>Non</span> <span class='ocrx_word' id='word_1_144' title='bbox 1026 2671 1104 2743; x_wconf 89' lang='lat' dir='ltr'>dico</span> <span class='ocrx_word' id='word_1_145' title='bbox 1128 2673 1222 2764; x_wconf 76' lang='lat' dir='ltr'>quod</span> 
     </span>
     <span class='ocr_line' id='line_1_18' title="bbox 142 2793 1221 2888; baseline -0.005 -22"><span class='ocrx_word' id='word_1_146' title='bbox 142 2795 283 2888; x_wconf 86' lang='lat' dir='ltr'>quidam</span> <span class='ocrx_word' id='word_1_147' title='bbox 303 2794 481 2876; x_wconf 80' lang='lat' dir='ltr'>dixerunt,</span> <span class='ocrx_word' id='word_1_148' title='bbox 503 2793 593 2865; x_wconf 88' lang='lat' dir='ltr'>inter</span> <span class='ocrx_word' id='word_1_149' title='bbox 610 2815 780 2864; x_wconf 88' lang='lat' dir='ltr'>summam</span> <span class='ocrx_word' id='word_1_150' title='bbox 797 2795 1010 2887; x_wconf 90' lang='lat' dir='ltr'>voluptatem</span> <span class='ocrx_word' id='word_1_151' title='bbox 1023 2802 1058 2864; x_wconf 89' lang='lat' dir='ltr'>et</span> <span class='ocrx_word' id='word_1_152' title='bbox 1072 2794 1221 2886; x_wconf 86' lang='lat' dir='ltr'>asperri-</span> 
     </span>
     <span class='ocr_line' id='line_1_19' title="bbox 146 2914 1222 3015; baseline 0.001 -29"><span class='ocrx_word' id='word_1_153' title='bbox 146 2938 241 2986; x_wconf 88' lang='lat' dir='ltr'>mum</span> <span class='ocrx_word' id='word_1_154' title='bbox 262 2915 414 2986; x_wconf 86' lang='lat' dir='ltr'>dolorem</span> <span class='ocrx_word' id='word_1_155' title='bbox 437 2914 520 2985; x_wconf 87' lang='lat' dir='ltr'>nihil</span> <span class='ocrx_word' id='word_1_156' title='bbox 542 2914 680 3007; x_wconf 85' lang='lat' dir='ltr'>penitus</span> <span class='ocrx_word' id='word_1_157' title='bbox 706 2916 888 2987; x_wconf 88' lang='lat' dir='ltr'>interesse.</span> <span class='ocrx_word' id='word_1_158' title='bbox 909 2917 1019 2987; x_wconf 90' lang='lat' dir='ltr'>Nimis</span> <span class='ocrx_word' id='word_1_159' title='bbox 1041 2915 1124 3015; x_wconf 78' lang='lat' dir='ltr'>rnihi</span> <span class='ocrx_word' id='word_1_160' title='bbox 1151 2927 1222 2987; x_wconf 90' lang='lat' dir='ltr'>tor·</span> 
     </span>
     <span class='ocr_line' id='line_1_20' title="bbox 146 3035 1218 3129; baseline 0.005 -24"><span class='ocrx_word' id='word_1_161' title='bbox 146 3058 233 3129; x_wconf 86' lang='lat' dir='ltr'>pens</span> <span class='ocrx_word' id='word_1_162' title='bbox 245 3048 281 3106; x_wconf 88' lang='lat' dir='ltr'>et</span> <span class='ocrx_word' id='word_1_163' title='bbox 293 3035 505 3107; x_wconf 86' lang='lat' dir='ltr'>insensibilis</span> <span class='ocrx_word' id='word_1_164' title='bbox 521 3058 564 3107; x_wconf 88' lang='lat' dir='ltr'>ea</span> <span class='ocrx_word' id='word_1_165' title='bbox 581 3037 753 3109; x_wconf 87' lang='lat' dir='ltr'>sententia</span> <span class='ocrx_word' id='word_1_166' title='bbox 770 3036 922 3120; x_wconf 88' lang='lat' dir='ltr'>videtur;</span> <span class='ocrx_word' id='word_1_167' title='bbox 944 3059 1009 3108; x_wconf 90' lang='lat' dir='ltr'>uec</span> <span class='ocrx_word' id='word_1_168' title='bbox 1029 3037 1112 3109; x_wconf 87' lang='lat' dir='ltr'>illud</span> <span class='ocrx_word' id='word_1_169' title='bbox 1128 3037 1218 3121; x_wconf 87' lang='lat' dir='ltr'>dico,</span> 
     </span>
     <span class='ocr_line' id='line_1_21' title="bbox 144 3155 1224 3261; baseline 0.003 -34"><span class='ocrx_word' id='word_1_170' title='bbox 144 3156 239 3249; x_wconf 87' lang='lat' dir='ltr'>quod</span> <span class='ocrx_word' id='word_1_171' title='bbox 253 3155 502 3230; x_wconf 87' lang='lat' dir='ltr'>nobilissimam</span> <span class='ocrx_word' id='word_1_172' title='bbox 518 3157 682 3229; x_wconf 79' lang='lat' dir='ltr'>familiam</span> <span class='ocrx_word' id='word_1_173' title='bbox 702 3158 892 3261; x_wconf 86' lang='lat' dir='ltr'>Stoicorum</span> <span class='ocrx_word' id='word_1_174' title='bbox 911 3159 1139 3231; x_wconf 87' lang='lat' dir='ltr'>affirmantem</span> <span class='ocrx_word' id='word_1_175' title='bbox 1160 3182 1224 3230; x_wconf 83' lang='lat' dir='ltr'>au·</span> 
     </span>
     <span class='ocr_line' id='line_1_22' title="bbox 145 3278 1222 3372; baseline 0.002 -22"><span class='ocrx_word' id='word_1_176' title='bbox 145 3278 212 3363; x_wconf 90' lang='lat' dir='ltr'>dio,</span> <span class='ocrx_word' id='word_1_177' title='bbox 231 3279 384 3351; x_wconf 90' lang='lat' dir='ltr'>dolorem</span> <span class='ocrx_word' id='word_1_178' title='bbox 405 3282 560 3372; x_wconf 90' lang='lat' dir='ltr'>corporis</span> <span class='ocrx_word' id='word_1_179' title='bbox 578 3282 706 3351; x_wconf 91' lang='lat' dir='ltr'>malum</span> <span class='ocrx_word' id='word_1_180' title='bbox 725 3302 793 3350; x_wconf 95' lang='lat' dir='ltr'>non</span> <span class='ocrx_word' id='word_1_181' title='bbox 811 3301 892 3351; x_wconf 87' lang='lat' dir='ltr'>esse</span> <span class='ocrx_word' id='word_1_182' title='bbox 907 3307 914 3349; x_wconf 92' lang='lat'>:</span> <span class='ocrx_word' id='word_1_183' title='bbox 932 3280 1010 3353; x_wconf 86' lang='lat' dir='ltr'>lieet</span> <span class='ocrx_word' id='word_1_184' title='bbox 1027 3281 1120 3352; x_wconf 88' lang='lat' dir='ltr'>anim</span> <span class='ocrx_word' id='word_1_185' title='bbox 1142 3303 1222 3352; x_wconf 88' lang='lat' dir='ltr'>ver-</span> 
     </span>
     <span class='ocr_line' id='line_1_23' title="bbox 145 3399 1221 3496; baseline 0.001 -25"><span class='ocrx_word' id='word_1_186' title='bbox 145 3400 200 3471; x_wconf 91' lang='lat' dir='ltr'>bis</span> <span class='ocrx_word' id='word_1_187' title='bbox 222 3399 375 3492; x_wconf 89' lang='lat' dir='ltr'>probeut,</span> <span class='ocrx_word' id='word_1_188' title='bbox 393 3422 437 3472; x_wconf 89' lang='lat' dir='ltr'>eo</span> <span class='ocrx_word' id='word_1_189' title='bbox 456 3401 551 3495; x_wconf 90' lang='lat' dir='ltr'>quod</span> <span class='ocrx_word' id='word_1_190' title='bbox 572 3402 699 3472; x_wconf 87' lang='lat' dir='ltr'>malum</span> <span class='ocrx_word' id='word_1_191' title='bbox 721 3400 806 3471; x_wconf 90' lang='lat' dir='ltr'>nihil</span> <span class='ocrx_word' id='word_1_192' title='bbox 825 3403 963 3496; x_wconf 88' lang='lat' dir='ltr'>proprie</span> <span class='ocrx_word' id='word_1_193' title='bbox 983 3402 1131 3486; x_wconf 87' lang='lat' dir='ltr'>dicatur,</span> <span class='ocrx_word' id='word_1_194' title='bbox 1154 3402 1221 3474; x_wconf 90' lang='lat' dir='ltr'>nisi</span> 
     </span>
     <span class='ocr_line' id='line_1_24' title="bbox 145 3521 1220 3618; baseline 0.002 -26"><span class='ocrx_word' id='word_1_195' title='bbox 145 3522 240 3614; x_wconf 91' lang='lat' dir='ltr'>quod</span> <span class='ocrx_word' id='word_1_196' title='bbox 260 3523 457 3618; x_wconf 88' lang='lat' dir='ltr'>oppositum</span> <span class='ocrx_word' id='word_1_197' title='bbox 480 3522 524 3594; x_wconf 87' lang='lat' dir='ltr'>sit</span> <span class='ocrx_word' id='word_1_198' title='bbox 544 3521 650 3608; x_wconf 84' lang='lat' dir='ltr'>bone,</span> <span class='ocrx_word' id='word_1_199' title='bbox 679 3523 806 3594; x_wconf 92' lang='lat' dir='ltr'>bonum</span> <span class='ocrx_word' id='word_1_200' title='bbox 827 3534 941 3596; x_wconf 88' lang='lat' dir='ltr'>autem</span> <span class='ocrx_word' id='word_1_201' title='bbox 964 3527 1076 3597; x_wconf 90' lang='lat' dir='ltr'>solum</span> <span class='ocrx_word' id='word_1_202' title='bbox 1098 3523 1220 3602; x_wconf 88' lang='lat' dir='ltr'>virtus,</span> 
     </span>
     <span class='ocr_line' id='line_1_25' title="bbox 144 3643 1221 3741; baseline 0.001 -27"><span class='ocrx_word' id='word_1_203' title='bbox 144 3643 199 3714; x_wconf 87' lang='lat' dir='ltr'>cui</span> <span class='ocrx_word' id='word_1_204' title='bbox 220 3666 289 3714; x_wconf 94' lang='lat' dir='ltr'>non</span> <span class='ocrx_word' id='word_1_205' title='bbox 310 3643 464 3716; x_wconf 87' lang='lat' dir='ltr'>dolorem</span> <span class='ocrx_word' id='word_1_206' title='bbox 492 3646 555 3717; x_wconf 89' lang='lat' dir='ltr'>sed</span> <span class='ocrx_word' id='word_1_207' title='bbox 582 3644 702 3717; x_wconf 89' lang='lat' dir='ltr'>vitium</span> <span class='ocrx_word' id='word_1_208' title='bbox 728 3656 866 3718; x_wconf 87' lang='lat' dir='ltr'>constat</span> <span class='ocrx_word' id='word_1_209' title='bbox 885 3647 1024 3741; x_wconf 94' lang='lat' dir='ltr'>opponi,</span> <span class='ocrx_word' id='word_1_210' title='bbox 1053 3646 1089 3718; x_wconf 94' lang='lat' dir='ltr'>id</span> <span class='ocrx_word' id='word_1_211' title='bbox 1108 3656 1221 3717; x_wconf 88' lang='lat' dir='ltr'>tamen</span> 
     </span>
     <span class='ocr_line' id='line_1_26' title="bbox 145 3761 1222 3861; baseline 0.005 -29"><span class='ocrx_word' id='word_1_212' title='bbox 145 3761 250 3834; x_wconf 87' lang='lat' dir='ltr'>rebus</span> <span class='ocrx_word' id='word_1_213' title='bbox 269 3763 415 3856; x_wconf 84' lang='lat' dir='ltr'>probare</span> <span class='ocrx_word' id='word_1_214' title='bbox 432 3765 679 3838; x_wconf 86' lang='lat' dir='ltr'>difficillimum.</span> <span class='ocrx_word' id='word_1_215' title='bbox 700 3768 821 3861; x_wconf 89' lang='lat' dir='ltr'>ltaque</span> <span class='ocrx_word' id='word_1_216' title='bbox 836 3768 1020 3860; x_wconf 79' lang='lat' dir='ltr'>vulgarius</span> <span class='ocrx_word' id='word_1_217' title='bbox 1038 3768 1130 3861; x_wconf 89' lang='lat' dir='ltr'>loqui</span> <span class='ocrx_word' id='word_1_218' title='bbox 1148 3768 1222 3859; x_wconf 86' lang='lat' dir='ltr'>pla·</span> 
     </span>
     <span class='ocr_line' id='line_1_27' title="bbox 143 3884 1218 3982; baseline 0.006 -30"><span class='ocrx_word' id='word_1_219' title='bbox 143 3893 201 3953; x_wconf 88' lang='lat' dir='ltr'>oet</span> <span class='ocrx_word' id='word_1_220' title='bbox 218 3893 255 3953; x_wconf 90' lang='lat' dir='ltr'>et</span> <span class='ocrx_word' id='word_1_221' title='bbox 273 3884 517 3978; x_wconf 85' lang='lat' dir='ltr'>Peripateticos</span> <span class='ocrx_word' id='word_1_222' title='bbox 538 3886 658 3959; x_wconf 90' lang='lat' dir='ltr'>audire</span> <span class='ocrx_word' id='word_1_223' title='bbox 679 3889 739 3982; x_wconf 90' lang='lat' dir='ltr'>qui</span> <span class='ocrx_word' id='word_1_224' title='bbox 759 3887 915 3960; x_wconf 91' lang='lat' dir='ltr'>dolorem</span> <span class='ocrx_word' id='word_1_225' title='bbox 938 3891 1065 3959; x_wconf 87' lang='lat' dir='ltr'>malum</span> <span class='ocrx_word' id='word_1_226' title='bbox 1087 3899 1218 3981; x_wconf 89' lang='lat' dir='ltr'>putant,</span> 
     </span>
     <span class='ocr_line' id='line_1_28' title="bbox 145 4004 1218 4099; baseline 0.007 -26"><span class='ocrx_word' id='word_1_227' title='bbox 145 4004 289 4076; x_wconf 87' lang='lat' dir='ltr'>sednon</span> <span class='ocrx_word' id='word_1_228' title='bbox 304 4027 489 4077; x_wconf 87' lang='lat' dir='ltr'>summum.</span> <span class='ocrx_word' id='word_1_229' title='bbox 504 4008 702 4090; x_wconf 86' lang='lat' dir='ltr'>Quamlibet</span> <span class='ocrx_word' id='word_1_230' title='bbox 718 4031 883 4099; x_wconf 82' lang='lat' dir='ltr'>magnum</span> <span class='ocrx_word' id='word_1_231' title='bbox 903 4012 1030 4079; x_wconf 86' lang='lat' dir='ltr'>malum</span> <span class='ocrx_word' id='word_1_232' title='bbox 1049 4011 1148 4081; x_wconf 91' lang='lat' dir='ltr'>dolor</span> <span class='ocrx_word' id='word_1_233' title='bbox 1166 4013 1218 4093; x_wconf 91' lang='lat' dir='ltr'>sit,</span> 
     </span>
     <span class='ocr_line' id='line_1_29' title="bbox 144 4123 1219 4215; baseline 0.008 -23"><span class='ocrx_word' id='word_1_234' title='bbox 144 4123 233 4198; x_wconf 82' lang='lat' dir='ltr'>infra</span> <span class='ocrx_word' id='word_1_235' title='bbox 255 4126 417 4198; x_wconf 86' lang='lat' dir='ltr'>virtutem</span> <span class='ocrx_word' id='word_1_236' title='bbox 438 4137 515 4199; x_wconf 89' lang='lat' dir='ltr'>est:</span> <span class='ocrx_word' id='word_1_237' title='bbox 538 4127 572 4197; x_wconf 91' lang='lat' dir='ltr'>in</span> <span class='ocrx_word' id='word_1_238' title='bbox 595 4126 660 4197; x_wconf 92' lang='lat' dir='ltr'>hoc</span> <span class='ocrx_word' id='word_1_239' title='bbox 679 4128 893 4199; x_wconf 86' lang='lat' dir='ltr'>conveniunt</span> <span class='ocrx_word' id='word_1_240' title='bbox 912 4150 1044 4215; x_wconf 89' lang='lat' dir='ltr'>omues,</span> <span class='ocrx_word' id='word_1_241' title='bbox 1067 4141 1102 4202; x_wconf 90' lang='lat' dir='ltr'>et</span> <span class='ocrx_word' id='word_1_242' title='bbox 1127 4143 1219 4211; x_wconf 80' lang='lat' dir='ltr'>certe</span> 
     </span>
     <span class='ocr_line' id='line_1_30' title="bbox 142 4247 1220 4345; baseline 0.005 -26"><span class='ocrx_word' id='word_1_243' title='bbox 142 4248 268 4319; x_wconf 88' lang='lat' dir='ltr'>clarior</span> <span class='ocrx_word' id='word_1_244' title='bbox 288 4250 364 4345; x_wconf 78' lang='lat' dir='ltr'>laus</span> <span class='ocrx_word' id='word_1_245' title='bbox 386 4257 449 4332; x_wconf 89' lang='lat' dir='ltr'>est,</span> <span class='ocrx_word' id='word_1_246' title='bbox 469 4270 574 4340; x_wconf 87' lang='lat' dir='ltr'>quarn</span> <span class='ocrx_word' id='word_1_247' title='bbox 595 4247 766 4341; x_wconf 84' lang='lat' dir='ltr'>asperitas</span> <span class='ocrx_word' id='word_1_248' title='bbox 788 4250 896 4319; x_wconf 89' lang='lat' dir='ltr'>multa</span> <span class='ocrx_word' id='word_1_249' title='bbox 916 4251 1102 4325; x_wconf 87' lang='lat' dir='ltr'>deterserit</span> <span class='ocrx_word' id='word_1_250' title='bbox 1120 4265 1155 4324; x_wconf 90' lang='lat' dir='ltr'>et</span> <span class='ocrx_word' id='word_1_251' title='bbox 1171 4256 1187 4324; x_wconf 92' lang='lat' dir='ltr'>l</span> <span class='ocrx_word' id='word_1_252' title='bbox 1205 4294 1220 4305; x_wconf 94' lang='lat'><em>-</em></span> 
     </span>
     <span class='ocr_line' id='line_1_31' title="bbox 143 4367 1220 4464; baseline 0.006 -26"><span class='ocrx_word' id='word_1_253' title='bbox 143 4391 199 4440; x_wconf 89' lang='lat' dir='ltr'>ma</span> <span class='ocrx_word' id='word_1_254' title='bbox 218 4370 372 4441; x_wconf 88' lang='lat' dir='ltr'>serenior</span> <span class='ocrx_word' id='word_1_255' title='bbox 385 4391 431 4440; x_wconf 78' lang='lat' dir='ltr'>on</span> <span class='ocrx_word' id='word_1_256' title='bbox 445 4372 581 4440; x_wconf 83' lang='lat' dir='ltr'>fortuna</span> <span class='ocrx_word' id='word_1_257' title='bbox 594 4367 804 4440; x_wconf 90' lang='lat' dir='ltr'>nubilosiore</span> <span class='ocrx_word' id='word_1_258' title='bbox 818 4375 1039 4464; x_wconf 87' lang='lat' dir='ltr'>proveniens.</span> <span class='ocrx_word' id='word_1_259' title='bbox 1057 4376 1220 4459; x_wconf 86' lang='lat' dir='ltr'>Quiesce·</span> 
     </span>
     <span class='ocr_line' id='line_1_32' title="bbox 143 4489 1217 4584; baseline 0.006 -26"><span class='ocrx_word' id='word_1_260' title='bbox 143 4510 189 4571; x_wconf 87' lang='lat' dir='ltr'>re,</span> <span class='ocrx_word' id='word_1_261' title='bbox 205 4491 368 4582; x_wconf 79' lang='lat' dir='ltr'>gaudere,</span> <span class='ocrx_word' id='word_1_262' title='bbox 383 4489 523 4582; x_wconf 86' lang='lat' dir='ltr'>epulari,</span> <span class='ocrx_word' id='word_1_263' title='bbox 538 4489 775 4584; x_wconf 87' lang='lat' dir='ltr'>voluptatibus</span> <span class='ocrx_word' id='word_1_264' title='bbox 788 4494 930 4568; x_wconf 86' lang='lat' dir='ltr'>affluere</span> <span class='ocrx_word' id='word_1_265' title='bbox 943 4508 1069 4569; x_wconf 91' lang='lat' dir='ltr'>norunt</span> <span class='ocrx_word' id='word_1_266' title='bbox 1080 4515 1217 4573; x_wconf 81' lang='lat' dir='ltr'>omncs3</span> 
     </span>
    </p>
   </div>
   <div class='ocr_carea' id='block_1_3' title="bbox 0 0 1380 5062">
    <p class='ocr_par' dir='ltr' id='par_1_3' title="bbox 0 0 1380 5062">
     <span class='ocr_line' id='line_1_33' title="bbox 0 0 1380 5062; baseline 0 0"><span class='ocrx_word' id='word_1_267' title='bbox 0 0 1380 5062; x_wconf 95' lang='lat' dir='ltr'> </span> 
     </span>
    </p>
   </div>
  </div>
 </body>
</html>
