2738 5062
142 672 197 732 tta
478 683 518 729 ne
540 682 639 729 narres
659 680 879 728 raurnmrunus

139 821 224 894 tanti
245 821 343 891 amici
366 818 501 902 litteris,
524 822 669 889 alterum
688 819 770 887 mibi
788 819 933 904 dictum,
953 821 1099 889 aiterum
1117 818 1161 892 ad
1176 832 1206 891 te

139 942 304 1037 praesenti
325 944 470 1023 calamo,
493 940 548 1009 cui
570 941 634 1011 bac
660 940 693 1023 in
720 962 756 1009 re
783 942 965 1035 plurimum
988 940 1079 1025 fidit,
1100 945 1209 1037 perie-

141 1066 284 1135 rendum
307 1064 383 1155 legi.
405 1066 455 1134 De
476 1086 556 1156 quo,
580 1064 657 1134 ticet
677 1064 712 1132 in
733 1062 837 1134 rebus
864 1064 1026 1135 humanis
1053 1064 1100 1135 nil
1124 1066 1210 1136 diffi-

140 1186 238 1255 cilius
273 1185 377 1255 sciam
412 1208 514 1276 quam
548 1186 831 1287 consuetudinem
868 1185 1054 1257 radicatam
1075 1196 1212 1281 repente

141 1310 348 1392 convellere,
372 1308 577 1378 sententiam
597 1318 711 1378 tamen
732 1331 841 1379 meam
863 1318 920 1379 tuo
937 1308 1102 1380 utendam
1125 1309 1214 1381 arbi-

141 1430 206 1501 trio
227 1432 344 1522 paneis
375 1431 500 1522 accipe.
535 1431 663 1511 SentiS,
698 1429 899 1501 acutissime
929 1430 985 1501 vir
1007 1432 1105 1523 [quis
1124 1432 1214 1503 enim

143 1584 210 1632 non
232 1557 444 1648 sentiatque
465 1555 605 1625 assidue
625 1554 827 1648 premiturt)
852 1554 960 1625 sontis
981 1552 1064 1624 iilud
1086 1554 1215 1646 grande

142 1680 341 1760 discrimen,
380 1677 461 1748 iilud
500 1699 609 1767 grave
642 1677 838 1768 negocium,
878 1677 973 1769 quod
1007 1677 1215 1749 intrantibus

144 1805 235 1874 viam
256 1802 338 1871 vitae
359 1801 463 1870 huius
484 1799 653 1871 obiicitur.
684 1800 843 1890 Longum
871 1799 936 1869 iter
959 1822 1216 1894 asperumque,

143 1926 251 1995 breve
273 1934 411 2017 tempus
432 1924 634 2007 adversum,
657 1923 834 1994 dexterior
852 1933 980 1993 trames
997 1923 1143 2008 arduus
1159 1946 1218 1995 au-

143 2056 279 2137 gustus,
302 2044 517 2137 repr-icosus,
541 2066 718 2136 scrupeus.
738 2045 789 2113 Ea
807 2042 904 2114 nobis
919 2043 963 2114 ad
977 2065 1098 2115 veram
1113 2043 1217 2117 vitam

144 2167 269 2236 semita
289 2174 359 2236 est:
381 2174 416 2233 at
436 2168 525 2236 laeva
547 2170 710 2236 ruptorum
730 2178 862 2235 exercet
885 2190 1016 2258 poenos,
1040 2178 1071 2236 et
1092 2166 1138 2237 ud
1158 2170 1218 2239 im·

143 2294 204 2384 pio
225 2302 350 2358 tartare
371 2290 478 2370 mittit,
505 2291 599 2380 quod
624 2313 687 2361 uec
711 2292 808 2362 Maro
834 2301 954 2361 noster
979 2290 1132 2382 ignorat,
1157 2312 1217 2363 nec

144 2414 361 2509 Pythagoras
383 2411 577 2503 ignorabat,
600 2411 683 2481 dum
705 2412 823 2483 Cadmi
850 2412 1008 2503 vestigiis
1042 2412 1217 2495 insistens,

147 2536 328 2631 scripturae
362 2555 625 2628 supervacuam,
655 2536 719 2605 sed
752 2535 835 2607 vitae
862 2535 979 2607 utilem
1005 2535 1158 2607 litteram
1187 2536 1219 2605 in

146 2659 272 2730 incude
292 2657 419 2750 ingenii
443 2659 626 2728 mallearet.
647 2657 803 2727 Bicornis
824 2669 860 2727 et
878 2658 1092 2749 exemplaris
1111 2660 1219 2731 littera

147 2783 273 2854 dextro
292 2804 401 2852 cornu
425 2783 551 2851 arctior
585 2779 693 2851 tendit
722 2781 766 2850 ad
803 2780 931 2852 sidera:
954 2784 1045 2851 taevo
1065 2783 1167 2855 latior
1189 2783 1221 2852 in

150 2919 274 2977 terram
296 2915 441 2977 curvata
462 2904 664 2987 reflectitur;
686 2927 740 2988 ea,
763 2916 802 2974 ut
822 2905 931 2984 aiunt,
955 2905 998 2975 ad
1020 2905 1152 2977 inferos
1171 2916 1223 2976 est

151 3031 221 3112 via,
244 3038 278 3098 et
304 3030 357 3099 iila
392 3028 532 3121 quidem
566 3026 703 3097 incessu
738 3027 849 3097 laetior
882 3048 921 3097 ac
953 3026 1105 3109 dulcior,
1128 3027 1221 3099 exitu

151 3153 375 3223 moestissima
402 3163 507 3241 atque
540 3150 759 3220 amarissima
783 3160 852 3233 est,
880 3148 980 3221 cuius
1013 3151 1156 3224 omnino
1179 3150 1223 3221 nil

151 3274 261 3366 possit
283 3271 432 3341 miserim
455 3272 650 3363 superaddi.
674 3274 840 3342 Dextrum
861 3294 944 3344 vero
962 3273 1027 3342 iter
1045 3272 1223 3364 ingressis,

153 3402 189 3460 ut
210 3393 306 3463 labor
328 3394 461 3483 ingens,
485 3393 535 3463 sic
555 3392 633 3463 finis
652 3394 812 3488 optimus.
832 3395 900 3464 Sed
918 3395 980 3464 vix
998 3418 1154 3487 uuquam
1171 3418 1227 3468 sa-

153 3516 196 3584 tis
215 3525 338 3584 exacta
359 3515 515 3584 custodia
536 3537 615 3585 esse
637 3525 762 3609 potest,
785 3528 820 3585 et
840 3538 938 3608 paene
959 3517 1130 3609 quidquid
1147 3540 1227 3589 cau·

154 3636 254 3708 tionis
277 3649 336 3705 aut
353 3635 542 3726 diligentiae
563 3636 754 3719 adhibetur,
778 3637 892 3707 minus
906 3650 960 3709 est
974 3662 1079 3729 quam
1093 3649 1228 3733 oportet

154 3784 215 3854 pro
235 3760 398 3853 qualitate
416 3761 565 3853 periculi.
588 3762 651 3830 Tot
670 3783 836 3853 passuum
866 3761 1053 3843 horrenda,
1078 3773 1128 3833 tot
1153 3784 1230 3855 per-

152 3885 269 3978 plexa,
294 3893 341 3954 tot
359 3882 500 3965 lubrica,
516 3891 584 3953 tam
599 3885 715 3953 multae
733 3883 1001 3964 dehortantium,
1022 3895 1091 3954 tam
1110 3888 1229 3957 muitae

154 4006 380 4077 detinentium
403 4029 443 4077 ac
465 4007 712 4077 retrahentium
734 4029 848 4077 rerum
870 4009 1007 4078 formae!
1032 4007 1148 4100 Atque
1165 4008 1232 4079 uti-

156 4153 235 4200 nam
256 4134 311 4202 vei
334 4153 468 4203 summa
496 4130 659 4223 temporis
685 4130 863 4225 parcitate,
891 4143 925 4200 et
951 4131 1131 4202 inutilibus
1157 4154 1233 4203 sar-

156 4253 242 4325 cinis
260 4254 411 4337 abiectis
435 4255 523 4324 inter
540 4267 589 4327 tot
606 4255 753 4326 adversa
772 4254 854 4324 nudi
875 4254 1108 4346 expeditique,
1126 4276 1231 4348 quem

157 4375 411 4447 destinavimus
432 4379 615 4449 terminum
636 4377 948 4473 apprehendamus.
975 4378 1112 4450 Miraris
1136 4378 1233 4471 quod

159 4499 205 4571 ita
226 4498 329 4569 veiim
365 4510 395 4569 te
428 4500 683 4572 notissimorum
705 4501 974 4591 <exaggeratione
993 4501 1232 4573 discriminum
