2738 5062
348 634 440 681 srasa
462 632 958 690 colummannus-aurorum
980 635 1022 683 111.
1162 623 1220 683 315

144 789 208 841 uec
227 767 438 861 assequendi
457 768 557 862 copia
575 777 684 851 esset,
704 779 740 839 et
759 788 839 839 ecoe
859 767 975 840 subito
995 788 1137 841 reversa
1165 793 1219 842 se-

142 889 286 975 renitas,
303 911 386 983 quae
407 888 526 962 multis
552 890 619 961 iam
646 888 827 963 mensibus
850 889 969 974 durat,
997 892 1113 962 moltis
1140 905 1219 965 ants

140 1014 333 1089 duraverat
352 1023 388 1084 et
406 1013 574 1085 duratura
594 1011 745 1091 videtur,
769 1011 803 1081 ni
824 1021 939 1085 rector
959 1012 1113 1085 siderum
1138 1035 1221 1087 oon·

142 1137 258 1209 silium
279 1145 403 1220 mutet,
427 1136 514 1219 sive,
537 1133 618 1227 quia
637 1133 820 1206 consilium
840 1134 975 1209 Domini
997 1135 1031 1205 in
1049 1145 1219 1209 aeternum

141 1269 273 1342 manet,
295 1258 396 1330 novis
418 1257 513 1330 aliud
532 1255 695 1329 ostendat
713 1256 904 1330 effectibus.
924 1241 1045 1350 ltaque
1060 1281 1131 1352 quo
1147 1281 1221 1331 ma-

142 1381 197 1473 gis
216 1381 345 1473 cogito,
371 1400 415 1451 eo
440 1378 552 1471 magis
585 1379 619 1449 in
653 1389 805 1451 mentem
827 1381 935 1464 venit,
966 1382 1039 1453 Deo
1060 1382 1221 1455 humanis

143 1501 304 1597 periculis
324 1510 543 1588 occurrente,
566 1502 792 1576 terrestribus
809 1514 914 1609 atque
930 1504 1132 1577 cmlestibus
1158 1506 1222 1576 im·

143 1625 348 1718 peslimentia
368 1626 552 1696 lraenatum
571 1627 659 1698 forte
678 1625 893 1698 desiderium
912 1648 1042 1711 meum,
1064 1628 1160 1721 quod
1185 1629 1219 1701 ia

142 1748 272 1822 ltaliam
295 1771 351 1821 ma
372 1746 541 1821 trahebat.
562 1748 670 1820 Nobis
691 1771 815 1842 nempe
834 1769 915 1842 qum
939 1750 1100 1842 cupimus
1122 1761 1220 1843 grata

144 1882 289 1955 tantum,
312 1871 506 1943 Decetiam
526 1882 607 1943 nota
629 1880 721 1977 sunt.
739 1871 828 1957 Quid
850 1871 886 1943 ni
906 1875 1022 1944 autam
1043 1871 1122 1944 ideo
1147 1871 1221 1964 opi-

143 2015 206 2067 ner
227 1996 329 2065 talem
351 1993 401 2065 uti
425 2002 562 2088 patrum
590 1994 756 2065 memoria
781 2015 958 2089 nunquam
985 1994 1049 2065 luit
1074 1994 1219 2065 imbrem

143 2114 209 2188 hoc
229 2135 321 2186 anno
345 2114 487 2187 unicum
513 2115 548 2184 in
574 2115 667 2187 illum
694 2114 800 2196 diem,
835 2126 871 2186 et
902 2114 937 2193 in
971 2115 1084 2209 ipsam
1103 2113 1219 2187 abitus

143 2238 212 2308 mei
229 2237 350 2309 horam
368 2235 554 2309 incidissel
571 2237 627 2308 Sic
642 2259 727 2331 ergo
743 2237 917 2311 cohibitus
934 2237 979 2309 ad
995 2239 1123 2310 sonum
1141 2238 1221 2309 Sor-

144 2359 213 2451 giae
238 2358 364 2433 diebus
388 2359 508 2450 paucis
534 2369 717 2454 postquam
744 2359 825 2432 inde
848 2359 1080 2435 discesseram
1102 2382 1221 2433 rever-

144 2491 209 2555 tor.
235 2483 309 2554 Huc
339 2482 541 2576 priusquam
576 2483 629 2554 bis
663 2487 727 2554 iter
759 2482 969 2557 immensum
1003 2484 1108 2556 velox
1140 2484 1221 2554 luna

142 2615 336 2699 perageret,
353 2646 357 2659 ·
373 2626 463 2676 unus
491 2626 511 2675 c
545 2605 664 2697 pueris
684 2624 773 2699 quos
798 2606 1002 2700 praemissos
1024 2605 1153 2678 audisti
1177 2604 1221 2676 ad

141 2750 200 2801 me
213 2727 327 2814 rediit,
342 2738 378 2799 et
391 2728 489 2812 heus,
504 2727 628 2821 inquit,
641 2728 725 2822 quid
738 2728 893 2800 moliris?
905 2730 995 2799 Dum
1010 2726 1220 2822 Charybdim

142 2853 234 2943 logis
255 2872 394 2945 proram
418 2850 495 2942 agis
527 2850 563 2921 in
597 2851 755 2946 Scyllam.
779 2849 893 2921 Curiae
917 2869 1021 2920 curas
1046 2848 1223 2921 horrescis

143 2995 209 3045 nec
225 2973 410 3057 immerito;
427 2973 544 3045 nescis
561 2983 676 3045 autem
694 2993 776 3065 quae
793 2981 828 3042 te
843 2992 1005 3044 curarum
1023 2973 1132 3043 moles
1150 2993 1223 3044 ma·

144 3102 226 3166 neat
246 3094 273 3166 si
294 3094 418 3190 pedam
437 3096 471 3166 in
490 3095 586 3167 ltalia
603 3093 777 3187 posueris;
798 3114 888 3188 quos
909 3093 1042 3166 reditus
1064 3095 1111 3166 tui
1132 3094 1222 3166 sama

143 3218 211 3289 iam
233 3239 325 3289 nunc
344 3215 534 3289 amicorum
555 3202 687 3288 cuneos
719 3215 885 3299 erexerit,
919 3224 1006 3309 quot
1035 3215 1071 3285 in
1103 3222 1225 3308 partas

142 3338 393 3411 distrahendus
424 3339 561 3412 animus
593 3361 696 3432 quem
729 3339 891 3430 colligere
917 3337 1111 3423 meditaris,
1137 3347 1223 3430 quot

143 3462 211 3535 atsi
242 3483 309 3534 non
344 3461 414 3533 tuis
443 3472 536 3534 certe
568 3472 704 3534 tuorum
733 3459 887 3554 negotiis.
909 3461 1130 3534 aestuandum
1161 3459 1220 3545 sit,

142 3595 383 3679 quantumque
408 3585 624 3678 perdendum
653 3584 817 3679 temporis
841 3584 941 3656 cuius
967 3583 1141 3658 modicum
1161 3583 1222 3654 ba-

143 3705 206 3778 bes
234 3728 344 3799 egens
365 3709 487 3794 multo,
510 3708 595 3803 quid
619 3708 819 3801 patiendum
841 3706 901 3779 tibi
923 3708 1158 3781 molestiarum
1187 3716 1223 3776 ut

143 3831 332 3901 multorum
347 3830 533 3904 desideriis
553 3831 709 3905 satisfiat
728 3833 812 3905 Haec
827 3853 906 3904 cum
924 3830 1155 3926 perfunctorie
1170 3828 1224 3900 di-

142 3951 269 4035 xisset,
294 3952 429 4044 singula
461 3952 647 4044 diligenter
677 3954 857 4049 explicuit,
891 3953 1042 4025 rationes
1075 3950 1223 4023 afferens

144 4075 218 4145 sole
238 4075 438 4160 lucidiores,
458 4076 568 4146 multa
583 4074 687 4147 etiam
706 4074 839 4147 addidit
857 4072 1101 4145 committenda
1119 4074 1225 4144 silen-

144 4193 203 4265 tio.
225 4194 317 4279 Quid
337 4203 371 4265 te
394 4199 531 4268 moror?
551 4195 627 4265 Non
649 4193 836 4277 serviliter,
871 4192 936 4266 sad
968 4192 1221 4286 philosophice,

142 4317 209 4389 sed
235 4317 354 4389 divine
386 4318 481 4410 loqui
513 4317 613 4388 visus
645 4325 701 4387 est
734 4316 828 4387 mibi.
850 4317 970 4409 ltaque
992 4338 1127 4388 mecum
1149 4317 1224 4386 vol-

144 4459 234 4510 vens
255 4461 296 4510 ac
317 4441 425 4511 multa
447 4438 656 4527 recogitans,
676 4449 711 4508 et
728 4437 786 4509 ubi
808 4449 944 4534 portum
965 4460 1047 4511 csse
1066 4435 1224 4509 credide-
