2738 5062
464 868 652 934 aaanclscl
681 866 886 932 PETRARCAE

285 1088 355 1163 nn
404 1084 588 1166 anans
638 1081 1062 1163 nlmllllnlssns

347 1284 500 1355 rinna
542 1280 1016 1356 snrrnrnsnnemns.
1182 1246 1187 1251 ’

568 1810 746 1875 EPISTOLA
765 1812 787 1875 1.

261 2004 453 2053 franciscus
474 2004 641 2053 assaraci
662 2004 812 2054 GERARDO
833 2004 949 2055 Falla}
970 2006 996 2056 S.
1018 2006 1049 2055 Ρ.
1072 2008 1105 2057 1).

239 2170 372 2232 Quaenam
387 2183 451 2221 vera
465 2167 656 2239 philosophia,
671 2185 734 2240 qum
747 2185 813 2225 rora
827 2169 887 2239 lex,
901 2169 965 2241 quis
979 2170 1135 2243 utriusque

517 2255 640 2325 optimus
656 2256 691 2310 sit
706 2256 847 2328 magister.

240 2512 403 2607 Religiosi
430 2512 612 2585 cniusdam
639 2515 705 2585 viri
731 2514 891 2587 manibus
917 2514 1118 2607 religiosior
1144 2519 1230 2589 mihi

143 2639 277 2711 libellus
300 2648 380 2710 tuus
401 2640 524 2709 allatus
549 2646 615 2708 esi.
636 2635 765 2731 Aperui
791 2640 961 2721 leoluruS,
983 2648 1019 2709 at
1045 2638 1081 2708 in
1101 2640 1230 2711 orasti·

142 2786 249 2834 num:
270 2773 346 2833 eral
369 2762 460 2831 onim
483 2782 564 2853 pars
590 2758 658 2831 diei
683 2759 811 2831 ull-ima.
840 2760 916 2853 lpse
939 2758 1022 2829 mihi
1044 2759 1227 2837 blanditus

143 2896 212 2971 ost,
236 2896 273 2956 ul
298 2886 345 2955 aii
370 2887 523 2955 Seneca:
546 2884 592 2955 ita
618 2906 686 2955 non
712 2893 792 2955 anle
811 2882 958 2975 deposui
983 2904 1090 2974 quam
1115 2894 1226 2957 totum

143 3008 177 3078 in
204 3009 340 3080 silentio
366 3006 615 3101 perlegissem:
646 3007 691 3076 ila
721 3026 820 3077 ooena
843 3003 999 3099 corporis
1026 3005 1061 3074 in
1087 3016 1227 3079 noclem

142 3128 259 3215 dilala,
286 3130 465 3223 splendide
496 3128 631 3197 interim
666 3136 824 3198 ooenatus
857 3126 995 3197 animus
1029 3126 1118 3199 cibis
1150 3127 1226 3201 suis

143 3252 365 3341 suaviterque
387 3254 533 3321 relectus
550 3260 585 3322 ol
604 3248 797 3320 dolectatus
819 3269 906 3331 sum,
925 3269 1092 3339 germane
1113 3249 1224 3335 uuioe,

143 3374 220 3466 plus
246 3392 351 3462 quam
376 3372 443 3443 diei
466 3382 591 3465 polest,
620 3371 816 3463 intelligens
837 3392 907 3441 non
928 3370 1032 3441 modo
1052 3372 1224 3464 propositi

143 3492 252 3563 sancti
278 3494 505 3563 constantiam
532 3506 706 3584 speratam
733 3514 871 3586 sempor
901 3515 945 3564 ex
975 3500 1022 3575 le,
1057 3502 1118 3562 aut
1143 3515 1227 3564 con-

145 3625 312 3708 templum
327 3635 441 3683 rorum
460 3613 632 3702 fugacium
652 3614 697 3684 ab
712 3614 792 3685 olim
811 3614 894 3683 milri
912 3613 1145 3698 notissimum,
1161 3611 1227 3685 sed

145 3736 353 3829 insperalam
374 3744 410 3805 ot
435 3733 609 3825 inopinam
633 3736 721 3805 liano
746 3734 880 3826 copiam
908 3737 1115 3818 litterarum,
1138 3758 1229 3827 qua-

146 3882 220 3928 rum
239 3881 377 3953 expers,
397 3857 598 3950 religionem
617 3857 707 3927 illam
730 3858 802 3928 lleo
823 3857 1056 3947 gratissimam
1076 3877 1118 3927 ao
1136 3877 1229 3947 pene

147 3981 260 4053 nudus
287 3983 430 4055 intrasti.
454 3980 623 4066 Quamvis
643 3979 736 4050 enim
758 3980 790 4047 in
813 3979 934 4049 littoris
956 4000 1024 4049 non
1045 3977 1091 4047 sil
1111 3980 1226 4064 saluS,

145 4114 200 4175 esl
221 4115 335 4175 lamen
355 4108 488 4197 luitque
510 4106 577 4175 iam
600 4103 715 4173 mullis
743 4101 786 4172 ad
808 4104 955 4172 salutem
979 4100 1054 4181 ria3
1084 4101 1229 4191 signum

146 4236 313 4320 praeterea
337 4229 539 4298 excellentis
565 4236 600 4296 el
625 4224 723 4295 facile
744 4224 779 4292 in
804 4226 910 4293 allum
936 4224 1077 4295 evasuri
1104 4223 1228 4308 animi,

146 4372 249 4444 posse
276 4370 346 4420 rem
370 4360 497 4419 lanlam
526 4350 600 4419 sine
625 4358 835 4442 praeceptore
857 4347 1053 4441 percipere:
1082 4348 1163 4418 licei
1191 4356 1231 4417 ul
