2738 5062
141 641 200 703 238
476 655 516 701 nu
540 654 639 701 uultus
661 652 882 701 subintramus

142 815 226 888 pore
250 791 296 863 ab
319 791 385 861 hac
410 790 583 861 sententia
603 789 827 863 metuendam
853 800 965 872 esset;
985 787 1148 882 quamvis
1173 810 1218 859 no

141 938 233 987 nunc
253 915 393 1007 quidem
421 915 525 983 ullum
552 912 633 983 inde
659 912 724 983 sibi
752 914 853 983 lamae
873 911 1059 983 discrimen
1084 910 1216 1006 impen-

141 1038 223 1109 deat
248 1036 339 1130 apud
359 1023 500 1125 eosqui
521 1056 641 1105 veram
668 1036 813 1126 gloriam
834 1036 1030 1127 falsumque
1050 1034 1218 1117 dedecus,

141 1184 208 1232 uon
235 1159 395 1254 opinione
420 1157 571 1248 vulgari,
594 1158 659 1230 sed
677 1157 885 1251 quibusdam
907 1157 1116 1231 certioribus
1143 1156 1219 1229 suis

142 1285 232 1356 uotis
251 1280 460 1363 examinant,
479 1291 515 1350 et
532 1291 681 1352 eventus
700 1280 852 1352 virorum
876 1280 1061 1351 illustrium
1079 1279 1220 1351 virtutis

142 1430 210 1480 non
224 1409 370 1478 tortunae
388 1401 513 1474 iudicio
530 1402 728 1475 metiuntur.
747 1404 848 1488 Quod
866 1403 913 1473 ita
930 1423 1013 1473 esse
1028 1424 1076 1473 ex
1093 1401 1219 1475 obiecti

141 1529 294 1602 criminis
314 1527 479 1619 qualitate
505 1524 737 1621 perpenditur.
760 1527 851 1596 Nihil
875 1525 967 1597 enim
992 1546 1040 1596 ex
1058 1523 1113 1595 eis
1138 1545 1219 1617 quse

141 1653 241 1725 bouis
266 1651 426 1721 omnibus
452 1650 487 1719 in
512 1649 570 1720 illo
597 1650 672 1720 viro
696 1649 878 1744 displicent
903 1647 1077 1739 arguitur,
1105 1668 1218 1740 neque

140 1774 280 1848 omuino
300 1772 380 1844 linis
406 1772 469 1843 sed
489 1771 643 1866 principii
670 1793 752 1843 reus
772 1781 838 1843 est.
864 1772 940 1842 Non
968 1768 1035 1840 sibi
1060 1768 1219 1842 obiicitur

139 1899 234 1990 quod
250 1897 351 1968 malis
368 1894 564 1979 adhaeserit,
583 1895 678 1988 quod
694 1894 886 1966 libertatem
902 1892 1108 1976 destituerit,
1126 1890 1218 1984 quod

141 2043 161 2091 e
194 2020 358 2114 Capitolio
391 2020 529 2109 sugerit,
558 2041 639 2090 cum
662 2040 836 2111 nusquam
868 2015 1051 2087 honestius
1080 2015 1215 2099 vivere,

140 2163 312 2233 nusquam
331 2140 517 2231 gloriosius
531 2141 617 2211 mori
636 2152 766 2234 posset.
780 2140 872 2223 Quid
885 2141 993 2230 ergo?
1005 2137 1095 2209 lllud
1112 2158 1215 2208 unum

141 2262 206 2333 sibi
226 2260 357 2332 crimen
377 2261 560 2354 opponitur
579 2262 682 2343 unde,
702 2261 732 2331 si
750 2260 1001 2334 condemnatus
1017 2259 1133 2343 fucrit,
1151 2280 1216 2331 non

140 2384 225 2456 mihi
244 2383 385 2475 quidem
411 2382 561 2466 infamis,
590 2382 651 2453 sed
677 2394 808 2455 aeterna
829 2384 1015 2455 decoratus
1036 2382 1148 2473 gloria
1167 2379 1217 2453 vi-

141 2505 278 2578 debitur
291 2533 300 2586 ·,
315 2503 411 2597 quod
436 2502 566 2575 scilicet
585 2504 737 2597 cogitare
757 2528 867 2577 ausus
889 2506 934 2576 sit
959 2516 999 2576 ut
1024 2506 1160 2575 salvam
1179 2524 1216 2575 ac

140 2628 284 2701 liboram
306 2628 411 2698 vellet
435 2647 515 2698 esse
540 2627 803 2721 rempublicam,
825 2628 925 2700 etde
946 2647 1092 2699 romano
1113 2627 1217 2721 impe

141 2753 193 2823 rio
224 2751 340 2843 deque
368 2752 521 2823 romanis
554 2752 785 2844 potestatibus
813 2756 934 2826 Romae
959 2750 1026 2843 agi.
1061 2750 1090 2820 0
1120 2769 1217 2821 oruoc

142 2873 410 2969 vulturibusque
423 2873 565 2966 dignum
585 2877 717 2946 scelus!
738 2875 851 2947 civem
870 2894 1052 2945 romanum
1066 2870 1217 2944 doluisse

141 2997 235 3093 quod
255 2997 403 3093 patriam
423 3020 523 3069 suam
542 2999 616 3070 iure
629 2999 781 3071 omnium
800 2998 985 3081 dominam,
1006 3018 1147 3068 servam
1168 2995 1219 3065 vi-

140 3122 353 3194 lissimorum
374 3122 551 3192 hominum
574 3121 725 3193 videret!
748 3123 824 3194 haec
839 3133 932 3193 certe
949 3120 1104 3192 oriminis
1123 3142 1220 3192 sum·

141 3266 197 3313 ma
213 3252 281 3321 est;
302 3241 382 3310 hinc
403 3243 608 3334 supplicium
627 3243 791 3336 poscitur.
811 3244 849 3314 ln
867 3244 932 3314 hoo
951 3249 1057 3325 statu,
1080 3242 1218 3335 (utiam
1237 3336 1240 3341 .

144 3362 282 3435 tandem
302 3360 425 3432 audias
443 3385 506 3434 our
527 3364 652 3457 inoepi,
676 3365 877 3459 habeasque
894 3365 988 3458 quod
1006 3365 1124 3437 rideas
1144 3376 1222 3459 post

142 3483 314 3577 dolorem)
342 3507 445 3555 uuam
482 3486 547 3557 sibi
580 3487 732 3560 relictam
761 3510 855 3581 spem
883 3489 1007 3561 salutis
1032 3490 1221 3561 amicorum

143 3607 263 3679 litteris
296 3606 435 3691 edidici,
460 3609 554 3700 quod
583 3613 689 3703 vulgo
717 3614 807 3682 lama
828 3611 1062 3704 percrebuerit
1083 3622 1220 3706 poetam

145 3732 238 3800 illum
271 3751 351 3802 esse
387 3730 638 3803 clarissimum:
678 3733 794 3826 itaque
829 3737 926 3806 nefas
964 3734 1077 3807 videri
1120 3738 1222 3807 talem

143 3865 178 3922 ot
200 3861 267 3921 tam
287 3873 385 3923 sacro
403 3851 517 3924 studio
537 3853 692 3925 deditum
711 3854 886 3927 hominem
906 3856 1050 3941 violare,
1073 3856 1129 3926 illa
1147 3856 1224 3950 qui-

144 3974 223 4045 dem
249 3977 414 4067 praeclara
441 3976 610 4047 sententia
630 3977 697 4048 iam
725 3976 758 4048 in
778 3979 908 4069 vulgus
927 3979 1048 4061 ellusa,
1070 4002 1141 4072 qua
1161 4001 1226 4073 pro

144 4097 234 4167 Aulo
255 4098 384 4170 Licinio
401 4097 528 4171 Archia
548 4110 761 4193 praeceptore
783 4123 847 4173 suo
868 4100 960 4194 apud
981 4102 1115 4174 iudices
1136 4124 1227 4175 usus
1249 4084 1254 4091 ⁸

145 4231 200 4291 est
213 4220 345 4304 Cicer03
359 4245 463 4314 quam
481 4246 549 4294 non
568 4223 729 4318 apposui,
745 4224 908 4316 quoniam
922 4223 1113 4297 orationem
1131 4223 1227 4296 illam

145 4343 190 4415 ab
217 4352 374 4414 extrema
398 4345 479 4413 olim
506 4345 688 4417 Germania
722 4347 921 4431 advectam,
950 4347 1035 4420 dum
1069 4350 1142 4420 loca
1167 4346 1230 4417 illa

148 4465 280 4538 visendi
307 4465 431 4536 ardore
457 4464 652 4539 iuveniliter
678 4491 915 4560 peragrarent.
938 4483 975 4543 ct
998 4494 1090 4543 anuo
1114 4472 1230 4543 altero
