<?xml version="1.0" encoding="UTF-8"?>
<!DOCTYPE html PUBLIC "-//W3C//DTD XHTML 1.0 Transitional//EN"
    "http://www.w3.org/TR/xhtml1/DTD/xhtml1-transitional.dtd">
<html xmlns="http://www.w3.org/1999/xhtml" xml:lang="en" lang="en">
 <head>
  <title>
</title>
<meta http-equiv="Content-Type" content="text/html;charset=utf-8" />
  <meta name='ocr-system' content='tesseract 3.04.00' />
  <meta name='ocr-capabilities' content='ocr_page ocr_carea ocr_par ocr_line ocrx_word'/>
</head>
<body>
  <div class='ocr_page' id='page_1' title='image "./epistolaederebu02fracgoog_0078.png"; bbox 0 0 2738 5062; ppageno 0'>
   <div class='ocr_carea' id='block_1_1' title="bbox 416 766 1228 825">
    <p class='ocr_par' dir='ltr' id='par_1_1' title="bbox 416 766 1228 825">
     <span class='ocr_line' id='line_1_1' title="bbox 416 766 1228 825; baseline 0.002 -2"><span class='ocrx_word' id='word_1_1' title='bbox 416 776 508 824; x_wconf 75' lang='lat' dir='ltr'>eman</span> <span class='ocrx_word' id='word_1_2' title='bbox 532 773 892 824; x_wconf 77' lang='lat' dir='ltr'>aceruus-numnam</span> <span class='ocrx_word' id='word_1_3' title='bbox 915 777 957 823; x_wconf 84' lang='lat' dir='ltr'>ur.</span> <span class='ocrx_word' id='word_1_4' title='bbox 1189 766 1228 825; x_wconf 77' lang='lat' dir='ltr'>ott</span> 
     </span>
    </p>
   </div>
   <div class='ocr_carea' id='block_1_2' title="bbox 136 909 1231 4530">
    <p class='ocr_par' dir='ltr' id='par_1_2' title="bbox 136 909 1231 4530">
     <span class='ocr_line' id='line_1_2' title="bbox 142 909 1228 1005; baseline -0.003 -21"><span class='ocrx_word' id='word_1_5' title='bbox 142 913 226 984; x_wconf 92' lang='lat' dir='ltr'>dnm</span> <span class='ocrx_word' id='word_1_6' title='bbox 248 912 318 995; x_wconf 89' lang='lat' dir='ltr'>ori,</span> <span class='ocrx_word' id='word_1_7' title='bbox 341 930 410 980; x_wconf 93' lang='lat' dir='ltr'>non</span> <span class='ocrx_word' id='word_1_8' title='bbox 431 909 509 981; x_wconf 92' lang='lat' dir='ltr'>dico</span> <span class='ocrx_word' id='word_1_9' title='bbox 528 911 721 982; x_wconf 71' lang='lat' dir='ltr'><strong>custodiam</strong></span> <span class='ocrx_word' id='word_1_10' title='bbox 740 930 820 1004; x_wconf 88' lang='lat' dir='ltr'>quae</span> <span class='ocrx_word' id='word_1_11' title='bbox 837 912 1033 982; x_wconf 86' lang='lat' dir='ltr'>amovenda</span> <span class='ocrx_word' id='word_1_12' title='bbox 1052 933 1228 1005; x_wconf 91' lang='lat' dir='ltr'>nunquam</span> 
     </span>
     <span class='ocr_line' id='line_1_3' title="bbox 140 1032 1227 1126; baseline -0.003 -20"><span class='ocrx_word' id='word_1_13' title='bbox 140 1045 205 1115; x_wconf 87' lang='lat' dir='ltr'>est,</span> <span class='ocrx_word' id='word_1_14' title='bbox 225 1032 292 1104; x_wconf 88' lang='lat' dir='ltr'>sed</span> <span class='ocrx_word' id='word_1_15' title='bbox 314 1033 527 1125; x_wconf 81' lang='lat' dir='ltr'>repagulum,</span> <span class='ocrx_word' id='word_1_16' title='bbox 542 1033 696 1126; x_wconf 82' lang='lat' dir='ltr'>quinque</span> <span class='ocrx_word' id='word_1_17' title='bbox 713 1040 850 1123; x_wconf 85' lang='lat' dir='ltr'>tempus</span> <span class='ocrx_word' id='word_1_18' title='bbox 865 1052 1036 1104; x_wconf 88' lang='lat' dir='ltr'>annorum</span> <span class='ocrx_word' id='word_1_19' title='bbox 1052 1033 1227 1104; x_wconf 82' lang='lat' dir='ltr'>sufficiens</span> 
     </span>
     <span class='ocr_line' id='line_1_4' title="bbox 141 1151 1228 1247; baseline -0.004 -19"><span class='ocrx_word' id='word_1_20' title='bbox 141 1151 345 1228; x_wconf 79' lang='lat' dir='ltr'>aestimavit.</span> <span class='ocrx_word' id='word_1_21' title='bbox 368 1153 420 1224; x_wconf 89' lang='lat' dir='ltr'>Tu</span> <span class='ocrx_word' id='word_1_22' title='bbox 443 1174 545 1239; x_wconf 85' lang='lat' dir='ltr'>vero,</span> <span class='ocrx_word' id='word_1_23' title='bbox 574 1154 604 1224; x_wconf 89' lang='lat' dir='ltr'>si</span> <span class='ocrx_word' id='word_1_24' title='bbox 632 1155 696 1226; x_wconf 86' lang='lat' dir='ltr'>rite</span> <span class='ocrx_word' id='word_1_25' title='bbox 719 1163 895 1247; x_wconf 89' lang='lat' dir='ltr'>computo,</span> <span class='ocrx_word' id='word_1_26' title='bbox 915 1157 950 1224; x_wconf 92' lang='lat' dir='ltr'>in</span> <span class='ocrx_word' id='word_1_27' title='bbox 981 1155 1124 1226; x_wconf 87' lang='lat' dir='ltr'>servitio</span> <span class='ocrx_word' id='word_1_28' title='bbox 1150 1156 1228 1226; x_wconf 89' lang='lat' dir='ltr'>lesu</span> 
     </span>
     <span class='ocr_line' id='line_1_5' title="bbox 142 1274 1226 1370; baseline -0.006 -20"><span class='ocrx_word' id='word_1_29' title='bbox 142 1276 274 1350; x_wconf 82' lang='lat' dir='ltr'><strong>Christi</strong></span> <span class='ocrx_word' id='word_1_30' title='bbox 297 1284 334 1347; x_wconf 92' lang='lat' dir='ltr'>et</span> <span class='ocrx_word' id='word_1_31' title='bbox 354 1274 388 1344; x_wconf 95' lang='lat' dir='ltr'>in</span> <span class='ocrx_word' id='word_1_32' title='bbox 411 1274 529 1347; x_wconf 88' lang='lat' dir='ltr'>schola</span> <span class='ocrx_word' id='word_1_33' title='bbox 557 1274 634 1346; x_wconf 90' lang='lat' dir='ltr'>eius</span> <span class='ocrx_word' id='word_1_34' title='bbox 659 1276 727 1346; x_wconf 88' lang='lat' dir='ltr'>iam</span> <span class='ocrx_word' id='word_1_35' title='bbox 756 1276 941 1370; x_wconf 90' lang='lat' dir='ltr'>septimum</span> <span class='ocrx_word' id='word_1_36' title='bbox 974 1298 1102 1348; x_wconf 90' lang='lat' dir='ltr'>aunum</span> <span class='ocrx_word' id='word_1_37' title='bbox 1134 1277 1226 1347; x_wconf 89' lang='lat' dir='ltr'>siles.</span> 
     </span>
     <span class='ocr_line' id='line_1_6' title="bbox 144 1397 1228 1493; baseline -0.004 -22"><span class='ocrx_word' id='word_1_38' title='bbox 144 1401 298 1493; x_wconf 81' lang='lat' dir='ltr'>Tempus</span> <span class='ocrx_word' id='word_1_39' title='bbox 320 1406 377 1468; x_wconf 89' lang='lat' dir='ltr'>est</span> <span class='ocrx_word' id='word_1_40' title='bbox 396 1406 436 1467; x_wconf 87' lang='lat' dir='ltr'>ut</span> <span class='ocrx_word' id='word_1_41' title='bbox 455 1397 547 1488; x_wconf 91' lang='lat' dir='ltr'>loqui</span> <span class='ocrx_word' id='word_1_42' title='bbox 568 1418 673 1491; x_wconf 91' lang='lat' dir='ltr'>posse</span> <span class='ocrx_word' id='word_1_43' title='bbox 691 1397 822 1489; x_wconf 81' lang='lat' dir='ltr'>aliquid</span> <span class='ocrx_word' id='word_1_44' title='bbox 840 1397 996 1490; x_wconf 84' lang='lat' dir='ltr'>incipias3</span> <span class='ocrx_word' id='word_1_45' title='bbox 1015 1400 1082 1481; x_wconf 88' lang='lat' dir='ltr'>vel,</span> <span class='ocrx_word' id='word_1_46' title='bbox 1105 1398 1133 1468; x_wconf 92' lang='lat' dir='ltr'>si</span> <span class='ocrx_word' id='word_1_47' title='bbox 1155 1419 1228 1490; x_wconf 79' lang='lat' dir='ltr'>praa</span> 
     </span>
     <span class='ocr_line' id='line_1_7' title="bbox 142 1517 1228 1603; baseline -0.006 -9"><span class='ocrx_word' id='word_1_48' title='bbox 142 1520 310 1594; x_wconf 91' lang='lat' dir='ltr'>omnibus</span> <span class='ocrx_word' id='word_1_49' title='bbox 336 1518 510 1591; x_wconf 89' lang='lat' dir='ltr'>silentium</span> <span class='ocrx_word' id='word_1_50' title='bbox 537 1519 639 1590; x_wconf 89' lang='lat' dir='ltr'>dulce</span> <span class='ocrx_word' id='word_1_51' title='bbox 663 1527 731 1603; x_wconf 91' lang='lat' dir='ltr'>est,</span> <span class='ocrx_word' id='word_1_52' title='bbox 759 1517 844 1588; x_wconf 91' lang='lat' dir='ltr'>mibi</span> <span class='ocrx_word' id='word_1_53' title='bbox 869 1520 924 1589; x_wconf 87' lang='lat' dir='ltr'>vel</span> <span class='ocrx_word' id='word_1_54' title='bbox 950 1518 984 1587; x_wconf 93' lang='lat' dir='ltr'>in</span> <span class='ocrx_word' id='word_1_55' title='bbox 1015 1518 1150 1589; x_wconf 85' lang='lat' dir='ltr'>silentio</span> <span class='ocrx_word' id='word_1_56' title='bbox 1176 1539 1228 1588; x_wconf 82' lang='lat' dir='ltr'>re·</span> 
     </span>
     <span class='ocr_line' id='line_1_8' title="bbox 145 1641 1229 1736; baseline -0.004 -21"><span class='ocrx_word' id='word_1_57' title='bbox 145 1642 340 1736; x_wconf 88' lang='lat' dir='ltr'>spondeas:</span> <span class='ocrx_word' id='word_1_58' title='bbox 362 1642 557 1727; x_wconf 84' lang='lat' dir='ltr'>meministi,</span> <span class='ocrx_word' id='word_1_59' title='bbox 581 1643 698 1727; x_wconf 80' lang='lat' dir='ltr'>trater,</span> <span class='ocrx_word' id='word_1_60' title='bbox 719 1642 834 1735; x_wconf 89' lang='lat' dir='ltr'>qualis</span> <span class='ocrx_word' id='word_1_61' title='bbox 855 1641 934 1711; x_wconf 92' lang='lat' dir='ltr'>olim</span> <span class='ocrx_word' id='word_1_62' title='bbox 956 1664 1072 1712; x_wconf 87' lang='lat' dir='ltr'>rerum</span> <span class='ocrx_word' id='word_1_63' title='bbox 1094 1652 1229 1712; x_wconf 89' lang='lat' dir='ltr'>nostra·</span> 
     </span>
     <span class='ocr_line' id='line_1_9' title="bbox 143 1761 1227 1855; baseline -0.002 -22"><span class='ocrx_word' id='word_1_64' title='bbox 143 1785 224 1834; x_wconf 92' lang='lat' dir='ltr'>rum</span> <span class='ocrx_word' id='word_1_65' title='bbox 251 1770 363 1834; x_wconf 86' lang='lat' dir='ltr'>status</span> <span class='ocrx_word' id='word_1_66' title='bbox 397 1770 484 1846; x_wconf 83' lang='lat' dir='ltr'>erat,</span> <span class='ocrx_word' id='word_1_67' title='bbox 515 1773 552 1833; x_wconf 89' lang='lat' dir='ltr'>et</span> <span class='ocrx_word' id='word_1_68' title='bbox 584 1764 720 1834; x_wconf 91' lang='lat' dir='ltr'>animos</span> <span class='ocrx_word' id='word_1_69' title='bbox 752 1771 891 1834; x_wconf 85' lang='lat' dir='ltr'>nostros</span> <span class='ocrx_word' id='word_1_70' title='bbox 923 1786 1028 1855; x_wconf 89' lang='lat' dir='ltr'>quam</span> <span class='ocrx_word' id='word_1_71' title='bbox 1056 1761 1227 1835; x_wconf 91' lang='lat' dir='ltr'>laboriosa</span> 
     </span>
     <span class='ocr_line' id='line_1_10' title="bbox 144 1883 1228 1979; baseline 0.001 -24"><span class='ocrx_word' id='word_1_72' title='bbox 144 1883 296 1955; x_wconf 80' lang='lat' dir='ltr'>dulcedo</span> <span class='ocrx_word' id='word_1_73' title='bbox 319 1893 356 1954; x_wconf 90' lang='lat' dir='ltr'>et</span> <span class='ocrx_word' id='word_1_74' title='bbox 380 1884 519 1976; x_wconf 89' lang='lat' dir='ltr'>quantis</span> <span class='ocrx_word' id='word_1_75' title='bbox 545 1884 836 1956; x_wconf 88' lang='lat' dir='ltr'>amaritudinibus</span> <span class='ocrx_word' id='word_1_76' title='bbox 869 1907 1059 1979; x_wconf 88' lang='lat' dir='ltr'>conspersa</span> <span class='ocrx_word' id='word_1_77' title='bbox 1091 1896 1228 1977; x_wconf 89' lang='lat' dir='ltr'>torque-</span> 
     </span>
     <span class='ocr_line' id='line_1_11' title="bbox 136 2002 1227 2096; baseline 0 -20"><span class='ocrx_word' id='word_1_78' title='bbox 136 2002 222 2092; x_wconf 86' lang='lat' dir='ltr'>bat:</span> <span class='ocrx_word' id='word_1_79' title='bbox 235 2002 433 2088; x_wconf 83' lang='lat' dir='ltr'>meministi,</span> <span class='ocrx_word' id='word_1_80' title='bbox 448 2013 540 2096; x_wconf 91' lang='lat' dir='ltr'>puto,</span> <span class='ocrx_word' id='word_1_81' title='bbox 556 2016 594 2075; x_wconf 91' lang='lat' dir='ltr'>ut</span> <span class='ocrx_word' id='word_1_82' title='bbox 605 2027 698 2076; x_wconf 90' lang='lat' dir='ltr'>nune</span> <span class='ocrx_word' id='word_1_83' title='bbox 710 2014 746 2076; x_wconf 88' lang='lat' dir='ltr'>et</span> <span class='ocrx_word' id='word_1_84' title='bbox 762 2005 909 2077; x_wconf 80' lang='lat' dir='ltr'>libertati</span> <span class='ocrx_word' id='word_1_85' title='bbox 924 2015 994 2075; x_wconf 87' lang='lat' dir='ltr'>tuae</span> <span class='ocrx_word' id='word_1_86' title='bbox 1006 2005 1227 2096; x_wconf 81' lang='lat' dir='ltr'>congaudeas</span> 
     </span>
     <span class='ocr_line' id='line_1_12' title="bbox 146 2124 1228 2221; baseline 0.003 -25"><span class='ocrx_word' id='word_1_87' title='bbox 146 2135 183 2197; x_wconf 89' lang='lat' dir='ltr'>et</span> <span class='ocrx_word' id='word_1_88' title='bbox 200 2126 366 2196; x_wconf 81' lang='lat' dir='ltr'>fraternae</span> <span class='ocrx_word' id='word_1_89' title='bbox 384 2124 572 2196; x_wconf 83' lang='lat' dir='ltr'>condoleas</span> <span class='ocrx_word' id='word_1_90' title='bbox 594 2126 769 2211; x_wconf 89' lang='lat' dir='ltr'>servituti,</span> <span class='ocrx_word' id='word_1_91' title='bbox 793 2149 874 2221; x_wconf 87' lang='lat' dir='ltr'>quae</span> <span class='ocrx_word' id='word_1_92' title='bbox 899 2149 956 2198; x_wconf 89' lang='lat' dir='ltr'>me</span> <span class='ocrx_word' id='word_1_93' title='bbox 976 2128 1091 2200; x_wconf 91' lang='lat' dir='ltr'>adbuc</span> <span class='ocrx_word' id='word_1_94' title='bbox 1117 2127 1228 2200; x_wconf 89' lang='lat' dir='ltr'>solitis</span> 
     </span>
     <span class='ocr_line' id='line_1_13' title="bbox 147 2243 1226 2339; baseline 0.002 -22"><span class='ocrx_word' id='word_1_95' title='bbox 147 2243 373 2339; x_wconf 84' lang='lat' dir='ltr'>compedibus</span> <span class='ocrx_word' id='word_1_96' title='bbox 400 2254 569 2316; x_wconf 88' lang='lat' dir='ltr'>arctatum</span> <span class='ocrx_word' id='word_1_97' title='bbox 597 2255 734 2331; x_wconf 90' lang='lat' dir='ltr'>tenens,</span> <span class='ocrx_word' id='word_1_98' title='bbox 756 2247 824 2318; x_wconf 91' lang='lat' dir='ltr'>iam</span> <span class='ocrx_word' id='word_1_99' title='bbox 850 2249 999 2319; x_wconf 87' lang='lat' dir='ltr'>cultrum</span> <span class='ocrx_word' id='word_1_100' title='bbox 1024 2248 1136 2333; x_wconf 88' lang='lat' dir='ltr'>latori,</span> <span class='ocrx_word' id='word_1_101' title='bbox 1159 2249 1226 2320; x_wconf 90' lang='lat' dir='ltr'>iam</span> 
     </span>
     <span class='ocr_line' id='line_1_14' title="bbox 148 2364 1228 2463; baseline 0.005 -28"><span class='ocrx_word' id='word_1_102' title='bbox 148 2367 312 2457; x_wconf 87' lang='lat' dir='ltr'>laqueum</span> <span class='ocrx_word' id='word_1_103' title='bbox 330 2364 420 2436; x_wconf 90' lang='lat' dir='ltr'>collo</span> <span class='ocrx_word' id='word_1_104' title='bbox 435 2374 548 2458; x_wconf 88' lang='lat' dir='ltr'>parat,</span> <span class='ocrx_word' id='word_1_105' title='bbox 571 2366 836 2461; x_wconf 80' lang='lat' dir='ltr'>peregissetque</span> <span class='ocrx_word' id='word_1_106' title='bbox 853 2368 919 2438; x_wconf 91' lang='lat' dir='ltr'>iam</span> <span class='ocrx_word' id='word_1_107' title='bbox 935 2369 1079 2463; x_wconf 81' lang='lat' dir='ltr'>pridem,</span> <span class='ocrx_word' id='word_1_108' title='bbox 1096 2371 1128 2439; x_wconf 92' lang='lat' dir='ltr'>ni</span> <span class='ocrx_word' id='word_1_109' title='bbox 1142 2369 1228 2440; x_wconf 90' lang='lat' dir='ltr'>libe-</span> 
     </span>
     <span class='ocr_line' id='line_1_15' title="bbox 152 2485 1229 2578; baseline 0.005 -20"><span class='ocrx_word' id='word_1_110' title='bbox 152 2485 277 2558; x_wconf 86' lang='lat' dir='ltr'>ratoris</span> <span class='ocrx_word' id='word_1_111' title='bbox 295 2485 453 2569; x_wconf 85' lang='lat' dir='ltr'>dextera,</span> <span class='ocrx_word' id='word_1_112' title='bbox 474 2507 556 2578; x_wconf 84' lang='lat' dir='ltr'>quae</span> <span class='ocrx_word' id='word_1_113' title='bbox 577 2496 610 2559; x_wconf 82' lang='lat' dir='ltr'>te</span> <span class='ocrx_word' id='word_1_114' title='bbox 632 2489 774 2560; x_wconf 90' lang='lat' dir='ltr'>servitio</span> <span class='ocrx_word' id='word_1_115' title='bbox 794 2490 939 2574; x_wconf 86' lang='lat' dir='ltr'>exemit,</span> <span class='ocrx_word' id='word_1_116' title='bbox 961 2513 1016 2560; x_wconf 90' lang='lat' dir='ltr'>me</span> <span class='ocrx_word' id='word_1_117' title='bbox 1030 2490 1075 2561; x_wconf 94' lang='lat' dir='ltr'>ab</span> <span class='ocrx_word' id='word_1_118' title='bbox 1088 2490 1229 2563; x_wconf 89' lang='lat' dir='ltr'>interitu</span> 
     </span>
     <span class='ocr_line' id='line_1_16' title="bbox 147 2606 1228 2703; baseline 0.002 -24"><span class='ocrx_word' id='word_1_119' title='bbox 147 2606 372 2680; x_wconf 81' lang='lat' dir='ltr'>defendisset.</span> <span class='ocrx_word' id='word_1_120' title='bbox 398 2606 535 2693; x_wconf 84' lang='lat' dir='ltr'>Orobis,</span> <span class='ocrx_word' id='word_1_121' title='bbox 562 2611 679 2695; x_wconf 81' lang='lat' dir='ltr'>frater,</span> <span class='ocrx_word' id='word_1_122' title='bbox 704 2622 740 2682; x_wconf 91' lang='lat' dir='ltr'>ut</span> <span class='ocrx_word' id='word_1_123' title='bbox 760 2633 816 2683; x_wconf 90' lang='lat' dir='ltr'>me</span> <span class='ocrx_word' id='word_1_124' title='bbox 834 2633 973 2703; x_wconf 91' lang='lat' dir='ltr'>quoque</span> <span class='ocrx_word' id='word_1_125' title='bbox 1001 2612 1068 2682; x_wconf 93' lang='lat' dir='ltr'>iam</span> <span class='ocrx_word' id='word_1_126' title='bbox 1090 2612 1228 2683; x_wconf 85' lang='lat' dir='ltr'>tandem</span> 
     </span>
     <span class='ocr_line' id='line_1_17' title="bbox 147 2727 1229 2825; baseline 0.004 -27"><span class='ocrx_word' id='word_1_127' title='bbox 147 2728 298 2809; x_wconf 86' lang='lat' dir='ltr'>libertati</span> <span class='ocrx_word' id='word_1_128' title='bbox 319 2727 494 2814; x_wconf 89' lang='lat' dir='ltr'>restituat,</span> <span class='ocrx_word' id='word_1_129' title='bbox 522 2739 558 2801; x_wconf 90' lang='lat' dir='ltr'>et</span> <span class='ocrx_word' id='word_1_130' title='bbox 582 2752 651 2802; x_wconf 93' lang='lat' dir='ltr'>uno</span> <span class='ocrx_word' id='word_1_131' title='bbox 674 2743 797 2802; x_wconf 88' lang='lat' dir='ltr'>ventre</span> <span class='ocrx_word' id='word_1_132' title='bbox 821 2752 1030 2825; x_wconf 78' lang='lat' dir='ltr'>progressos</span> <span class='ocrx_word' id='word_1_133' title='bbox 1061 2733 1133 2823; x_wconf 90' lang='lat' dir='ltr'>pari</span> <span class='ocrx_word' id='word_1_134' title='bbox 1161 2730 1229 2802; x_wconf 88' lang='lat' dir='ltr'>linc</span> 
     </span>
     <span class='ocr_line' id='line_1_18' title="bbox 146 2850 1227 2945; baseline -0.001 -24"><span class='ocrx_word' id='word_1_135' title='bbox 146 2850 286 2923; x_wconf 82' lang='lat' dir='ltr'>felicitet</span> <span class='ocrx_word' id='word_1_136' title='bbox 319 2859 355 2922; x_wconf 92' lang='lat' dir='ltr'>et</span> <span class='ocrx_word' id='word_1_137' title='bbox 388 2851 418 2922; x_wconf 93' lang='lat' dir='ltr'>si</span> <span class='ocrx_word' id='word_1_138' title='bbox 447 2851 570 2944; x_wconf 84' lang='lat' dir='ltr'>praeire</span> <span class='ocrx_word' id='word_1_139' title='bbox 604 2851 809 2935; x_wconf 83' lang='lat' dir='ltr'>debueram,</span> <span class='ocrx_word' id='word_1_140' title='bbox 841 2874 909 2922; x_wconf 92' lang='lat' dir='ltr'>non</span> <span class='ocrx_word' id='word_1_141' title='bbox 942 2851 1085 2944; x_wconf 86' lang='lat' dir='ltr'>pudebit</span> <span class='ocrx_word' id='word_1_142' title='bbox 1118 2855 1227 2945; x_wconf 91' lang='lat' dir='ltr'>sequi.</span> 
     </span>
     <span class='ocr_line' id='line_1_19' title="bbox 148 2971 1230 3065; baseline -0.004 -20"><span class='ocrx_word' id='word_1_143' title='bbox 148 2973 346 3057; x_wconf 86' lang='lat' dir='ltr'>Meministi,</span> <span class='ocrx_word' id='word_1_144' title='bbox 361 2972 510 3065; x_wconf 92' lang='lat' dir='ltr'>inquam,</span> <span class='ocrx_word' id='word_1_145' title='bbox 524 2971 602 3064; x_wconf 93' lang='lat' dir='ltr'>quis</span> <span class='ocrx_word' id='word_1_146' title='bbox 617 2972 671 3042; x_wconf 91' lang='lat' dir='ltr'>ille</span> <span class='ocrx_word' id='word_1_147' title='bbox 685 2984 720 3042; x_wconf 89' lang='lat' dir='ltr'>ct</span> <span class='ocrx_word' id='word_1_148' title='bbox 731 2994 834 3064; x_wconf 90' lang='lat' dir='ltr'>quam</span> <span class='ocrx_word' id='word_1_149' title='bbox 851 2993 1091 3063; x_wconf 88' lang='lat' dir='ltr'>supervacuus</span> <span class='ocrx_word' id='word_1_150' title='bbox 1105 2973 1230 3065; x_wconf 88' lang='lat' dir='ltr'>exqui-</span> 
     </span>
     <span class='ocr_line' id='line_1_20' title="bbox 150 3090 1230 3185; baseline -0.002 -18"><span class='ocrx_word' id='word_1_151' title='bbox 150 3095 328 3167; x_wconf 86' lang='lat' dir='ltr'>sitissimae</span> <span class='ocrx_word' id='word_1_152' title='bbox 348 3094 459 3165; x_wconf 87' lang='lat' dir='ltr'>vestis</span> <span class='ocrx_word' id='word_1_153' title='bbox 481 3094 585 3177; x_wconf 88' lang='lat' dir='ltr'>nitor,</span> <span class='ocrx_word' id='word_1_154' title='bbox 608 3092 668 3185; x_wconf 92' lang='lat' dir='ltr'>qui</span> <span class='ocrx_word' id='word_1_155' title='bbox 689 3112 745 3162; x_wconf 91' lang='lat' dir='ltr'>me</span> <span class='ocrx_word' id='word_1_156' title='bbox 766 3090 944 3175; x_wconf 88' lang='lat' dir='ltr'>hactenus,</span> <span class='ocrx_word' id='word_1_157' title='bbox 966 3093 1088 3178; x_wconf 84' lang='lat' dir='ltr'>fateor,</span> <span class='ocrx_word' id='word_1_158' title='bbox 1112 3094 1230 3165; x_wconf 86' lang='lat' dir='ltr'>sedin</span> 
     </span>
     <span class='ocr_line' id='line_1_21' title="bbox 146 3214 1228 3308; baseline -0.004 -18"><span class='ocrx_word' id='word_1_159' title='bbox 146 3217 221 3290; x_wconf 80' lang='lat' dir='ltr'>dies</span> <span class='ocrx_word' id='word_1_160' title='bbox 243 3218 345 3290; x_wconf 88' lang='lat' dir='ltr'>solito</span> <span class='ocrx_word' id='word_1_161' title='bbox 365 3217 489 3300; x_wconf 79' lang='lat' dir='ltr'>minua,</span> <span class='ocrx_word' id='word_1_162' title='bbox 513 3215 694 3287; x_wconf 88' lang='lat' dir='ltr'>attonitum</span> <span class='ocrx_word' id='word_1_163' title='bbox 715 3215 833 3297; x_wconf 82' lang='lat' dir='ltr'>babet3</span> <span class='ocrx_word' id='word_1_164' title='bbox 851 3215 946 3308; x_wconf 93' lang='lat' dir='ltr'>quod</span> <span class='ocrx_word' id='word_1_165' title='bbox 964 3214 1049 3286; x_wconf 92' lang='lat' dir='ltr'>illud</span> <span class='ocrx_word' id='word_1_166' title='bbox 1065 3216 1228 3288; x_wconf 86' lang='lat' dir='ltr'>induendi</span> 
     </span>
     <span class='ocr_line' id='line_1_22' title="bbox 144 3337 1229 3433; baseline -0.002 -21"><span class='ocrx_word' id='word_1_167' title='bbox 144 3340 370 3432; x_wconf 85' lang='lat' dir='ltr'>exuendique</span> <span class='ocrx_word' id='word_1_168' title='bbox 401 3337 594 3422; x_wconf 82' lang='lat' dir='ltr'>fastidium,</span> <span class='ocrx_word' id='word_1_169' title='bbox 629 3349 664 3410; x_wconf 89' lang='lat' dir='ltr'>et</span> <span class='ocrx_word' id='word_1_170' title='bbox 689 3359 791 3409; x_wconf 90' lang='lat' dir='ltr'>mane</span> <span class='ocrx_word' id='word_1_171' title='bbox 817 3358 858 3408; x_wconf 88' lang='lat' dir='ltr'>ac</span> <span class='ocrx_word' id='word_1_172' title='bbox 883 3358 1033 3432; x_wconf 87' lang='lat' dir='ltr'>vespere</span> <span class='ocrx_word' id='word_1_173' title='bbox 1063 3339 1229 3433; x_wconf 88' lang='lat' dir='ltr'>repetitus</span> 
     </span>
     <span class='ocr_line' id='line_1_23' title="bbox 146 3458 1231 3554; baseline -0.001 -21"><span class='ocrx_word' id='word_1_174' title='bbox 146 3460 260 3545; x_wconf 88' lang='lat' dir='ltr'>labor;</span> <span class='ocrx_word' id='word_1_175' title='bbox 281 3460 361 3554; x_wconf 90' lang='lat' dir='ltr'>quis</span> <span class='ocrx_word' id='word_1_176' title='bbox 386 3461 443 3531; x_wconf 90' lang='lat' dir='ltr'>ille</span> <span class='ocrx_word' id='word_1_177' title='bbox 469 3468 601 3546; x_wconf 89' lang='lat' dir='ltr'>melus,</span> <span class='ocrx_word' id='word_1_178' title='bbox 629 3482 671 3530; x_wconf 91' lang='lat' dir='ltr'>ne</span> <span class='ocrx_word' id='word_1_179' title='bbox 695 3458 778 3531; x_wconf 88' lang='lat' dir='ltr'>dato</span> <span class='ocrx_word' id='word_1_180' title='bbox 803 3459 925 3531; x_wconf 89' lang='lat' dir='ltr'>ordine</span> <span class='ocrx_word' id='word_1_181' title='bbox 945 3459 1090 3553; x_wconf 82' lang='lat' dir='ltr'>capillus</span> <span class='ocrx_word' id='word_1_182' title='bbox 1111 3461 1231 3532; x_wconf 86' lang='lat' dir='ltr'>edlue·</span> 
     </span>
     <span class='ocr_line' id='line_1_24' title="bbox 148 3581 1231 3679; baseline -0.005 -23"><span class='ocrx_word' id='word_1_183' title='bbox 148 3595 213 3671; x_wconf 86' lang='lat' dir='ltr'>ret,</span> <span class='ocrx_word' id='word_1_184' title='bbox 236 3606 281 3657; x_wconf 90' lang='lat' dir='ltr'>ne</span> <span class='ocrx_word' id='word_1_185' title='bbox 297 3583 509 3679; x_wconf 88' lang='lat' dir='ltr'>complicitos</span> <span class='ocrx_word' id='word_1_186' title='bbox 527 3602 705 3654; x_wconf 88' lang='lat' dir='ltr'>comarum</span> <span class='ocrx_word' id='word_1_187' title='bbox 722 3581 846 3673; x_wconf 79' lang='lat' dir='ltr'>globos</span> <span class='ocrx_word' id='word_1_188' title='bbox 864 3582 954 3652; x_wconf 87' lang='lat' dir='ltr'>levis</span> <span class='ocrx_word' id='word_1_189' title='bbox 980 3602 1066 3653; x_wconf 90' lang='lat' dir='ltr'>aura</span> <span class='ocrx_word' id='word_1_190' title='bbox 1089 3584 1231 3654; x_wconf 82' lang='lat' dir='ltr'>conlun-</span> 
     </span>
     <span class='ocr_line' id='line_1_25' title="bbox 149 3702 1231 3799; baseline -0.003 -21"><span class='ocrx_word' id='word_1_191' title='bbox 149 3706 262 3790; x_wconf 85' lang='lat' dir='ltr'>deret3</span> <span class='ocrx_word' id='word_1_192' title='bbox 288 3726 371 3799; x_wconf 83' lang='lat' dir='ltr'>quae</span> <span class='ocrx_word' id='word_1_193' title='bbox 397 3705 453 3776; x_wconf 89' lang='lat' dir='ltr'>illu</span> <span class='ocrx_word' id='word_1_194' title='bbox 478 3713 598 3775; x_wconf 89' lang='lat' dir='ltr'>contra</span> <span class='ocrx_word' id='word_1_195' title='bbox 625 3714 786 3795; x_wconf 87' lang='lat' dir='ltr'>retroque</span> <span class='ocrx_word' id='word_1_196' title='bbox 807 3702 1021 3775; x_wconf 86' lang='lat' dir='ltr'>venientium</span> <span class='ocrx_word' id='word_1_197' title='bbox 1039 3705 1121 3794; x_wconf 81' lang='lat' dir='ltr'>luga</span> <span class='ocrx_word' id='word_1_198' title='bbox 1145 3724 1231 3797; x_wconf 89' lang='lat' dir='ltr'>qua-</span> 
     </span>
     <span class='ocr_line' id='line_1_26' title="bbox 150 3824 1230 3923; baseline -0.002 -25"><span class='ocrx_word' id='word_1_199' title='bbox 150 3827 359 3923; x_wconf 88' lang='lat' dir='ltr'>drupedum,</span> <span class='ocrx_word' id='word_1_200' title='bbox 399 3849 443 3898; x_wconf 90' lang='lat' dir='ltr'>ne</span> <span class='ocrx_word' id='word_1_201' title='bbox 480 3825 563 3919; x_wconf 88' lang='lat' dir='ltr'>quid</span> <span class='ocrx_word' id='word_1_202' title='bbox 601 3824 807 3896; x_wconf 85' lang='lat' dir='ltr'>adventiciae</span> <span class='ocrx_word' id='word_1_203' title='bbox 845 3825 960 3896; x_wconf 87' lang='lat' dir='ltr'>sordis</span> <span class='ocrx_word' id='word_1_204' title='bbox 995 3825 1155 3897; x_wconf 87' lang='lat' dir='ltr'>redolens</span> <span class='ocrx_word' id='word_1_205' title='bbox 1189 3847 1230 3896; x_wconf 90' lang='lat' dir='ltr'>ac</span> 
     </span>
     <span class='ocr_line' id='line_1_27' title="bbox 148 3947 1230 4044; baseline -0.003 -24"><span class='ocrx_word' id='word_1_206' title='bbox 148 3951 279 4044; x_wconf 78' lang='lat' dir='ltr'>fulgida</span> <span class='ocrx_word' id='word_1_207' title='bbox 315 3961 395 4042; x_wconf 83' lang='lat' dir='ltr'>toga</span> <span class='ocrx_word' id='word_1_208' title='bbox 427 3949 633 4041; x_wconf 89' lang='lat' dir='ltr'>susciperet,</span> <span class='ocrx_word' id='word_1_209' title='bbox 661 3968 730 4018; x_wconf 87' lang='lat' dir='ltr'>neu</span> <span class='ocrx_word' id='word_1_210' title='bbox 759 3947 951 4042; x_wconf 89' lang='lat' dir='ltr'>impressas</span> <span class='ocrx_word' id='word_1_211' title='bbox 977 3967 1083 4037; x_wconf 81' lang='lat' dir='ltr'>rugas</span> <span class='ocrx_word' id='word_1_212' title='bbox 1113 3948 1230 4017; x_wconf 89' lang='lat' dir='ltr'>collisa</span> 
     </span>
     <span class='ocr_line' id='line_1_28' title="bbox 148 4067 1231 4161; baseline -0.004 -17"><span class='ocrx_word' id='word_1_213' title='bbox 148 4073 352 4145; x_wconf 83' lang='lat' dir='ltr'>remitteret.</span> <span class='ocrx_word' id='word_1_214' title='bbox 373 4072 464 4144; x_wconf 88' lang='lat' dir='ltr'>Vere</span> <span class='ocrx_word' id='word_1_215' title='bbox 487 4070 609 4141; x_wconf 88' lang='lat' dir='ltr'>inanes</span> <span class='ocrx_word' id='word_1_216' title='bbox 636 4069 830 4153; x_wconf 88' lang='lat' dir='ltr'>hominum,</span> <span class='ocrx_word' id='word_1_217' title='bbox 860 4068 923 4139; x_wconf 88' lang='lat' dir='ltr'>sed</span> <span class='ocrx_word' id='word_1_218' title='bbox 947 4067 1121 4161; x_wconf 84' lang='lat' dir='ltr'>praecipue</span> <span class='ocrx_word' id='word_1_219' title='bbox 1146 4068 1231 4140; x_wconf 90' lang='lat' dir='ltr'>ado·</span> 
     </span>
     <span class='ocr_line' id='line_1_29' title="bbox 148 4189 1230 4274; baseline -0.005 -10"><span class='ocrx_word' id='word_1_220' title='bbox 148 4194 353 4267; x_wconf 88' lang='lat' dir='ltr'>lesceutium</span> <span class='ocrx_word' id='word_1_221' title='bbox 384 4193 505 4263; x_wconf 82' lang='lat' dir='ltr'>curas!</span> <span class='ocrx_word' id='word_1_222' title='bbox 543 4192 718 4274; x_wconf 85' lang='lat' dir='ltr'>Quorsum</span> <span class='ocrx_word' id='word_1_223' title='bbox 749 4190 842 4258; x_wconf 91' lang='lat' dir='ltr'>onim</span> <span class='ocrx_word' id='word_1_224' title='bbox 875 4210 918 4260; x_wconf 90' lang='lat' dir='ltr'>ea</span> <span class='ocrx_word' id='word_1_225' title='bbox 951 4189 1076 4259; x_wconf 89' lang='lat' dir='ltr'>mentis</span> <span class='ocrx_word' id='word_1_226' title='bbox 1107 4191 1230 4259; x_wconf 82' lang='lat' dir='ltr'>auxie-</span> 
     </span>
     <span class='ocr_line' id='line_1_30' title="bbox 149 4309 1228 4409; baseline -0.011 -20"><span class='ocrx_word' id='word_1_227' title='bbox 149 4320 223 4389; x_wconf 82' lang='lat' dir='ltr'>tas‘l</span> <span class='ocrx_word' id='word_1_228' title='bbox 239 4318 285 4389; x_wconf 89' lang='lat' dir='ltr'>Ut</span> <span class='ocrx_word' id='word_1_229' title='bbox 310 4318 527 4409; x_wconf 88' lang='lat' dir='ltr'>placeremus</span> <span class='ocrx_word' id='word_1_230' title='bbox 562 4311 692 4382; x_wconf 88' lang='lat' dir='ltr'>scilicet</span> <span class='ocrx_word' id='word_1_231' title='bbox 717 4309 825 4380; x_wconf 86' lang='lat' dir='ltr'>oculis</span> <span class='ocrx_word' id='word_1_232' title='bbox 852 4309 984 4381; x_wconf 89' lang='lat' dir='ltr'>alienis.</span> <span class='ocrx_word' id='word_1_233' title='bbox 1013 4310 1056 4379; x_wconf 84' lang='lat' dir='ltr'>Et</span> <span class='ocrx_word' id='word_1_234' title='bbox 1080 4331 1228 4402; x_wconf 88' lang='lat' dir='ltr'>quorum</span> 
     </span>
     <span class='ocr_line' id='line_1_31' title="bbox 149 4430 1229 4530; baseline -0.01 -20"><span class='ocrx_word' id='word_1_235' title='bbox 149 4439 272 4523; x_wconf 88' lang='lat' dir='ltr'>oculis,</span> <span class='ocrx_word' id='word_1_236' title='bbox 308 4439 452 4530; x_wconf 85' lang='lat' dir='ltr'>quaeso‘l</span> <span class='ocrx_word' id='word_1_237' title='bbox 484 4434 639 4505; x_wconf 83' lang='lat' dir='ltr'>Proiecto</span> <span class='ocrx_word' id='word_1_238' title='bbox 664 4431 850 4501; x_wconf 88' lang='lat' dir='ltr'>multorum</span> <span class='ocrx_word' id='word_1_239' title='bbox 875 4433 934 4524; x_wconf 89' lang='lat' dir='ltr'>qui</span> <span class='ocrx_word' id='word_1_240' title='bbox 961 4433 1091 4503; x_wconf 84' lang='lat' dir='ltr'>nostris</span> <span class='ocrx_word' id='word_1_241' title='bbox 1120 4430 1229 4501; x_wconf 87' lang='lat' dir='ltr'>oculis</span> 
     </span>
    </p>
   </div>
   <div class='ocr_carea' id='block_1_3' title="bbox 149 4551 1226 4654">
    <p class='ocr_par' dir='ltr' id='par_1_3' title="bbox 149 4551 1226 4654">
     <span class='ocr_line' id='line_1_32' title="bbox 149 4551 1226 4654; baseline -0.009 -25"><span class='ocrx_word' id='word_1_242' title='bbox 149 4558 387 4654; x_wconf 78' lang='lat' dir='ltr'>displicebant.</span> <span class='ocrx_word' id='word_1_243' title='bbox 413 4557 544 4628; x_wconf 83' lang='lat' dir='ltr'>Seneca</span> <span class='ocrx_word' id='word_1_244' title='bbox 572 4555 606 4625; x_wconf 94' lang='lat' dir='ltr'>in</span> <span class='ocrx_word' id='word_1_245' title='bbox 633 4551 781 4646; x_wconf 90' lang='lat' dir='ltr'>quadam</span> <span class='ocrx_word' id='word_1_246' title='bbox 808 4554 854 4625; x_wconf 88' lang='lat' dir='ltr'>ad</span> <span class='ocrx_word' id='word_1_247' title='bbox 879 4553 1045 4624; x_wconf 89' lang='lat' dir='ltr'>Lucilium</span> <span class='ocrx_word' id='word_1_248' title='bbox 1072 4552 1226 4644; x_wconf 86' lang='lat' dir='ltr'>epistola,</span> 
     </span>
    </p>
   </div>
   <div class='ocr_carea' id='block_1_4' title="bbox 0 0 1381 5062">
    <p class='ocr_par' dir='ltr' id='par_1_4' title="bbox 0 0 1381 5062">
     <span class='ocr_line' id='line_1_33' title="bbox 0 0 1381 5062; baseline 0 0"><span class='ocrx_word' id='word_1_249' title='bbox 0 0 1381 5062; x_wconf 95' lang='lat' dir='ltr'> </span> 
     </span>
    </p>
   </div>
  </div>
 </body>
</html>
