<?xml version="1.0" encoding="UTF-8"?>
<!DOCTYPE html PUBLIC "-//W3C//DTD XHTML 1.0 Transitional//EN"
    "http://www.w3.org/TR/xhtml1/DTD/xhtml1-transitional.dtd">
<html xmlns="http://www.w3.org/1999/xhtml" xml:lang="en" lang="en">
 <head>
  <title>
</title>
<meta http-equiv="Content-Type" content="text/html;charset=utf-8" />
  <meta name='ocr-system' content='tesseract 3.04.00' />
  <meta name='ocr-capabilities' content='ocr_page ocr_carea ocr_par ocr_line ocrx_word'/>
</head>
<body>
  <div class='ocr_page' id='page_1' title='image "./epistolaederebu02fracgoog_0051.png"; bbox 0 0 2738 5062; ppageno 0'>
   <div class='ocr_carea' id='block_1_1' title="bbox 141 629 884 694">
    <p class='ocr_par' dir='ltr' id='par_1_1' title="bbox 141 629 884 694">
     <span class='ocr_line' id='line_1_1' title="bbox 141 629 884 694; baseline 0.001 -2"><span class='ocrx_word' id='word_1_1' title='bbox 141 629 180 692; x_wconf 68' lang='lat' dir='ltr'><strong>ll</strong></span> <span class='ocrx_word' id='word_1_2' title='bbox 481 644 521 693; x_wconf 80' lang='lat' dir='ltr'><strong>nn</strong></span> <span class='ocrx_word' id='word_1_3' title='bbox 542 643 643 694; x_wconf 83' lang='lat' dir='ltr'><strong>annus</strong></span> <span class='ocrx_word' id='word_1_4' title='bbox 663 643 884 694; x_wconf 71' lang='lat' dir='ltr'><strong>renuntiamus</strong></span> 
     </span>
    </p>
   </div>
   <div class='ocr_carea' id='block_1_2' title="bbox 142 751 1221 856">
    <p class='ocr_par' dir='ltr' id='par_1_2' title="bbox 142 751 1221 856">
     <span class='ocr_line' id='line_1_2' title="bbox 142 751 1221 856; baseline 0.007 -26"><span class='ocrx_word' id='word_1_5' title='bbox 142 761 379 856; x_wconf 81' lang='lat' dir='ltr'>philosophice</span> <span class='ocrx_word' id='word_1_6' title='bbox 400 760 530 832; x_wconf 91' lang='lat' dir='ltr'><strong>sentias</strong></span> <span class='ocrx_word' id='word_1_7' title='bbox 545 770 586 832; x_wconf 90' lang='lat' dir='ltr'><strong>et</strong></span> <span class='ocrx_word' id='word_1_8' title='bbox 607 764 770 855; x_wconf 91' lang='lat' dir='ltr'><strong>loquaris.</strong></span> <span class='ocrx_word' id='word_1_9' title='bbox 791 761 881 848; x_wconf 86' lang='lat' dir='ltr'><strong>Quid</strong></span> <span class='ocrx_word' id='word_1_10' title='bbox 898 761 1005 848; x_wconf 92' lang='lat' dir='ltr'><strong>enim,</strong></span> <span class='ocrx_word' id='word_1_11' title='bbox 1026 751 1150 856; x_wconf 76' lang='lat' dir='ltr'><strong>quaeso</strong></span> <span class='ocrx_word' id='word_1_12' title='bbox 1174 772 1221 848; x_wconf 90' lang='lat' dir='ltr'><strong>te,</strong></span> 
     </span>
    </p>
   </div>
   <div class='ocr_carea' id='block_1_3' title="bbox 22 883 1243 4523">
    <p class='ocr_par' dir='ltr' id='par_1_3' title="bbox 22 883 1243 4523">
     <span class='ocr_line' id='line_1_3' title="bbox 142 883 1223 972; baseline 0.003 -17"><span class='ocrx_word' id='word_1_13' title='bbox 142 906 185 955; x_wconf 92' lang='lat' dir='ltr'><strong>ne</strong></span> <span class='ocrx_word' id='word_1_14' title='bbox 206 883 318 956; x_wconf 87' lang='lat' dir='ltr'><strong>dicam</strong></span> <span class='ocrx_word' id='word_1_15' title='bbox 339 895 509 955; x_wconf 90' lang='lat' dir='ltr'><strong>aeternum</strong></span> <span class='ocrx_word' id='word_1_16' title='bbox 537 884 677 956; x_wconf 86' lang='lat' dir='ltr'><strong>sedvel</strong></span> <span class='ocrx_word' id='word_1_17' title='bbox 703 885 866 957; x_wconf 89' lang='lat' dir='ltr'><strong>diurnum</strong></span> <span class='ocrx_word' id='word_1_18' title='bbox 891 894 1000 957; x_wconf 88' lang='lat' dir='ltr'><strong>restat</strong></span> <span class='ocrx_word' id='word_1_19' title='bbox 1023 885 1168 972; x_wconf 91' lang='lat' dir='ltr'><strong>homini,</strong></span> <span class='ocrx_word' id='word_1_20' title='bbox 1191 889 1223 961; x_wconf 91' lang='lat' dir='ltr'><strong>si</strong></span> 
     </span>
     <span class='ocr_line' id='line_1_4' title="bbox 142 1004 1222 1102; baseline 0.008 -29"><span class='ocrx_word' id='word_1_21' title='bbox 142 1004 350 1075; x_wconf 91' lang='lat' dir='ltr'><strong>inanimum</strong></span> <span class='ocrx_word' id='word_1_22' title='bbox 376 1027 515 1098; x_wconf 90' lang='lat' dir='ltr'><strong>quoque</strong></span> <span class='ocrx_word' id='word_1_23' title='bbox 542 1017 704 1078; x_wconf 89' lang='lat' dir='ltr'><strong>senectus</strong></span> <span class='ocrx_word' id='word_1_24' title='bbox 729 1006 951 1078; x_wconf 76' lang='lat' dir='ltr'><strong>admittitur?</strong></span> <span class='ocrx_word' id='word_1_25' title='bbox 976 1009 1053 1099; x_wconf 78' lang='lat' dir='ltr'><strong>Ego</strong></span> <span class='ocrx_word' id='word_1_26' title='bbox 1078 1009 1222 1102; x_wconf 93' lang='lat' dir='ltr'><strong>quidem</strong></span> 
     </span>
     <span class='ocr_line' id='line_1_5' title="bbox 141 1124 1223 1220; baseline 0.003 -23"><span class='ocrx_word' id='word_1_27' title='bbox 141 1137 177 1198; x_wconf 90' lang='lat' dir='ltr'><strong>et</strong></span> <span class='ocrx_word' id='word_1_28' title='bbox 201 1125 334 1196; x_wconf 89' lang='lat' dir='ltr'><strong>ratione</strong></span> <span class='ocrx_word' id='word_1_29' title='bbox 354 1124 508 1215; x_wconf 79' lang='lat' dir='ltr'><strong>ingenita</strong></span> <span class='ocrx_word' id='word_1_30' title='bbox 532 1135 568 1198; x_wconf 91' lang='lat' dir='ltr'><strong>et</strong></span> <span class='ocrx_word' id='word_1_31' title='bbox 593 1127 808 1220; x_wconf 79' lang='lat' dir='ltr'><strong>experientia</strong></span> <span class='ocrx_word' id='word_1_32' title='bbox 833 1128 1000 1220; x_wconf 80' lang='lat' dir='ltr'><strong>magistra</strong></span> <span class='ocrx_word' id='word_1_33' title='bbox 1028 1136 1066 1200; x_wconf 89' lang='lat' dir='ltr'><strong>et</strong></span> <span class='ocrx_word' id='word_1_34' title='bbox 1097 1130 1223 1202; x_wconf 82' lang='lat' dir='ltr'><strong>illustri</strong></span> 
     </span>
     <span class='ocr_line' id='line_1_6' title="bbox 141 1245 1223 1329; baseline 0.004 -12"><span class='ocrx_word' id='word_1_35' title='bbox 141 1249 245 1318; x_wconf 89' lang='lat' dir='ltr'><strong>etiam</strong></span> <span class='ocrx_word' id='word_1_36' title='bbox 266 1245 431 1319; x_wconf 91' lang='lat' dir='ltr'><strong>historico</strong></span> <span class='ocrx_word' id='word_1_37' title='bbox 456 1259 642 1321; x_wconf 89' lang='lat' dir='ltr'><strong>attestante</strong></span> <span class='ocrx_word' id='word_1_38' title='bbox 661 1249 872 1329; x_wconf 83' lang='lat' dir='ltr'><strong>didiceram,</strong></span> <span class='ocrx_word' id='word_1_39' title='bbox 899 1260 975 1323; x_wconf 90' lang='lat' dir='ltr'><strong>orta</strong></span> <span class='ocrx_word' id='word_1_40' title='bbox 994 1250 1112 1324; x_wconf 87' lang='lat' dir='ltr'><strong>omnia</strong></span> <span class='ocrx_word' id='word_1_41' title='bbox 1130 1251 1223 1323; x_wconf 92' lang='lat' dir='ltr'><strong>occi-</strong></span> 
     </span>
     <span class='ocr_line' id='line_1_7' title="bbox 140 1368 1222 1453; baseline 0.007 -14"><span class='ocrx_word' id='word_1_42' title='bbox 140 1368 233 1453; x_wconf 88' lang='lat' dir='ltr'><strong>dere,</strong></span> <span class='ocrx_word' id='word_1_43' title='bbox 255 1381 291 1442; x_wconf 89' lang='lat' dir='ltr'><strong>et</strong></span> <span class='ocrx_word' id='word_1_44' title='bbox 310 1379 411 1441; x_wconf 93' lang='lat' dir='ltr'><strong>aucta</strong></span> <span class='ocrx_word' id='word_1_45' title='bbox 432 1391 638 1442; x_wconf 86' lang='lat' dir='ltr'><strong>senescere:</strong></span> <span class='ocrx_word' id='word_1_46' title='bbox 660 1370 723 1442; x_wconf 91' lang='lat' dir='ltr'><strong>sed</strong></span> <span class='ocrx_word' id='word_1_47' title='bbox 744 1371 788 1443; x_wconf 94' lang='lat' dir='ltr'><strong>ab</strong></span> <span class='ocrx_word' id='word_1_48' title='bbox 808 1371 874 1444; x_wconf 91' lang='lat' dir='ltr'><strong>hac</strong></span> <span class='ocrx_word' id='word_1_49' title='bbox 893 1372 1102 1446; x_wconf 78' lang='lat' dir='ltr'><strong>ineluctabili</strong></span> <span class='ocrx_word' id='word_1_50' title='bbox 1128 1385 1222 1447; x_wconf 89' lang='lat' dir='ltr'><strong>sorte</strong></span> 
     </span>
     <span class='ocr_line' id='line_1_8' title="bbox 141 1492 1220 1589; baseline 0.002 -26"><span class='ocrx_word' id='word_1_51' title='bbox 141 1493 339 1564; x_wconf 87' lang='lat' dir='ltr'><strong>mortalium</strong></span> <span class='ocrx_word' id='word_1_52' title='bbox 360 1503 560 1585; x_wconf 82' lang='lat' dir='ltr'><strong>exemptum</strong></span> <span class='ocrx_word' id='word_1_53' title='bbox 587 1492 740 1564; x_wconf 86' lang='lat' dir='ltr'><strong>animum</strong></span> <span class='ocrx_word' id='word_1_54' title='bbox 760 1492 970 1579; x_wconf 89' lang='lat' dir='ltr'><strong>arbitrabar,</strong></span> <span class='ocrx_word' id='word_1_55' title='bbox 992 1494 1120 1588; x_wconf 89' lang='lat' dir='ltr'><strong>quippe</strong></span> <span class='ocrx_word' id='word_1_56' title='bbox 1146 1495 1220 1589; x_wconf 88' lang='lat' dir='ltr'><strong>qni,</strong></span> 
     </span>
     <span class='ocr_line' id='line_1_9' title="bbox 141 1603 1218 1702; baseline 0.005 -16"><span class='ocrx_word' id='word_1_57' title='bbox 141 1638 210 1687; x_wconf 90' lang='lat' dir='ltr'><strong>non</strong></span> <span class='ocrx_word' id='word_1_58' title='bbox 238 1614 412 1687; x_wconf 89' lang='lat' dir='ltr'><strong>terrestris</strong></span> <span class='ocrx_word' id='word_1_59' title='bbox 439 1617 502 1688; x_wconf 89' lang='lat' dir='ltr'><strong>sed</strong></span> <span class='ocrx_word' id='word_1_60' title='bbox 527 1616 689 1690; x_wconf 80' lang='lat' dir='ltr'><strong>aethereae</strong></span> <span class='ocrx_word' id='word_1_61' title='bbox 715 1603 935 1702; x_wconf 81' lang='lat' dir='ltr'><strong>substantiae,</strong></span> <span class='ocrx_word' id='word_1_62' title='bbox 958 1618 1090 1690; x_wconf 88' lang='lat' dir='ltr'><strong>sesain</strong></span> <span class='ocrx_word' id='word_1_63' title='bbox 1111 1621 1218 1691; x_wconf 92' lang='lat' dir='ltr'><strong>altum</strong></span> 
     </span>
     <span class='ocr_line' id='line_1_10' title="bbox 141 1736 1222 1831; baseline 0.007 -23"><span class='ocrx_word' id='word_1_64' title='bbox 141 1736 177 1808; x_wconf 88' lang='lat' dir='ltr'><strong>vi</strong></span> <span class='ocrx_word' id='word_1_65' title='bbox 198 1738 335 1830; x_wconf 92' lang='lat' dir='ltr'><strong>propria</strong></span> <span class='ocrx_word' id='word_1_66' title='bbox 355 1747 391 1809; x_wconf 93' lang='lat' dir='ltr'><strong>et</strong></span> <span class='ocrx_word' id='word_1_67' title='bbox 415 1738 640 1831; x_wconf 86' lang='lat' dir='ltr'><strong>quibusdam,</strong></span> <span class='ocrx_word' id='word_1_68' title='bbox 669 1750 708 1812; x_wconf 94' lang='lat' dir='ltr'><strong>ut</strong></span> <span class='ocrx_word' id='word_1_69' title='bbox 731 1739 778 1810; x_wconf 90' lang='lat' dir='ltr'><strong>ita</strong></span> <span class='ocrx_word' id='word_1_70' title='bbox 799 1740 960 1826; x_wconf 85' lang='lat' dir='ltr'><strong>dixerim,</strong></span> <span class='ocrx_word' id='word_1_71' title='bbox 983 1752 1118 1814; x_wconf 84' lang='lat' dir='ltr'><strong>naturae</strong></span> <span class='ocrx_word' id='word_1_72' title='bbox 1144 1764 1222 1816; x_wconf 83' lang='lat' dir='ltr'><strong>snae</strong></span> 
     </span>
     <span class='ocr_line' id='line_1_11' title="bbox 142 1858 1223 1958; baseline 0.005 -29"><span class='ocrx_word' id='word_1_73' title='bbox 142 1858 206 1929; x_wconf 90' lang='lat' dir='ltr'><strong>alis</strong></span> <span class='ocrx_word' id='word_1_74' title='bbox 226 1861 407 1943; x_wconf 88' lang='lat' dir='ltr'><strong>attolleret,</strong></span> <span class='ocrx_word' id='word_1_75' title='bbox 432 1871 646 1954; x_wconf 90' lang='lat' dir='ltr'><strong>mortemque</strong></span> <span class='ocrx_word' id='word_1_76' title='bbox 666 1862 874 1955; x_wconf 82' lang='lat' dir='ltr'><strong>despiceret3</strong></span> <span class='ocrx_word' id='word_1_77' title='bbox 895 1861 1059 1956; x_wconf 88' lang='lat' dir='ltr'><strong>quodque</strong></span> <span class='ocrx_word' id='word_1_78' title='bbox 1078 1864 1125 1936; x_wconf 87' lang='lat' dir='ltr'><strong>de</strong></span> <span class='ocrx_word' id='word_1_79' title='bbox 1142 1864 1223 1958; x_wconf 87' lang='lat' dir='ltr'><strong>qui-</strong></span> 
     </span>
     <span class='ocr_line' id='line_1_12' title="bbox 141 1968 1223 2078; baseline 0.006 -26"><span class='ocrx_word' id='word_1_80' title='bbox 141 1980 291 2053; x_wconf 93' lang='lat' dir='ltr'><strong>busdam</strong></span> <span class='ocrx_word' id='word_1_81' title='bbox 317 1982 568 2054; x_wconf 91' lang='lat' dir='ltr'><strong>vetustissimis</strong></span> <span class='ocrx_word' id='word_1_82' title='bbox 595 1985 701 2054; x_wconf 90' lang='lat' dir='ltr'><strong>ltaliae</strong></span> <span class='ocrx_word' id='word_1_83' title='bbox 725 1985 861 2078; x_wconf 88' lang='lat' dir='ltr'><strong>populis</strong></span> <span class='ocrx_word' id='word_1_84' title='bbox 891 1985 985 2078; x_wconf 88' lang='lat' dir='ltr'><strong>apud</strong></span> <span class='ocrx_word' id='word_1_85' title='bbox 1009 1968 1147 2058; x_wconf 78' lang='lat' dir='ltr'><strong>Poetadr</strong></span> <span class='ocrx_word' id='word_1_86' title='bbox 1173 1987 1223 2059; x_wconf 88' lang='lat' dir='ltr'><strong>le-</strong></span> 
     </span>
     <span class='ocr_line' id='line_1_13' title="bbox 141 2103 1222 2197; baseline 0.006 -23"><span class='ocrx_word' id='word_1_87' title='bbox 141 2126 279 2195; x_wconf 80' lang='lat' dir='ltr'><strong>geram,</strong></span> <span class='ocrx_word' id='word_1_88' title='bbox 306 2104 401 2197; x_wconf 87' lang='lat' dir='ltr'><strong>quod</strong></span> <span class='ocrx_word' id='word_1_89' title='bbox 427 2105 560 2176; x_wconf 88' lang='lat' dir='ltr'><strong>scilicet</strong></span> <span class='ocrx_word' id='word_1_90' title='bbox 584 2125 644 2175; x_wconf 81' lang='lat' dir='ltr'><strong>nee</strong></span> <span class='ocrx_word' id='word_1_91' title='bbox 670 2103 766 2175; x_wconf 83' lang='lat' dir='ltr'><strong>tardo</strong></span> <span class='ocrx_word' id='word_1_92' title='bbox 789 2117 936 2176; x_wconf 76' lang='lat' dir='ltr'><strong>senectus</strong></span> <span class='ocrx_word' id='word_1_93' title='bbox 961 2104 1109 2177; x_wconf 77' lang='lat' dir='ltr'><strong>debilitat</strong></span> <span class='ocrx_word' id='word_1_94' title='bbox 1133 2109 1222 2180; x_wconf 82' lang='lat' dir='ltr'><strong>vires</strong></span> 
     </span>
     <span class='ocr_line' id='line_1_14' title="bbox 141 2226 1223 2322; baseline 0.007 -26"><span class='ocrx_word' id='word_1_95' title='bbox 141 2229 255 2311; x_wconf 82' lang='lat' dir='ltr'><strong>animi,</strong></span> <span class='ocrx_word' id='word_1_96' title='bbox 278 2229 380 2300; x_wconf 90' lang='lat' dir='ltr'><strong>latius</strong></span> <span class='ocrx_word' id='word_1_97' title='bbox 401 2226 596 2300; x_wconf 85' lang='lat' dir='ltr'><strong>extendeus</strong></span> <span class='ocrx_word' id='word_1_98' title='bbox 618 2230 663 2302; x_wconf 91' lang='lat' dir='ltr'><strong>ad</strong></span> <span class='ocrx_word' id='word_1_99' title='bbox 679 2250 782 2301; x_wconf 91' lang='lat' dir='ltr'><strong>omne</strong></span> <span class='ocrx_word' id='word_1_100' title='bbox 803 2251 916 2322; x_wconf 81' lang='lat' dir='ltr'><strong>genus</strong></span> <span class='ocrx_word' id='word_1_101' title='bbox 933 2230 1223 2304; x_wconf 80' lang='lat' dir='ltr'><strong>hominumnele-</strong></span> 
     </span>
     <span class='ocr_line' id='line_1_15' title="bbox 142 2347 1220 2444; baseline 0.006 -24"><span class='ocrx_word' id='word_1_102' title='bbox 142 2347 272 2421; x_wconf 91' lang='lat' dir='ltr'><strong>rebam.</strong></span> <span class='ocrx_word' id='word_1_103' title='bbox 301 2350 405 2442; x_wconf 79' lang='lat' dir='ltr'><strong>Cogis</strong></span> <span class='ocrx_word' id='word_1_104' title='bbox 428 2372 495 2436; x_wconf 91' lang='lat' dir='ltr'><strong>me,</strong></span> <span class='ocrx_word' id='word_1_105' title='bbox 518 2352 552 2421; x_wconf 95' lang='lat' dir='ltr'><strong>in</strong></span> <span class='ocrx_word' id='word_1_106' title='bbox 574 2353 639 2423; x_wconf 91' lang='lat' dir='ltr'><strong>hac</strong></span> <span class='ocrx_word' id='word_1_107' title='bbox 659 2351 804 2422; x_wconf 91' lang='lat' dir='ltr'><strong>dubium</strong></span> <span class='ocrx_word' id='word_1_108' title='bbox 825 2351 984 2444; x_wconf 91' lang='lat' dir='ltr'><strong>opinione</strong></span> <span class='ocrx_word' id='word_1_109' title='bbox 1005 2351 1220 2438; x_wconf 90' lang='lat' dir='ltr'><strong>subsistere;</strong></span> 
     </span>
     <span class='ocr_line' id='line_1_16' title="bbox 143 2472 1222 2569; baseline 0.002 -25"><span class='ocrx_word' id='word_1_110' title='bbox 143 2472 272 2544; x_wconf 89' lang='lat' dir='ltr'><strong>videris</strong></span> <span class='ocrx_word' id='word_1_111' title='bbox 293 2472 383 2544; x_wconf 90' lang='lat' dir='ltr'><strong>enim</strong></span> <span class='ocrx_word' id='word_1_112' title='bbox 406 2472 502 2558; x_wconf 90' lang='lat' dir='ltr'><strong>mihi,</strong></span> <span class='ocrx_word' id='word_1_113' title='bbox 524 2484 560 2545; x_wconf 90' lang='lat' dir='ltr'><strong>et</strong></span> <span class='ocrx_word' id='word_1_114' title='bbox 579 2475 721 2566; x_wconf 89' lang='lat' dir='ltr'><strong>eloquar</strong></span> <span class='ocrx_word' id='word_1_115' title='bbox 741 2484 858 2569; x_wconf 91' lang='lat' dir='ltr'><strong>aperte</strong></span> <span class='ocrx_word' id='word_1_116' title='bbox 889 2474 984 2568; x_wconf 92' lang='lat' dir='ltr'><strong>quod</strong></span> <span class='ocrx_word' id='word_1_117' title='bbox 1005 2474 1134 2561; x_wconf 90' lang='lat' dir='ltr'><strong>sentio,</strong></span> <span class='ocrx_word' id='word_1_118' title='bbox 1171 2476 1222 2548; x_wconf 87' lang='lat' dir='ltr'><strong>vi·</strong></span> 
     </span>
     <span class='ocr_line' id='line_1_17' title="bbox 142 2595 1221 2692; baseline 0.003 -25"><span class='ocrx_word' id='word_1_119' title='bbox 142 2596 248 2681; x_wconf 78' lang='lat' dir='ltr'><strong>deriS,</strong></span> <span class='ocrx_word' id='word_1_120' title='bbox 266 2595 419 2688; x_wconf 89' lang='lat' dir='ltr'><strong>inquam,</strong></span> <span class='ocrx_word' id='word_1_121' title='bbox 439 2596 531 2680; x_wconf 89' lang='lat' dir='ltr'><strong>mibi,</strong></span> <span class='ocrx_word' id='word_1_122' title='bbox 551 2596 606 2666; x_wconf 86' lang='lat' dir='ltr'><strong>vir</strong></span> <span class='ocrx_word' id='word_1_123' title='bbox 623 2596 772 2688; x_wconf 76' lang='lat' dir='ltr'><strong>egregie,</strong></span> <span class='ocrx_word' id='word_1_124' title='bbox 788 2619 855 2668; x_wconf 93' lang='lat' dir='ltr'><strong>non</strong></span> <span class='ocrx_word' id='word_1_125' title='bbox 875 2607 944 2668; x_wconf 90' lang='lat' dir='ltr'><strong>tam</strong></span> <span class='ocrx_word' id='word_1_126' title='bbox 960 2619 1105 2692; x_wconf 81' lang='lat' dir='ltr'><strong>corpore</strong></span> <span class='ocrx_word' id='word_1_127' title='bbox 1116 2621 1221 2691; x_wconf 91' lang='lat' dir='ltr'><strong>quam</strong></span> 
     </span>
     <span class='ocr_line' id='line_1_18' title="bbox 143 2716 1221 2813; baseline 0.003 -24"><span class='ocrx_word' id='word_1_128' title='bbox 143 2717 258 2789; x_wconf 92' lang='lat' dir='ltr'><strong>auimo</strong></span> <span class='ocrx_word' id='word_1_129' title='bbox 279 2717 449 2788; x_wconf 88' lang='lat' dir='ltr'><strong>senuisse.</strong></span> <span class='ocrx_word' id='word_1_130' title='bbox 473 2719 574 2802; x_wconf 88' lang='lat' dir='ltr'><strong>Quod</strong></span> <span class='ocrx_word' id='word_1_131' title='bbox 600 2719 629 2788; x_wconf 93' lang='lat' dir='ltr'><strong>si</strong></span> <span class='ocrx_word' id='word_1_132' title='bbox 651 2716 806 2789; x_wconf 90' lang='lat' dir='ltr'><strong>accidere</strong></span> <span class='ocrx_word' id='word_1_133' title='bbox 832 2718 891 2789; x_wconf 88' lang='lat' dir='ltr'><strong>tibi</strong></span> <span class='ocrx_word' id='word_1_134' title='bbox 917 2719 1039 2813; x_wconf 91' lang='lat' dir='ltr'><strong>potuit,</strong></span> <span class='ocrx_word' id='word_1_135' title='bbox 1067 2719 1101 2789; x_wconf 93' lang='lat' dir='ltr'><strong>in</strong></span> <span class='ocrx_word' id='word_1_136' title='bbox 1128 2728 1221 2793; x_wconf 89' lang='lat' dir='ltr'><strong>tanta</strong></span> 
     </span>
     <span class='ocr_line' id='line_1_19' title="bbox 141 2839 1243 2935; baseline 0.001 -23"><span class='ocrx_word' id='word_1_137' title='bbox 141 2839 309 2912; x_wconf 91' lang='lat' dir='ltr'><strong>bonarum</strong></span> <span class='ocrx_word' id='word_1_138' title='bbox 332 2840 457 2911; x_wconf 91' lang='lat' dir='ltr'><strong>artium</strong></span> <span class='ocrx_word' id='word_1_139' title='bbox 478 2841 588 2934; x_wconf 91' lang='lat' dir='ltr'><strong>copia,</strong></span> <span class='ocrx_word' id='word_1_140' title='bbox 613 2851 776 2933; x_wconf 90' lang='lat' dir='ltr'><strong>tantaque</strong></span> <span class='ocrx_word' id='word_1_141' title='bbox 809 2842 975 2913; x_wconf 90' lang='lat' dir='ltr'><strong>virtutum</strong></span> <span class='ocrx_word' id='word_1_142' title='bbox 1006 2842 1243 2935; x_wconf 87' lang='lat' dir='ltr'><strong>supellectili,-</strong></span> 
     </span>
     <span class='ocr_line' id='line_1_20' title="bbox 142 2962 1223 3056; baseline 0.002 -23"><span class='ocrx_word' id='word_1_143' title='bbox 142 2963 225 3056; x_wconf 91' lang='lat' dir='ltr'><strong>quid</strong></span> <span class='ocrx_word' id='word_1_144' title='bbox 244 2975 451 3036; x_wconf 88' lang='lat' dir='ltr'><strong>eventurum</strong></span> <span class='ocrx_word' id='word_1_145' title='bbox 471 2964 647 3037; x_wconf 89' lang='lat' dir='ltr'><strong>credimus</strong></span> <span class='ocrx_word' id='word_1_146' title='bbox 668 2964 723 3035; x_wconf 91' lang='lat' dir='ltr'><strong>his</strong></span> <span class='ocrx_word' id='word_1_147' title='bbox 744 2964 848 3036; x_wconf 86' lang='lat' dir='ltr'><strong>nudis</strong></span> <span class='ocrx_word' id='word_1_148' title='bbox 867 2973 904 3034; x_wconf 91' lang='lat' dir='ltr'><strong>ct</strong></span> <span class='ocrx_word' id='word_1_149' title='bbox 922 2962 1122 3048; x_wconf 86' lang='lat' dir='ltr'><strong>enervibus,</strong></span> <span class='ocrx_word' id='word_1_150' title='bbox 1144 2966 1223 3037; x_wconf 90' lang='lat' dir='ltr'><strong>nul-</strong></span> 
     </span>
     <span class='ocr_line' id='line_1_21' title="bbox 142 3084 1221 3177; baseline 0.003 -23"><span class='ocrx_word' id='word_1_151' title='bbox 142 3085 212 3155; x_wconf 91' lang='lat' dir='ltr'><strong>lum</strong></span> <span class='ocrx_word' id='word_1_152' title='bbox 243 3087 382 3158; x_wconf 91' lang='lat' dir='ltr'><strong>virtutis</strong></span> <span class='ocrx_word' id='word_1_153' title='bbox 416 3089 570 3158; x_wconf 91' lang='lat' dir='ltr'><strong>solamen</strong></span> <span class='ocrx_word' id='word_1_154' title='bbox 607 3085 832 3170; x_wconf 91' lang='lat' dir='ltr'><strong>habentibus,</strong></span> <span class='ocrx_word' id='word_1_155' title='bbox 860 3087 995 3157; x_wconf 93' lang='lat' dir='ltr'><strong>nullum</strong></span> <span class='ocrx_word' id='word_1_156' title='bbox 1019 3084 1221 3177; x_wconf 87' lang='lat' dir='ltr'><strong>praesidinm</strong></span> 
     </span>
     <span class='ocr_line' id='line_1_22' title="bbox 141 3207 1221 3300; baseline 0.002 -22"><span class='ocrx_word' id='word_1_157' title='bbox 141 3208 354 3279; x_wconf 76' lang='lat' dir='ltr'><strong>litterarum?</strong></span> <span class='ocrx_word' id='word_1_158' title='bbox 367 3210 428 3279; x_wconf 89' lang='lat' dir='ltr'><strong>llis</strong></span> <span class='ocrx_word' id='word_1_159' title='bbox 443 3209 529 3292; x_wconf 87' lang='lat' dir='ltr'><strong>dico,</strong></span> <span class='ocrx_word' id='word_1_160' title='bbox 550 3207 610 3300; x_wconf 92' lang='lat' dir='ltr'><strong>qui</strong></span> <span class='ocrx_word' id='word_1_161' title='bbox 630 3208 764 3300; x_wconf 91' lang='lat' dir='ltr'><strong>passim</strong></span> <span class='ocrx_word' id='word_1_162' title='bbox 784 3207 820 3277; x_wconf 91' lang='lat' dir='ltr'><strong>in</strong></span> <span class='ocrx_word' id='word_1_163' title='bbox 841 3207 951 3279; x_wconf 90' lang='lat' dir='ltr'><strong>triviis</strong></span> <span class='ocrx_word' id='word_1_164' title='bbox 971 3207 1142 3292; x_wconf 80' lang='lat' dir='ltr'><strong>oberrant,</strong></span> <span class='ocrx_word' id='word_1_165' title='bbox 1160 3229 1221 3280; x_wconf 84' lang='lat' dir='ltr'><strong>eu·</strong></span> 
     </span>
     <span class='ocr_line' id='line_1_23' title="bbox 142 3325 1223 3422; baseline 0.004 -27"><span class='ocrx_word' id='word_1_166' title='bbox 142 3325 191 3397; x_wconf 92' lang='lat' dir='ltr'><strong>ris</strong></span> <span class='ocrx_word' id='word_1_167' title='bbox 210 3326 372 3398; x_wconf 92' lang='lat' dir='ltr'><strong>inanibus</strong></span> <span class='ocrx_word' id='word_1_168' title='bbox 393 3327 601 3412; x_wconf 85' lang='lat' dir='ltr'><strong>circumacti,</strong></span> <span class='ocrx_word' id='word_1_169' title='bbox 629 3326 675 3397; x_wconf 93' lang='lat' dir='ltr'><strong>ad</strong></span> <span class='ocrx_word' id='word_1_170' title='bbox 695 3325 741 3395; x_wconf 91' lang='lat' dir='ltr'><strong>nil</strong></span> <span class='ocrx_word' id='word_1_171' title='bbox 767 3326 861 3398; x_wconf 92' lang='lat' dir='ltr'><strong>aliud</strong></span> <span class='ocrx_word' id='word_1_172' title='bbox 880 3348 984 3419; x_wconf 90' lang='lat' dir='ltr'><strong>quam</strong></span> <span class='ocrx_word' id='word_1_173' title='bbox 1010 3326 1055 3398; x_wconf 92' lang='lat' dir='ltr'><strong>ad</strong></span> <span class='ocrx_word' id='word_1_174' title='bbox 1076 3330 1223 3422; x_wconf 82' lang='lat' dir='ltr'><strong>explen-</strong></span> 
     </span>
     <span class='ocr_line' id='line_1_24' title="bbox 142 3448 1222 3541; baseline -0.001 -20"><span class='ocrx_word' id='word_1_175' title='bbox 142 3450 226 3521; x_wconf 89' lang='lat' dir='ltr'><strong>dum</strong></span> <span class='ocrx_word' id='word_1_176' title='bbox 245 3449 357 3520; x_wconf 86' lang='lat' dir='ltr'><strong>tnrbae</strong></span> <span class='ocrx_word' id='word_1_177' title='bbox 377 3472 561 3520; x_wconf 92' lang='lat' dir='ltr'><strong>numerum</strong></span> <span class='ocrx_word' id='word_1_178' title='bbox 574 3448 699 3533; x_wconf 90' lang='lat' dir='ltr'><strong>idonei,</strong></span> <span class='ocrx_word' id='word_1_179' title='bbox 713 3457 750 3520; x_wconf 88' lang='lat' dir='ltr'><strong>et</strong></span> <span class='ocrx_word' id='word_1_180' title='bbox 762 3450 879 3541; x_wconf 76' lang='lat' dir='ltr'><strong>fruges</strong></span> <span class='ocrx_word' id='word_1_181' title='bbox 899 3471 1107 3522; x_wconf 87' lang='lat' dir='ltr'><strong>consumere</strong></span> <span class='ocrx_word' id='word_1_182' title='bbox 1125 3451 1222 3522; x_wconf 82' lang='lat' dir='ltr'><strong>nati?</strong></span> 
     </span>
     <span class='ocr_line' id='line_1_25' title="bbox 22 3569 1223 3665; baseline 0.002 -22"><span class='ocrx_word' id='word_1_183' title='bbox 22 3625 24 3628; x_wconf 88' lang='lat'>-</span> <span class='ocrx_word' id='word_1_184' title='bbox 143 3582 182 3644; x_wconf 90' lang='lat' dir='ltr'><strong>ut</strong></span> <span class='ocrx_word' id='word_1_185' title='bbox 205 3575 381 3665; x_wconf 84' lang='lat' dir='ltr'><strong>eleganter</strong></span> <span class='ocrx_word' id='word_1_186' title='bbox 404 3574 452 3645; x_wconf 91' lang='lat' dir='ltr'><strong>ait</strong></span> <span class='ocrx_word' id='word_1_187' title='bbox 476 3573 630 3643; x_wconf 84' lang='lat' dir='ltr'><strong>Flaccus.</strong></span> <span class='ocrx_word' id='word_1_188' title='bbox 653 3569 756 3663; x_wconf 85' lang='lat' dir='ltr'><strong>Atqui</strong></span> <span class='ocrx_word' id='word_1_189' title='bbox 782 3571 848 3643; x_wconf 90' lang='lat' dir='ltr'><strong>hoc</strong></span> <span class='ocrx_word' id='word_1_190' title='bbox 869 3572 953 3643; x_wconf 84' lang='lat' dir='ltr'><strong>milri</strong></span> <span class='ocrx_word' id='word_1_191' title='bbox 978 3594 1047 3644; x_wconf 92' lang='lat' dir='ltr'><strong>non</strong></span> <span class='ocrx_word' id='word_1_192' title='bbox 1068 3594 1223 3664; x_wconf 78' lang='lat' dir='ltr'><strong>negave-</strong></span> 
     </span>
     <span class='ocr_line' id='line_1_26' title="bbox 143 3694 1219 3790; baseline 0.001 -23"><span class='ocrx_word' id='word_1_193' title='bbox 143 3698 206 3782; x_wconf 87' lang='lat' dir='ltr'><strong>ris,</strong></span> <span class='ocrx_word' id='word_1_194' title='bbox 230 3695 260 3768; x_wconf 91' lang='lat' dir='ltr'><strong>si</strong></span> <span class='ocrx_word' id='word_1_195' title='bbox 281 3717 465 3768; x_wconf 88' lang='lat' dir='ltr'><strong>senescere</strong></span> <span class='ocrx_word' id='word_1_196' title='bbox 486 3695 623 3766; x_wconf 91' lang='lat' dir='ltr'><strong>animus</strong></span> <span class='ocrx_word' id='word_1_197' title='bbox 647 3704 775 3790; x_wconf 84' lang='lat' dir='ltr'><strong>potest,</strong></span> <span class='ocrx_word' id='word_1_198' title='bbox 797 3717 902 3788; x_wconf 89' lang='lat' dir='ltr'><strong>posse</strong></span> <span class='ocrx_word' id='word_1_199' title='bbox 926 3694 1029 3766; x_wconf 90' lang='lat' dir='ltr'><strong>etiam</strong></span> <span class='ocrx_word' id='word_1_200' title='bbox 1056 3695 1219 3782; x_wconf 86' lang='lat' dir='ltr'><strong>interire,</strong></span> 
     </span>
     <span class='ocr_line' id='line_1_27' title="bbox 30 3794 1221 3911; baseline -0.001 -20"><span class='ocrx_word' id='word_1_201' title='bbox 30 3794 37 3811; x_wconf 51' lang='lat'>⁸</span> <span class='ocrx_word' id='word_1_202' title='bbox 142 3841 223 3891; x_wconf 90' lang='lat' dir='ltr'><strong>cum</strong></span> <span class='ocrx_word' id='word_1_203' title='bbox 258 3819 352 3890; x_wconf 88' lang='lat' dir='ltr'><strong>baud</strong></span> <span class='ocrx_word' id='word_1_204' title='bbox 384 3818 489 3890; x_wconf 89' lang='lat' dir='ltr'><strong>dubie</strong></span> <span class='ocrx_word' id='word_1_205' title='bbox 515 3818 633 3888; x_wconf 88' lang='lat' dir='ltr'><strong>ultima</strong></span> <span class='ocrx_word' id='word_1_206' title='bbox 659 3819 742 3890; x_wconf 78' lang='lat' dir='ltr'><strong>vitae</strong></span> <span class='ocrx_word' id='word_1_207' title='bbox 768 3840 862 3911; x_wconf 89' lang='lat' dir='ltr'><strong>pars,</strong></span> <span class='ocrx_word' id='word_1_208' title='bbox 895 3828 930 3889; x_wconf 89' lang='lat' dir='ltr'><strong>et</strong></span> <span class='ocrx_word' id='word_1_209' title='bbox 954 3817 1054 3910; x_wconf 89' lang='lat' dir='ltr'><strong>quasi</strong></span> <span class='ocrx_word' id='word_1_210' title='bbox 1079 3818 1221 3910; x_wconf 89' lang='lat' dir='ltr'><strong>qnidam</strong></span> 
     </span>
     <span class='ocr_line' id='line_1_28' title="bbox 143 3938 1222 4032; baseline -0.002 -18"><span class='ocrx_word' id='word_1_211' title='bbox 143 3943 338 4015; x_wconf 88' lang='lat' dir='ltr'><strong>descensus</strong></span> <span class='ocrx_word' id='word_1_212' title='bbox 358 3943 403 4015; x_wconf 90' lang='lat' dir='ltr'><strong>ad</strong></span> <span class='ocrx_word' id='word_1_213' title='bbox 424 3941 599 4012; x_wconf 81' lang='lat' dir='ltr'><strong>interitum</strong></span> <span class='ocrx_word' id='word_1_214' title='bbox 618 3940 663 4011; x_wconf 91' lang='lat' dir='ltr'><strong>sit</strong></span> <span class='ocrx_word' id='word_1_215' title='bbox 684 3950 846 4012; x_wconf 89' lang='lat' dir='ltr'><strong>senectus</strong></span> <span class='ocrx_word' id='word_1_216' title='bbox 861 3964 868 4024; x_wconf 93' lang='lat'>;</span> <span class='ocrx_word' id='word_1_217' title='bbox 886 3938 980 4032; x_wconf 93' lang='lat' dir='ltr'><strong>quod</strong></span> <span class='ocrx_word' id='word_1_218' title='bbox 1000 3939 1060 4011; x_wconf 92' lang='lat' dir='ltr'><strong>ubi</strong></span> <span class='ocrx_word' id='word_1_219' title='bbox 1078 3961 1222 4012; x_wconf 82' lang='lat' dir='ltr'><strong>conces·</strong></span> 
     </span>
     <span class='ocr_line' id='line_1_29' title="bbox 145 4061 1223 4158; baseline -0.005 -21"><span class='ocrx_word' id='word_1_220' title='bbox 145 4065 243 4149; x_wconf 90' lang='lat' dir='ltr'><strong>seris,</strong></span> <span class='ocrx_word' id='word_1_221' title='bbox 258 4064 340 4137; x_wconf 91' lang='lat' dir='ltr'><strong>vide</strong></span> <span class='ocrx_word' id='word_1_222' title='bbox 357 4063 440 4158; x_wconf 90' lang='lat' dir='ltr'><strong>quid</strong></span> <span class='ocrx_word' id='word_1_223' title='bbox 462 4063 629 4157; x_wconf 86' lang='lat' dir='ltr'><strong>sequitur.</strong></span> <span class='ocrx_word' id='word_1_224' title='bbox 646 4063 800 4136; x_wconf 86' lang='lat' dir='ltr'><strong>Dulccdo</strong></span> <span class='ocrx_word' id='word_1_225' title='bbox 820 4062 914 4135; x_wconf 88' lang='lat' dir='ltr'><strong>enim</strong></span> <span class='ocrx_word' id='word_1_226' title='bbox 934 4061 1018 4135; x_wconf 81' lang='lat' dir='ltr'><strong>vitae</strong></span> <span class='ocrx_word' id='word_1_227' title='bbox 1037 4061 1223 4135; x_wconf 78' lang='lat' dir='ltr'><strong>intercidit!</strong></span> 
     </span>
     <span class='ocr_line' id='line_1_30' title="bbox 146 4185 1221 4280; baseline -0.001 -23"><span class='ocrx_word' id='word_1_228' title='bbox 146 4208 208 4279; x_wconf 87' lang='lat' dir='ltr'><strong>spe</strong></span> <span class='ocrx_word' id='word_1_229' title='bbox 232 4187 496 4259; x_wconf 88' lang='lat' dir='ltr'><strong>immortalitatis</strong></span> <span class='ocrx_word' id='word_1_230' title='bbox 521 4197 654 4280; x_wconf 89' lang='lat' dir='ltr'><strong>erepta,</strong></span> <span class='ocrx_word' id='word_1_231' title='bbox 677 4209 757 4280; x_wconf 81' lang='lat' dir='ltr'><strong>quae</strong></span> <span class='ocrx_word' id='word_1_232' title='bbox 783 4207 851 4257; x_wconf 92' lang='lat' dir='ltr'><strong>una</strong></span> <span class='ocrx_word' id='word_1_233' title='bbox 872 4185 1076 4280; x_wconf 87' lang='lat' dir='ltr'><strong>praestabat,</strong></span> <span class='ocrx_word' id='word_1_234' title='bbox 1102 4195 1142 4256; x_wconf 91' lang='lat' dir='ltr'><strong>ut</strong></span> <span class='ocrx_word' id='word_1_235' title='bbox 1165 4207 1221 4257; x_wconf 87' lang='lat' dir='ltr'><strong>me</strong></span> 
     </span>
     <span class='ocr_line' id='line_1_31' title="bbox 145 4306 1224 4403; baseline -0.001 -25"><span class='ocrx_word' id='word_1_236' title='bbox 145 4308 317 4380; x_wconf 88' lang='lat' dir='ltr'><strong>hominem</strong></span> <span class='ocrx_word' id='word_1_237' title='bbox 339 4332 407 4381; x_wconf 92' lang='lat' dir='ltr'><strong>nou</strong></span> <span class='ocrx_word' id='word_1_238' title='bbox 427 4309 591 4394; x_wconf 92' lang='lat' dir='ltr'><strong>dolerem,</strong></span> <span class='ocrx_word' id='word_1_239' title='bbox 613 4331 661 4382; x_wconf 82' lang='lat' dir='ltr'><strong>ex</strong></span> <span class='ocrx_word' id='word_1_240' title='bbox 680 4318 778 4403; x_wconf 88' lang='lat' dir='ltr'><strong>parte</strong></span> <span class='ocrx_word' id='word_1_241' title='bbox 798 4310 907 4380; x_wconf 91' lang='lat' dir='ltr'><strong>altera</strong></span> <span class='ocrx_word' id='word_1_242' title='bbox 927 4306 1028 4379; x_wconf 92' lang='lat' dir='ltr'><strong>morti</strong></span> <span class='ocrx_word' id='word_1_243' title='bbox 1048 4314 1224 4402; x_wconf 83' lang='lat' dir='ltr'><strong>tempora-</strong></span> 
     </span>
     <span class='ocr_line' id='line_1_32' title="bbox 144 4423 1221 4523; baseline -0.001 -21"><span class='ocrx_word' id='word_1_244' title='bbox 144 4432 220 4504; x_wconf 91' lang='lat' dir='ltr'><strong>liter</strong></span> <span class='ocrx_word' id='word_1_245' title='bbox 240 4432 440 4517; x_wconf 86' lang='lat' dir='ltr'><strong>obnoxium,</strong></span> <span class='ocrx_word' id='word_1_246' title='bbox 461 4423 616 4505; x_wconf 83' lang='lat' dir='ltr'><strong>nobiliori</strong></span> <span class='ocrx_word' id='word_1_247' title='bbox 636 4432 787 4517; x_wconf 85' lang='lat' dir='ltr'><strong>interim,</strong></span> <span class='ocrx_word' id='word_1_248' title='bbox 809 4442 853 4516; x_wconf 90' lang='lat' dir='ltr'><strong>et,</strong></span> <span class='ocrx_word' id='word_1_249' title='bbox 872 4431 967 4523; x_wconf 92' lang='lat' dir='ltr'><strong>quod</strong></span> <span class='ocrx_word' id='word_1_250' title='bbox 984 4439 1118 4503; x_wconf 87' lang='lat' dir='ltr'><strong>naturae</strong></span> <span class='ocrx_word' id='word_1_251' title='bbox 1132 4427 1221 4501; x_wconf 86' lang='lat' dir='ltr'><strong>lides</strong></span> 
     </span>
    </p>
   </div>
   <div class='ocr_carea' id='block_1_4' title="bbox 0 0 1376 5062">
    <p class='ocr_par' dir='ltr' id='par_1_4' title="bbox 0 0 1376 5062">
     <span class='ocr_line' id='line_1_33' title="bbox 0 0 1376 5062; baseline 0 0"><span class='ocrx_word' id='word_1_252' title='bbox 0 0 1376 5062; x_wconf 95' lang='lat' dir='ltr'><strong> </strong></span> 
     </span>
    </p>
   </div>
  </div>
 </body>
</html>
