2738 5062
20 25 1359 351 -u

196 680 254 741 301
529 693 569 739 na
593 691 693 739 nauus
716 690 937 740 raurnianrnus

141 858 143 863 >
194 837 385 921 expectans
404 845 614 918 suspensum
628 844 789 916 gressum
805 824 912 907 tenui,
930 824 1011 896 nibil
1034 826 1147 916 magis
1168 846 1280 919 expe

194 950 320 1022 ctando
339 970 518 1041 quaerens,
538 970 643 1040 quam
666 958 698 1019 te
719 947 844 1019 iterum
863 948 997 1033 videre,
1013 969 1118 1041 quem
1138 969 1279 1042 semper

194 1072 308 1145 video.
330 1071 400 1142 Sed
418 1070 513 1163 quod
534 1072 579 1144 ad
600 1071 745 1164 cupidos
766 1071 886 1144 oculos
906 1093 1004 1143 meos
1027 1071 1277 1164 sidereumque

194 1197 333 1266 vultum
351 1204 448 1264 tuum
469 1193 604 1275 attinet,
638 1216 717 1264 cum
751 1196 860 1265 semel
893 1194 1023 1278 abiero,
1046 1194 1107 1265 diu
1130 1204 1179 1278 te,
1207 1192 1277 1264 nisi

195 1317 294 1387 fallor
312 1314 472 1407 augurio,
495 1316 619 1385 iterum
640 1314 782 1386 visurus
804 1337 872 1387 non
894 1337 983 1387 sum.
1005 1314 1135 1386 Libens
1157 1315 1277 1408 itaque

194 1447 343 1509 venturo
368 1436 544 1509 desiderio
565 1434 801 1530 providebam.
824 1436 916 1518 Quid
941 1438 1083 1507 autem‘l
1108 1437 1186 1506 Rex
1218 1437 1277 1507 ille

194 1582 315 1652 regum
330 1558 507 1654 maximus
520 1571 555 1630 et
570 1557 631 1629 tibi
644 1580 763 1631 amore
780 1557 908 1652 pariter
923 1558 1062 1631 iunctus
1078 1569 1114 1631 et
1132 1560 1276 1651 sangui-

193 1705 249 1767 ne,
273 1682 376 1753 simul
396 1692 432 1753 et
451 1680 574 1752 Parisii
595 1691 630 1752 et
650 1682 811 1772 Sequana
832 1680 991 1753 blandior
1019 1691 1055 1750 et
1084 1681 1200 1774 aliqua
1221 1681 1276 1752 in·

193 1824 280 1894 gens
296 1825 383 1888 cura
407 1813 477 1875 tuae
498 1815 531 1874 te
554 1802 793 1896 promissionis
814 1802 1050 1875 immemorem
1072 1804 1162 1873 ultra
1182 1823 1275 1897 pree-
1335 1802 1340 1811 '

192 1929 351 1998 stitutum
373 1925 505 1997 reditus
534 1933 671 2019 tempus
696 1934 830 1995 tenent:
864 1945 921 1995 me
955 1926 1062 1996 tristis
1087 1923 1215 1997 Avinio
1238 1935 1274 1998 et

193 2050 364 2122 violentus
397 2048 587 2120 Rhodanus
622 2068 718 2139 aegre
752 2047 920 2119 hactonus
955 2056 1107 2120 tenuero.
1141 2040 1272 2121 Fessus

193 2169 331 2241 tandem
352 2171 544 2262 plenusque
565 2192 681 2242 rernm
701 2168 898 2252 curialium,
925 2177 961 2240 et
986 2182 1173 2263 expectare
1199 2192 1273 2242 am-

191 2290 283 2384 plius
303 2312 371 2362 non
391 2294 525 2374 valens,
546 2293 611 2363 hoc
632 2293 709 2384 ipso
728 2291 786 2364 die
806 2291 870 2363 iter
895 2292 1039 2386 arripui,
1063 2315 1133 2364 non
1155 2302 1272 2366 tamen

192 2414 330 2504 longius
350 2412 473 2485 iturus.
494 2414 582 2484 Nam
601 2413 718 2507 quoad
739 2413 891 2499 dabitur,
915 2416 959 2488 ad
980 2418 1108 2488 iontem
1135 2417 1271 2510 Sorgiae

184 2535 396 2618 subsistam,
419 2535 449 2608 si
469 2535 549 2629 quis
569 2538 657 2607 sorte
678 2536 815 2607 interim
837 2538 971 2610 reditus
985 2539 1034 2609 tui
1052 2539 1134 2610 felix
1151 2561 1272 2612 rumor

190 2656 392 2731 insonuerit.
413 2659 500 2729 Hinc
519 2679 618 2743 vero,
641 2658 671 2728 si
692 2668 842 2750 perstas,
865 2661 952 2730 clam
975 2660 1100 2731 tacitus
1125 2682 1271 2755 pergam

190 2781 320 2856 amieos
341 2784 474 2864 fallens,
493 2782 552 2875 qui
574 2805 631 2854 me
651 2803 777 2855 averso
798 2782 913 2854 animo
933 2794 968 2854 et
987 2780 1185 2856 obluctante
1200 2786 1270 2855 lor-

190 2914 274 2977 tuna
306 2903 457 2977 retinere
490 2903 520 2975 si
553 2903 688 2997 possint
719 2905 755 2975 in
787 2911 958 2976 aeternum
984 2905 1105 2987 ,velint;
1125 2912 1162 2975 at
1183 2905 1267 2976 dum

187 3024 372 3098 desideriis
392 3027 541 3123 propriis
562 3027 771 3111 inserviunt,
793 3049 851 3098 me
871 3049 940 3098 non
961 3026 1095 3113 vident¹
1118 3048 1268 3121 quorum

189 3169 245 3222 me
264 3148 416 3221 charitas
438 3148 546 3220 molta
567 3147 636 3241 pati
660 3148 820 3241 perpulit,
840 3147 884 3219 ad
902 3168 983 3240 quae
1002 3149 1096 3220 nulla
1113 3170 1267 3242 unquam

187 3270 329 3341 ambitio
349 3267 583 3363 compulisset.
619 3270 679 3340 llla
712 3289 853 3341 manum
875 3268 990 3341 iniecit
1022 3277 1058 3341 et
1085 3270 1267 3363 fatigatum

187 3411 315 3485 corpus
335 3389 397 3462 diu
416 3391 539 3476 tenuit,
563 3391 621 3463 ubi
641 3391 778 3462 animus
798 3414 868 3464 non
889 3402 977 3465 erat:
996 3392 1187 3466 novissime
1202 3416 1266 3466 au-

187 3523 272 3596 tem,
295 3521 333 3581 ut
352 3511 440 3597 dixi,
459 3513 625 3588 iussionis
643 3527 713 3589 tuae
729 3514 866 3611 pondus
883 3518 1042 3604 accessit,
1063 3530 1267 3618 motumque

186 3633 254 3705 iam
276 3635 400 3707 vinclis
422 3637 565 3708 strinxit
583 3638 720 3734 pedem.
735 3641 780 3712 Et
793 3639 823 3711 si
836 3642 949 3713 omnis
968 3643 1066 3716 labor
1081 3648 1267 3740 omnisque

184 3756 370 3830 difficultas
389 3781 460 3852 quo
485 3756 542 3832 fini
564 3762 756 3857 proximior
787 3784 830 3835 eo
863 3766 1015 3858 gravior,
1038 3768 1149 3861 pluris
1176 3769 1266 3842 hanc

185 3879 387 3953 bimestrem
418 3904 562 3968 moram,
597 3905 701 3976 quam
737 3887 817 3958 anni
851 3889 1000 3984 spatium
1026 3889 1160 3963 eisdem
1180 3892 1265 3963 mibi

185 4012 299 4075 actum
320 4004 356 4075 in
378 4008 461 4079 locis
481 4006 719 4091 existimabis;
753 4032 816 4102 pro
848 4034 918 4105 quo
952 4013 1095 4100 merito,
1122 4014 1265 4107 quando

183 4126 250 4198 alia
270 4151 338 4200 non
359 4131 488 4203 adsunt
507 4129 591 4203 illud
610 4140 807 4205 extremum
828 4155 961 4227 quaero,
982 4147 1020 4208 ut
1038 4158 1117 4208 eam
1137 4138 1265 4211 absen-

183 4246 242 4322 tiae
261 4271 351 4322 meaa
367 4254 533 4327 rationem
552 4254 682 4327 habeas
699 4277 744 4326 ne
760 4254 880 4331 amicis
897 4258 990 4331 obsit
1007 4259 1106 4332 meis.
1126 4260 1264 4354 Siquid

182 4391 247 4461 pro
262 4393 318 4446 me
334 4396 498 4467 magnum
516 4377 683 4450 actitabas
705 4377 828 4472 (parva
843 4381 936 4452 enim
955 4402 1024 4454 non
1043 4381 1167 4477 soles),
1182 4404 1264 4475 gra-

184 4492 352 4567 tissimam
370 4496 453 4569 mibi
472 4521 544 4570 rem
565 4501 702 4582 leceris,
722 4501 752 4572 si
772 4502 942 4595 quidquid
960 4502 994 4575 id
1010 4517 1086 4578 erat
1105 4505 1263 4579 destina·
