2738 5062
194 603 254 665 ott
529 615 570 663 nc
591 614 692 663 uncus
712 612 934 663 Ftlllbllltlltlts

195 752 231 820 in
256 748 404 821 circuitu
423 756 538 819 autem
565 747 722 819 certatim
742 747 878 820 Baccho
902 750 994 840 grati
1017 748 1125 821 colles
1148 770 1192 823 ac
1212 750 1284 823 Mi·

195 893 328 954 nervae,
352 891 444 940 neve
464 870 498 937 in
520 869 562 938 iis
582 889 664 960 quae
681 868 726 939 ad
743 890 841 939 esum
864 879 1052 962 potumque
1069 869 1279 963 pertineant,

195 992 521 1088 parasitico-more,
548 991 641 1082 quod
667 1011 736 1058 nou
758 992 869 1073 soleo,
896 989 1068 1062 curiosius
1093 990 1279 1076 immorer,

195 1114 349 1185 breviter
370 1115 420 1184 sic
439 1112 550 1183 habe:
577 1110 743 1204 quicquid
765 1132 828 1181 seu
850 1112 882 1180 in
905 1111 1008 1182 terris
1029 1132 1095 1182 seu
1118 1110 1155 1181 in
1174 1113 1280 1205 aquis

195 1235 358 1318 nascitur,
382 1234 438 1305 liic
458 1236 525 1304 tale
549 1254 631 1304 esse
654 1243 690 1302 ιιι
710 1232 744 1300 in
767 1232 929 1323 paradiso
949 1231 1167 1317 deliciarum,
1187 1233 1281 1307 sicut

196 1358 360 1449 Theologi
381 1359 577 1450 loquuntur,
597 1355 672 1425 sive
690 1363 728 1425 ut
744 1363 864 1446 pcetae,
880 1354 915 1423 in
927 1353 1059 1446 campis
1072 1355 1203 1449 Elysiis
1216 1376 1280 1427 na-

197 1487 267 1551 tum
291 1490 413 1572 putes;
436 1478 466 1548 si
486 1476 571 1569 quid
591 1496 684 1558 vero,
709 1486 747 1546 ut
765 1485 820 1545 est
840 1475 979 1547 animus
1001 1474 1161 1559 bominis,
1180 1497 1281 1569 saepe

196 1601 435 1694 voluptuosior
467 1620 572 1689 quam
598 1608 748 1691 oportet,
774 1596 906 1689 exiguo
938 1597 1011 1667 ruri
1037 1596 1145 1681 desit,
1176 1597 1281 1671 facile

196 1722 419 1795 finitimorum
442 1723 595 1793 locorum
615 1718 770 1790 ubertate
789 1718 1018 1813 supplebitur.
1034 1721 1219 1791 Postremo
1235 1744 1282 1795 uc

197 1846 334 1937 singula
367 1864 571 1939 prosequar,
600 1842 655 1912 bic
681 1840 741 1911 tibi
767 1840 869 1933 quies
901 1849 1067 1932 exoptata
1098 1850 1135 1912 et
1161 1842 1281 1915 votiva

198 1967 435 2059 tranquillitas
449 1974 484 2037 et
497 1984 578 2058 quae
598 1966 703 2036 uullae
720 1961 877 2034 studioso
894 1962 1010 2034 auimo
1023 1962 1158 2034 divitiae
1168 1962 1281 2037 curlo-

198 2109 265 2169 res,
288 2087 453 2156 librorum
472 2086 569 2178 copia
587 2087 711 2176 ingens
729 2085 836 2166 adest
856 2083 1081 2177 fideliumque
1096 2085 1280 2158 convictus

197 2217 301 2297 atquc
334 2204 541 2296 obsequium
567 2206 767 2276 amicorum.
800 2205 1005 2277 versaberis
1034 2226 1115 2277 cum
1149 2204 1280 2278 sanetis

197 2348 277 2397 cum
292 2324 515 2417 philosophis,
530 2348 608 2396 cum
623 2327 742 2417 poetis,
758 2349 838 2397 cum
855 2327 1062 2410 oratoribus,
1075 2350 1157 2399 cum
1171 2327 1280 2401 histo·

198 2446 289 2517 riuis.
312 2445 383 2515 Nos
399 2443 484 2529 duo,
503 2456 670 2537 quantum
690 2447 765 2519 sine
786 2448 942 2520 satietate
963 2460 1022 2519 tua
1045 2448 1159 2531 fuerit,
1186 2451 1281 2523 latus

199 2567 260 2640 tibi
281 2578 469 2659 utrumque
488 2568 692 2659 cingemus3
713 2589 777 2640 nos
796 2568 855 2639 tibi
878 2570 946 2639 iam
967 2592 1059 2640 nunc
1078 2569 1205 2641 animis
1222 2591 1282 2642 oc·

108 2725 111 2729 ·
198 2691 388 2774 currimuS,
410 2701 446 2761 et
465 2690 510 2762 ab
529 2700 708 2783 occupatae
728 2693 811 2762 vitae
832 2690 1094 2784 tempestatibus
1120 2690 1281 2763 redeunti

200 2825 335 2906 portum
354 2813 447 2884 hunc
462 2813 717 2906 quietissimum
736 2834 986 2907 praeparamus.
1004 2811 1148 2883 Genitor
1164 2822 1281 2883 autem

198 2944 281 3006 tuus
308 2935 435 3007 interea
468 2937 556 3007 llens
588 2945 694 3027 atque
718 2936 848 3006 anxius
879 2935 924 3007 ad
955 2944 989 3006 te
1015 2935 1131 3019 veuit,
1158 2946 1195 3006 et
1219 2956 1282 3029 per

199 3058 356 3150 singulos
389 3078 517 3150 passus
550 3055 752 3127 Davidicum
785 3056 868 3128 illud
893 3055 1097 3148 ingeminat,
1123 3058 1198 3146 patr
1222 3052 1282 3125 dc·

199 3183 245 3251 bit
265 3181 348 3250 milti
365 3200 498 3271 pennas
522 3181 606 3248 sicat
632 3179 787 3247 columber
812 3187 843 3247 ct
867 3177 982 3247 celabo
1007 3187 1039 3246 ct
1062 3179 1279 3267 requiescam,

198 3301 256 3372 ubi
276 3299 407 3370 scilicet
428 3297 535 3371 filium
557 3322 672 3371 mcum
695 3298 976 3392 primogenitum,
999 3318 1104 3390 quem
1125 3300 1211 3370 mibi
1234 3300 1279 3373 de

199 3420 268 3491 filio
289 3429 425 3509 patrem*
436 3421 500 3490 leci
515 3420 691 3511 sospitem,
708 3422 809 3491 laetus
827 3440 1011 3513 aspexero.
1029 3420 1100 3490 Nos
1116 3440 1204 3491 vero
1220 3420 1279 3512 qui

199 3553 232 3614 te
258 3561 395 3613 summo
418 3561 497 3609 cum
523 3538 698 3611 desiderio
727 3542 988 3633 praestolamur,
1014 3540 1162 3613 tacimus
1186 3539 1282 3633 quod

199 3670 357 3734 amantes
383 3661 514 3731 solent:
542 3660 699 3752 singulos
725 3661 801 3731 dies
823 3662 956 3732 solicite
982 3682 1222 3743 numeremus,
1246 3670 1282 3733 et

198 3782 324 3856 erectis
350 3780 494 3853 auribus
516 3791 651 3854 stamus
679 3780 709 3851 si
741 3779 826 3871 quid
863 3783 909 3855 de
942 3795 975 3854 te
1012 3781 1114 3855 uobis
1146 3781 1280 3854 felicius

198 3905 384 3978 nuntietur.
404 3907 494 3977 luter
516 3918 653 3977 tuorum
676 3911 756 3975 vota
773 3903 894 3999 igitur,
914 3914 1012 4000 pater
1033 3903 1209 3988 amabilis,
1228 3902 1282 3973 vi·

200 4050 259 4112 ve,
276 4051 352 4114 oro,
374 4029 529 4112 feliciter,
550 4036 587 4098 et
606 4027 684 4097 vale
704 4038 740 4098 et
760 4026 840 4099 veni
861 4037 896 4098 et
916 4048 1075 4121 propera,
1098 4046 1207 4119 supra
1226 4006 1298 4095 vi-'

200 4171 257 4221 res
277 4151 429 4223 animum
447 4153 622 4232 attollens,
650 4169 690 4219 ac
715 4169 810 4241 saepe
837 4148 896 4219 tibi
920 4160 956 4220 et
980 4147 1142 4220 omuibus
1169 4148 1281 4221 virtu·

200 4272 293 4345 tibus
314 4272 381 4345 tuis
396 4274 517 4346 diceus
535 4272 705 4368 poeticum
726 4269 810 4342 illud
830 4270 1124 4342 famosissimum:

394 4412 502 4476 Durate
521 4420 550 4475 et
567 4416 687 4474 vosmet
703 4411 795 4473 rebus
812 4416 931 4473 servate
947 4409 1096 4473 rectrudis.
