2738 5062
352 795 445 843 ninnn
466 794 966 853 cornuusnnciuus—nrrsronn
991 797 1018 842 v.
1163 782 1222 847 325

141 930 233 1000 mina
253 929 510 1011 exhortatione,
526 950 632 1020 quam
651 926 717 999 sibi
739 929 832 998 nulla
849 927 990 1021 quidem
1009 939 1099 1011 arte,
1115 933 1222 1028 multa

141 1051 205 1122 sed
226 1048 295 1122 fide
317 1052 494 1143 multoque
514 1047 639 1121 ardore
658 1049 949 1140 conscripseram,
972 1050 1151 1136 movisse,
1178 1075 1222 1124 ne

140 1173 252 1246 dicem
275 1172 512 1245 inflammasse
532 1173 696 1244 enimum.
716 1171 762 1242 At
778 1193 883 1266 quem
902 1194 964 1244 nec
982 1173 1130 1266 insignis
1148 1177 1222 1267 glo·

142 1299 201 1383 ria,
218 1320 281 1369 neo
299 1299 459 1370 meritum
480 1297 619 1389 ingens,
642 1317 706 1367 neo
725 1295 835 1367 facilis
857 1297 1088 1369 maximarum
1105 1320 1221 1371 rerum

143 1419 253 1511 tangit
268 1419 421 1503 occasio,
440 1418 525 1513 quid
546 1418 672 1489 mirum
691 1418 720 1489 si
738 1420 828 1490 levia
845 1417 955 1490 verbe
972 1440 1040 1489 non
1059 1424 1225 1512 tangunt?

143 1538 314 1613 Deiioerer
333 1540 448 1612 animo
468 1540 534 1613 nisi
556 1541 664 1612 multa
689 1539 906 1633 experientia
931 1540 1154 1626 didicissem,
1181 1544 1226 1616 de

144 1662 351 1734 transitoriis
389 1686 458 1735 non
495 1663 699 1736 curandum.
734 1663 863 1734 Omnes
902 1667 973 1735 fere
1011 1687 1079 1736 non
1112 1669 1224 1738 solum

146 1805 242 1869 meae,
266 1785 330 1856 sed
350 1785 505 1857 omnium
527 1806 609 1878 spes
630 1806 796 1877 curaeque
812 1786 1008 1857 mortalium
1031 1810 1136 1859 unum
1164 1789 1226 1860 ha-

144 1905 226 1977 bent
256 1906 405 1990 exitum,
434 1906 469 1977 in
494 1906 638 1977 nihilum
665 1906 841 1989 desinunt,
865 1907 1148 2001 simillimumque
1171 1919 1227 1981 est

146 2029 221 2100 telis
241 2050 448 2102 aranearum
469 2028 639 2124 quidquid
660 2028 727 2100 sub
747 2033 820 2101 sole
838 2030 979 2102 texitur.
996 2030 1156 2116 Quidvis
1174 2031 1227 2104 di-

144 2155 244 2224 cam?
264 2150 341 2222 Non
359 2153 471 2222 omnio
486 2173 660 2246 possumus
677 2173 803 2235 omnes,
823 2151 934 2244 inquit
953 2153 1060 2224 Mero.
1083 2154 1149 2240 Qui
1167 2176 1228 2248 po·

146 2284 215 2346 lest
235 2257 363 2368 cepere
384 2275 509 2367 capiat;
535 2277 689 2369 profecto
713 2272 805 2345 enim
833 2276 1029 2349 necessaria
1052 2276 1229 2369 regnanti-

147 2395 214 2467 bus
234 2396 348 2468 virtus
368 2395 519 2482 heroico,
542 2419 646 2490 qnam
664 2396 829 2488 Virgilius
850 2395 1042 2485 ardentem,
1066 2400 1228 2474 Lucanus

147 2518 283 2611 igneum
303 2525 420 2602 vocnt,
455 2516 522 2590 nisi
554 2516 711 2590 noscenti
733 2516 900 2591 divinitus
926 2520 1009 2592 data
1042 2522 1100 2603 sit,
1136 2523 1228 2594 haud

145 2638 254 2710 facilis
275 2648 331 2710 est
349 2636 513 2731 quaesitu.
536 2637 627 2724 Quid
648 2658 732 2710 vero
753 2661 844 2711 nnnc
864 2651 977 2711 aestuo
1002 2641 1143 2713 minime
1163 2643 1229 2713 rei-

145 2758 293 2853 publicae
311 2761 494 2855 particula,
517 2760 602 2853 quid
621 2762 769 2845 crucior,
798 2760 882 2854 quid
907 2761 1063 2853 ellligor‘l
1082 2761 1230 2835 Advena

147 2902 214 2974 ego
234 2904 312 2954 sum
338 2893 374 2955 et
399 2883 605 2977 peregrinus
638 2884 673 2953 in
706 2893 815 2967 terra,
841 2882 931 2955 sicut
963 2902 1087 2954 omnes
1112 2892 1230 2979 patres

149 3003 230 3089 mei,
253 3006 337 3075 exul
355 3026 449 3090 sum,
471 3005 654 3098 victorque
675 3005 820 3088 anxius,
838 3026 894 3076 me
915 3004 1033 3077 brevis
1055 3007 1137 3078 vitae
1157 3030 1232 3080 ma·

148 3135 208 3196 net
227 3125 344 3198 nescio
363 3129 583 3220 quantulum,
606 3136 642 3198 et
663 3127 791 3198 moriar
809 3136 846 3199 et
870 3127 915 3199 nd
941 3150 1060 3199 verum
1082 3131 1229 3222 patriam

148 3270 260 3320 meam
282 3232 349 3320 ibo.
372 3248 469 3321 ltalia
490 3249 595 3321 stabit
616 3248 705 3321 inter
726 3248 831 3344 Alpes
848 3261 883 3320 et
899 3248 969 3320 duo
992 3249 1109 3336 maria,
1132 3259 1170 3322 nt
1185 3250 1230 3323 nb

149 3370 243 3442 initio
270 3391 384 3442 rerum
411 3372 520 3457 stetit,
548 3382 583 3444 et
608 3374 638 3444 si
665 3372 790 3444 terreni
812 3371 905 3463 regis
927 3373 1095 3445 auxilium
1121 3373 1228 3458 desit,

149 3495 368 3589 imperatoris
386 3497 509 3567 aelemi
528 3495 801 3569 misericordiam
818 3494 1025 3588 implorabit.
1040 3496 1151 3569 Crede
1168 3518 1231 3567 nu-

150 3625 217 3688 tem
240 3617 338 3700 mihi,
361 3628 472 3711 pater,
496 3640 661 3711 magnum
687 3628 742 3689 est
767 3617 802 3689 iu
828 3616 913 3690 sede
936 3617 1041 3702 Petri,
1064 3639 1228 3710 magnum

150 3738 260 3809 estin
281 3739 368 3811 solio
388 3740 540 3812 Caesaris
562 3741 696 3814 sedere.
718 3740 822 3824 Vive,
844 3748 880 3811 et
900 3741 988 3811 vale.

292 3887 335 3942 nd
350 3887 466 3944 Fontem
482 3889 595 3962 Sorgiae.
612 3889 651 3945 Ill
667 3891 760 3947 Nonas
775 3890 889 3963 Aprilis,
906 3889 1035 3961 pastorali
1050 3889 1164 3944 calamo.
