2738 5062
300 754 302 758 ι
344 721 435 768 tlssssn
457 718 961 777 Qutnrusnssclttus—crisante
983 719 1002 767 1.
1150 704 1210 768 205

142 857 184 926 tis
205 853 367 946 loquitur,
387 875 488 925 nemo
506 874 573 924 non
591 866 713 948 parum
730 855 870 945 cogitem
888 853 980 925 unde
998 853 1037 924 fit
1054 854 1212 926 utverba

139 960 328 1070 composita
344 976 588 1048 dissimilitudo
606 976 729 1069 ingens
743 986 880 1047 actuum
894 990 1137 1070 consequatur,
1157 991 1212 1050 ut-

139 1122 221 1193 que,
244 1100 291 1170 ait
316 1101 446 1184 Cicero,
481 1123 558 1172 cum
590 1101 661 1172 vita
694 1100 898 1173 mirabiliter
929 1115 1061 1196 pugnet
1090 1105 1210 1177 oratio.
1258 1152 1261 1162 -

141 1219 238 1292 Unde
266 1232 381 1291 autem
413 1221 542 1306 ordiar,
573 1221 641 1292 nisi
673 1222 717 1293 ab
745 1222 788 1294 iis
821 1245 901 1315 quae
930 1225 1083 1295 maxime
1103 1225 1210 1297 vitam

140 1354 247 1428 tuam,
270 1345 520 1436 gloriosissime
541 1357 649 1439 pater,
672 1368 855 1439 meamque
880 1347 1151 1433 circumsonant,
1174 1357 1213 1419 ut

139 1468 321 1559 intelligas,
336 1469 493 1552 melleet
510 1469 625 1541 multis
643 1469 841 1563 implicitum
858 1481 893 1542 et
909 1469 1094 1542 obsessum
1108 1472 1211 1557 euris

140 1608 236 1682 soepe
253 1600 368 1660 lamen
381 1588 424 1660 ad
439 1600 472 1660 te
484 1593 601 1663 oculos
620 1591 806 1677 reflectere,
821 1592 1073 1686 interdumque,
1090 1617 1213 1686 quam-

140 1713 195 1783 vis
222 1715 328 1804 vulgo
361 1713 508 1786 fortasse
533 1715 644 1786 durus
664 1714 799 1800 videar,
830 1725 866 1787 et
898 1717 1052 1788 laborem
1080 1719 1212 1792 itineris

140 1835 268 1906 sentire
301 1847 336 1908 et
369 1838 554 1909 terminum
588 1839 763 1930 cogitare?
784 1840 912 1912 Sumus
937 1841 1096 1932 quidem,
1119 1844 1214 1936 quod

140 1983 242 2031 nemo
261 1961 388 2032 clerius
408 1985 513 2054 quam
547 1972 584 2032 tu
618 1962 725 2046 videt,
748 1984 871 2033 omnes
901 1963 961 2054 qui
991 1964 1081 2035 hanc
1105 1965 1213 2037 vitam

140 2086 276 2178 agimus
304 2087 468 2170 viatores
495 2084 540 2157 dc
566 2086 696 2156 itineris
726 2085 912 2180 asperitate
936 2086 1141 2173 certissimi,
1169 2087 1214 2160 de

140 2209 289 2303 hospitio
310 2208 445 2279 incerti:
472 2220 507 2278 et
534 2208 613 2278 huic
637 2207 821 2280 conditioni
846 2230 949 2280 nemo
969 2230 1112 2302 prorsus
1138 2211 1214 2282 exi-

140 2331 258 2415 mitur,
284 2352 347 2401 seu
370 2331 423 2400 ille
450 2328 606 2424 hispidus
628 2330 790 2423 agricola,
813 2353 875 2402 seu
896 2342 1015 2425 pastor
1040 2332 1212 2419 hirsutus,

142 2475 206 2524 seu
239 2464 406 2525 mercator
441 2452 624 2538 instabilis,
661 2475 725 2524 seu
750 2453 934 2526 immobilis
964 2457 1121 2543 eremita,
1151 2479 1215 2532 seu

140 2573 320 2647 mendicus
342 2578 505 2670 supplex,
532 2598 596 2648 seu
619 2575 720 2648 dives
750 2576 918 2662 insolens,
947 2600 1011 2650 seu
1039 2580 1214 2655 Gallorum

141 2719 219 2781 rex,
244 2719 305 2769 seu
327 2719 492 2769 romanus
509 2699 698 2791 imperator
718 2699 833 2769 luerit:
855 2708 891 2770 et
916 2721 1054 2770 rursum
1076 2721 1138 2771 seu
1158 2702 1215 2774 ille

140 2819 280 2892 humilis
302 2819 477 2904 sacerdos,
498 2843 561 2892 seu
584 2819 847 2892 archidiaconus
868 2821 1124 2906 intumescens,
1152 2843 1217 2893 seu

142 2945 273 3037 praesul
292 2943 426 3028 elatior,
444 2965 507 3014 seu
524 2952 635 3026 tuum,
650 2943 715 3014 hoc
734 2953 789 3012 est
805 2941 938 3011 romani
956 2942 1120 3028 curdiniS,
1136 2966 1217 3035 gra-

141 3064 225 3137 dum
243 3067 379 3150 nactuS,
403 3088 466 3137 seu
486 3064 637 3158 denique
658 3062 856 3157 pontificum
878 3063 1065 3148 maximus
1083 3066 1138 3135 cui
1156 3087 1218 3159 po-

142 3192 301 3285 pulorum
319 3190 500 3261 admiratio
517 3191 620 3282 Papae
638 3210 765 3260 nomen
781 3186 885 3258 dedit.
904 3187 1046 3272 Omnes,
1065 3184 1215 3279 inquam,

143 3312 271 3408 pariter
290 3313 444 3383 viatores
465 3335 606 3397 sumus,
635 3312 703 3382 nisi
730 3311 823 3403 quod
856 3332 921 3383 vos
953 3313 1047 3383 celso
1079 3313 1218 3404 lateque

143 3445 339 3527 conspecto,
361 3446 425 3505 nos
451 3434 624 3506 humiliori
645 3435 730 3506 calle
760 3442 886 3504 metam
908 3433 1072 3526 petimuS,
1094 3434 1142 3504 ita
1168 3444 1219 3505 ta-

145 3579 223 3628 men
245 3566 283 3628 ut
300 3557 414 3630 adhuc
433 3560 536 3650 longe
554 3557 621 3629 sub
638 3557 785 3651 pedibus
803 3556 932 3628 nostris
950 3558 1072 3650 ingens
1093 3567 1128 3629 et
1147 3557 1220 3628 ine-

144 3679 326 3752 narrabilis
360 3681 405 3751 sit
436 3680 669 3752 itinerantium
703 3680 899 3766 multitude,
936 3691 974 3751 ut
1002 3680 1049 3751 illi
1078 3679 1218 3773 quidem

146 3803 223 3876 imis
251 3816 286 3876 et
317 3803 474 3877 obscuris
500 3803 663 3889 vallibus,
686 3826 749 3875 vos
777 3827 838 3896 per
859 3807 947 3875 altos
968 3826 1008 3874 ac
1027 3802 1219 3875 laboriosos

146 3928 307 4012 vertices
329 3951 392 3999 nos
413 3929 448 3998 in
470 3928 583 3999 medio
608 3930 703 3999 velut
734 3929 822 3999 inter
851 3929 1016 3998 montium
1038 3948 1217 4011 convexa,

146 4051 295 4124 diversis
317 4074 441 4144 nempe
464 4050 675 4132 tramitibus
696 4051 758 4121 sed
776 4050 849 4142 pari
868 4051 1032 4143 periculo,
1052 4047 1095 4119 ad
1114 4072 1220 4121 unum

146 4195 266 4246 omnes
286 4174 469 4244 terminum
489 4172 716 4266 suspiremus.
740 4171 860 4263 Cogita
880 4171 1003 4242 acriter
1019 4179 1054 4241 et
1071 4169 1219 4251 intende,

146 4316 259 4388 neque
277 4296 402 4367 iudicio
419 4305 514 4366 recto
531 4298 677 4366 fortunae
696 4301 766 4363 tuac
784 4292 947 4386 splendor
963 4289 1099 4363 officiat.
1117 4290 1222 4363 Vide-

147 4414 200 4488 bis
230 4432 264 4490 te
294 4418 345 4513 (ut
373 4418 468 4510 quod
488 4418 532 4489 de
554 4438 623 4486 uno
643 4415 804 4500 dixerim,
826 4416 870 4487 de
891 4414 1051 4487 omnibus
1073 4413 1220 4506 accipias

149 4541 303 4614 ciusdem
327 4551 439 4614 status
461 4564 501 4613 ac
518 4540 678 4631 fortunae)
706 4537 855 4626 videbis,
883 4540 1038 4631 inquam,
1061 4550 1094 4608 te
1116 4537 1221 4605 multu
