2738 5062
201 655 261 716 330
542 666 584 713 nu
606 666 706 714 uanus
727 664 949 713 rsurtrrrunus

200 800 355 875 bardiam
378 802 520 892 vulgus,
543 799 633 871 docti
660 809 777 870 autem
799 801 989 892 Liguriam,
1013 800 1196 885 AEmiiiam,
1221 804 1299 876 Ve-

199 927 327 997 netiam
349 931 487 1008 vocant,
501 933 536 994 et
553 922 723 1016 quidquid
740 921 846 1014 Alpes
864 920 1153 1017 Apenninumque
1171 934 1210 995 et
1227 948 1298 997 an-

202 1049 333 1142 tiquum
348 1048 454 1117 italiae
469 1046 652 1117 terminum
668 1043 878 1115 Rubiconem
893 1043 1083 1130 interiacet,
1107 1057 1177 1119 tota
1197 1070 1296 1140 pene

201 1193 307 1264 quam
334 1191 459 1260 magna
484 1178 540 1238 est
565 1166 747 1262 tyrannide
773 1166 941 1261 premitur
967 1167 1163 1240 immortali:
1184 1171 1293 1243 cuius

201 1293 304 1363 etiam
327 1292 381 1360 itia
402 1313 482 1383 pars
503 1311 583 1381 quae
603 1310 764 1360 occasum
788 1288 975 1381 respiciens
995 1288 1062 1359 sub
1079 1290 1169 1362 Pede
1187 1314 1292 1365 mon-

202 1416 285 1487 tium
309 1412 406 1486 sedet
424 1413 474 1507 (ot
492 1415 640 1485 fortunae
662 1411 793 1504 taedia),
814 1413 902 1482 facta
919 1420 976 1483 cst
994 1412 1291 1507 transalpinorum

202 1536 358 1609 accessio
380 1545 620 1631 tyrannorum
641 1545 745 1627 atque
766 1534 813 1604 ita
834 1554 877 1604 ne
898 1533 944 1603 ibi
965 1533 1106 1626 quidem
1127 1536 1291 1610 invenies

202 1657 260 1729 ubi
282 1659 421 1729 virtutis
443 1655 576 1728 amicus
597 1666 701 1749 atque
721 1655 780 1725 otii
802 1656 1012 1748 acquiescat,
1036 1666 1163 1751 praeter
1187 1659 1292 1731 nobi-

202 1779 371 1852 lissimam
393 1779 485 1849 iliam
503 1778 714 1851 Venetorum
743 1776 879 1861 urbem,
907 1798 987 1869 quae
1013 1777 1093 1848 licet
1116 1777 1290 1851 hactenus

203 1902 342 1973 unicum
363 1901 532 1972 libertatis
557 1923 598 1972 ac
624 1892 955 1992 iustitiae'tempium
978 1901 1094 1983 fuerit,
1117 1922 1210 1972 nunc
1235 1913 1289 1973 ta-

202 2046 282 2094 men
313 2033 407 2094 tanto
437 2022 518 2093 beili
545 2033 639 2094 metu
667 2015 848 2117 quatitur,¹
878 2034 914 2093 ut
943 2030 1127 2115 praeterea,
1151 2031 1290 2095 utcum-

201 2167 270 2235 que
303 2166 422 2236 pacem
456 2145 635 2236 pristinam
671 2146 902 2238 recipiatur
927 2167 970 2216 ea
996 2143 1100 2215 sedes
1127 2143 1188 2214 tibi
1214 2147 1289 2238 pia-

202 2286 280 2335 0000
312 2265 423 2356 possit
455 2266 489 2334 in
522 2264 629 2335 dubio
659 2266 735 2336 sim.
770 2267 894 2338 Tuscia
919 2267 999 2337 olim
1028 2277 1198 2337 terrarum
1225 2266 1290 2336 sso-

203 2384 415 2467 rentissima,
429 2405 509 2477 quae
530 2396 567 2455 ut
589 2385 709 2458 Livius
730 2388 886 2459 meminit
905 2391 996 2459 tama
1015 2387 1163 2458 nominis
1184 2400 1289 2480 atque

202 2528 305 2600 opum
321 2504 484 2577 universa
502 2509 751 2599 compleverat,
766 2509 866 2580 cuius
885 2511 987 2602 longe
1004 2518 1086 2581 ante
1103 2532 1288 2583 romanum

202 2629 382 2722 imperium
409 2630 553 2703 felicitas
576 2642 706 2724 quanta
738 2632 802 2703 tuit
835 2635 942 2704 muita
976 2643 1161 2715 testantur;
1183 2643 1289 2727 atque

201 2752 285 2824 iliud
307 2752 340 2823 in
362 2754 496 2847 primis,
519 2754 712 2847 quodcum
734 2755 805 2828 duo
825 2755 933 2828 maria
959 2776 1038 2847 quae
1062 2755 1195 2826 ltaliam
1216 2755 1290 2827 cin·

203 2883 303 2967 gunt,
327 2875 520 2947 innumerae
545 2887 668 2970 gentes
694 2882 862 2962 accolant,
886 2876 1010 2950 Tuscia
1032 2878 1105 2947 sola
1126 2877 1290 2970 patienti-

204 2995 271 3069 bus
292 2999 441 3079 cunctis‚
470 3007 618 3091 utroque
644 3001 767 3092 pelago
793 3022 917 3072 nornen
940 3000 1036 3071 dedit
1056 3020 1135 3069 cum
1158 3000 1290 3070 saeculo

202 3119 421 3205 duraturum,
445 3121 547 3193 bodie
574 3122 661 3192 inter
687 3120 886 3212 ambiguam
908 3121 1103 3193 libertatem
1125 3120 1291 3193 sormida-

203 3253 346 3334 tomque
371 3243 553 3314 servitium
580 3243 739 3316 titubanti
766 3244 916 3334 vestigio
948 3265 1054 3336 quam
1087 3244 1121 3313 in
1156 3253 1289 3336 partem

202 3384 329 3435 casura
355 3366 401 3435 sit
425 3364 569 3437 dubitat.
597 3365 757 3437 Maritimi
780 3365 942 3457 Ligures,
965 3366 1065 3436 Floro
1089 3376 1197 3446 teste,
1220 3366 1292 3435 Va·

205 3507 281 3555 rum
308 3486 397 3558 inter
422 3510 462 3558 ac
487 3490 637 3558 Macram
660 3487 870 3586 habitantes,
892 3510 1041 3579 quorum
1068 3489 1146 3560 olim
1169 3486 1292 3559 Albiu-

204 3627 368 3696 gaunum
388 3610 489 3681 bodie
507 3621 611 3705 caput
628 3620 683 3682 est
703 3613 823 3693 ianua,
847 3610 894 3681 ita
916 3634 973 3682 res
995 3635 1079 3685 suas
1105 3621 1214 3704 agunt
1241 3612 1292 3685 sic

207 3744 363 3824 tempora
395 3734 601 3826 partiuntur,
642 3745 697 3817 ut,
737 3735 989 3806 consuetudine
1023 3735 1090 3807 iam
1125 3744 1288 3818 vetusta,

297 3939 305 3972 ¹
323 3941 353 3991 10
367 3941 425 3992 Cori,
440 3942 468 3993 t.
483 3940 548 3993 rtur.
562 3940 969 4008 nV1.sio.Bttt.taurem.qut
981 3943 1029 4007 [uit
1042 3942 1125 3993 Iacobi
1134 3956 1178 3992 seu
1188 3943 1251 4008 Lepi
1260 3944 1292 3993 de

206 4020 408 4086 Coatipiioocitio,
422 4023 454 4071 ud
467 4023 533 4073 verb.
545 4021 662 4083 Quatitur
673 4022 773 4086 iacitur,
787 4024 865 4087 ipsius
876 4038 954 4075 mauu
965 4026 1066 4089 scripto,
1080 4024 1131 4074 buc
1144 4023 1291 4075 adnotatio:

205 4103 267 4152 burn
282 4102 346 4153 banc
358 4104 491 4167 epistotam
504 4103 537 4154 de
549 4116 615 4155 novo
632 4104 723 4157 Padum
739 4104 851 4169 tegerem
869 4119 919 4170 ego
935 4102 1019 4170 Lepus
1034 4107 1068 4158 de
1084 4104 1291 4168 castiglioocbio,

204 4184 350 4246 supervenit
362 4196 393 4233 eo
406 4190 458 4233 trun
471 4197 577 4245 norum,
590 4186 659 4250 quod
672 4185 780 4249 inclytus
793 4198 839 4236 rex
853 4185 966 4246 Uogarim
983 4194 1010 4237 et
1023 4186 1161 4237 tanuenses
1174 4191 1201 4235 ct
1212 4184 1294 4236 domi·

205 4272 253 4310 nus
267 4260 399 4311 raduanus
409 4267 437 4310 ct
448 4260 489 4311 aiii
502 4261 541 4311 sui
553 4262 663 4326 coittgati
676 4269 884 4327 expugnaverunt
898 4269 992 4314 terram
1002 4264 1128 4328 Cbtoggiae
1139 4270 1165 4314 et
1177 4263 1294 4315 obtinue-

204 4347 271 4391 runt.
286 4341 336 4392 ties
348 4340 441 4404 quippe
453 4341 580 4393 miranda:
598 4349 658 4394 tunc
669 4356 746 4408 super
756 4343 807 4393 isto
818 4343 895 4393 verbo
906 4345 1020 4407 quatitur
1036 4343 1102 4395 dixi:
1119 4344 1141 4394 si
1156 4343 1294 4395 retractu

204 4428 291 4471 auctor
306 4421 411 4471 istarum
423 4421 584 4485 epistolarum
598 4424 709 4485 uiueret,
721 4424 789 4475 atiud
806 4424 883 4474 modo
900 4424 1011 4476 diceret:
1029 4431 1115 4488 posset
1132 4425 1218 4476 dicore
1236 4438 1294 4475 con·

204 4506 345 4567 quaeratur.
