2738 5062
349 613 442 663 arnan
464 611 970 667 ocrtvusnactttus.-artsronn
992 619 1055 667 rur.
1181 609 1241 672 tau

158 772 225 826 non
246 748 407 843 requirit:
428 768 509 820 sese
523 758 686 825 contenta
701 758 768 834 est,
787 750 863 846 ipsa
882 751 948 823 sibi
966 752 1129 827 calcaret
1148 750 1241 848 prae·

159 874 275 945 mium.
297 869 332 942 Si
354 870 438 965 quid
458 869 601 943 uberius
622 871 785 964 obtigerit
801 895 870 944 non
889 876 1051 947 amicitiae
1067 879 1143 949 iaus
1165 879 1240 950 fue·

156 994 212 1083 rit,
236 994 301 1067 sed
321 995 484 1066 fortunae:
507 994 597 1066 sicut
617 1016 686 1066 non
708 994 830 1067 metior
846 996 998 1089 piscator
1013 1008 1069 1071 est
1087 999 1152 1072 sed
1169 1000 1240 1073 for-

155 1116 321 1201 tunatior,
343 1116 398 1187 cui
419 1116 455 1186 iu
475 1115 672 1187 visceribus
694 1117 785 1209 capti
806 1117 912 1210 piscis
941 1117 1048 1215 iaspis
1074 1119 1238 1194 inventus

154 1248 220 1324 est,
241 1258 308 1309 nec
323 1245 469 1309 venator
485 1236 549 1308 tuit
566 1238 688 1309 melior
699 1240 758 1332 qui
773 1262 917 1312 avorum
938 1242 1153 1340 temporibus
1172 1243 1240 1317 sub

154 1359 280 1434 Arctoa
292 1358 406 1454 plaga,
422 1357 452 1431 si
467 1369 581 1430 tamen
595 1380 679 1431 vera
693 1362 782 1433 fama
796 1371 865 1446 est,
880 1385 1024 1435 cervum
1041 1375 1164 1459 torque
1175 1389 1239 1439 au·

153 1484 318 1559 reocirca
331 1484 457 1555 cottum
472 1481 587 1576 coepit,
610 1483 645 1554 in
666 1504 744 1577 quo,
767 1495 806 1554 ut
825 1484 1016 1578 perhibent,
1038 1489 1238 1560 vetustissi-

153 1608 219 1681 mis
238 1607 362 1680 fitteris
384 1605 551 1699 scriptum
569 1615 659 1679 erat:
678 1628 773 1677 nemo
791 1629 843 1677 mc
860 1608 984 1700 cupiat,
1004 1629 1108 1701 quem
1127 1610 1235 1682 Iulius

151 1730 273 1805 casur-
292 1728 439 1801 iiberum
461 1749 543 1801 esse
567 1728 680 1801 iussit.
707 1727 812 1801 Aliud
838 1728 967 1822 agebat
986 1731 1151 1823 agricola,
1178 1731 1235 1804 cui

152 1850 220 1927 sub
237 1850 389 1925 ianiculo
409 1860 535 1923 terram
556 1851 710 1923 molienti
730 1863 893 1946 septenos
914 1850 1020 1923 libros
1041 1871 1177 1945 graecus
1193 1877 1235 1927 ac

150 1974 289 2059 latinos,
310 1983 346 2046 et
365 1974 489 2045 Numae
509 1972 664 2065 Pompilii
687 1973 781 2065 regis
803 1973 944 2046 bustum
967 1995 1072 2047 casus
1098 1977 1232 2049 obtulit.

149 2096 250 2191 Sarpe
274 2116 331 2167 me
356 2096 471 2168 vineae
491 2097 605 2167 fossor
624 2096 745 2167 Romae
778 2097 862 2167 adiit
894 2118 1067 2188 gemmam
1101 2099 1233 2193 antiqui

149 2219 330 2317 temporis,
357 2226 418 2290 aut
441 2238 586 2291 aureum
613 2230 888 2312 argenteumque
918 2242 1101 2293 nummum
1127 2245 1233 2295 manu

149 2348 287 2426 terem,
307 2360 554 2432 nonnunquam
574 2339 685 2432 rigido
701 2339 805 2412 dente
824 2341 949 2433 ligonis
966 2342 1135 2429 attritum,
1157 2347 1233 2418 sire

147 2470 187 2535 ut
198 2482 368 2545 emerem,
383 2460 459 2532 sive
472 2470 511 2532 ut
523 2462 713 2556 insculptos
727 2486 848 2536 cortun
862 2467 980 2537 vultus
994 2488 1229 2557 agnoscerem.

146 2586 357 2661 Fortunatus
384 2608 479 2682 saepe
504 2587 727 2673 architectus,
755 2590 839 2663 dum
869 2590 1094 2663 fundamento
1115 2592 1229 2662 stabili

148 2710 269 2783 sedam
287 2709 423 2805 quaerit,
443 2731 566 2781 urnam
587 2731 729 2782 auream
750 2709 997 2805 defossumque
1016 2711 1084 2783 sub
1101 2720 1228 2784 terram

146 2832 275 2930 reperit
294 2832 507 2905 thesaurum.
530 2830 722 2926 Quisquam
749 2852 792 2904 ne
818 2831 942 2903 horum
964 2833 1155 2907 adventitio
1175 2837 1228 2907 lu-

144 2976 206 3028 cro
222 2955 348 3027 famam
362 2975 438 3027 suae
452 2955 536 3027 artis
554 2966 614 3027 aut
632 2952 758 3046 ingenii
780 2965 988 3026 consecutus
1008 2959 1086 3027 esti
1106 2956 1228 3027 Fortu·

143 3098 202 3151 nae
222 3076 313 3151 dona
334 3086 417 3149 sunt
437 3078 512 3149 haec
532 3098 600 3149 nou
622 3076 799 3149 hominum
820 3076 959 3149 faudes:
978 3080 1155 3169 multoque
1174 3078 1227 3150 di-

144 3200 248 3293 guius
267 3196 372 3271 babet
387 3198 529 3271 artificis
550 3221 686 3283 nomen,
706 3221 810 3291 quem
831 3198 896 3269 rite
913 3199 1028 3270 omnia
1044 3198 1225 3271 facientem

143 3320 264 3418 vipera
283 3322 446 3393 cavernis
467 3323 566 3416 lapsa
586 3320 765 3402 deterruit,
792 3341 897 3413 quam
923 3320 953 3390 is
973 3342 1076 3413 quem
1096 3328 1225 3394 temere

142 3453 265 3516 cuncta
278 3443 481 3515 miscentem
496 3443 612 3516 latenti
618 3464 634 3514 s
644 3443 718 3514 auri
733 3442 895 3514 fortuitus
908 3444 1106 3535 fulgoriaeta
1116 3444 1227 3516 admi-

140 3566 274 3639 ratione
290 3564 481 3659 suspendit.
500 3566 596 3638 ldcm
613 3568 647 3637 in
665 3566 824 3638 amicitiis
841 3565 1026 3640 dicendum
1043 3577 1108 3640 est.
1126 3568 1224 3658 Efegi

140 3688 292 3761 amicum
317 3687 521 3784 prudenter,
546 3688 663 3761 amavi
688 3691 876 3773 ferventer,
903 3690 991 3764 cotui
1019 3690 1222 3781 diiigenter,

139 3809 245 3884 fidem
266 3811 310 3884 ad
327 3822 523 3883 extremum
542 3811 699 3907 praestiti.
718 3814 802 3884 Haec
820 3813 904 3883 mihi
923 3813 1070 3884 amicitia
1088 3810 1223 3882 labores

138 3933 263 4018 attulit,
281 3954 385 4006 curas
402 3944 507 4027 atque
527 3932 693 4027 pericula:
715 3935 830 4004 nulius
853 3933 909 4003 hic
928 3954 1025 4005 error
1045 3931 1220 4017 amicitiae,

138 4054 205 4130 scd
224 4057 374 4128 fortunae
393 4065 459 4128 est.
482 4057 540 4127 itte
560 4055 651 4127 idern
673 4054 847 4150 praestitit,
868 4055 930 4126 sed
949 4054 993 4126 ob
1010 4075 1087 4125 eam
1109 4051 1220 4146 ipsam

138 4176 326 4250 amicitiam
340 4178 473 4251 honore
486 4191 622 4263 auctus,
641 4197 723 4249 aere
739 4175 870 4248 ditatus
887 4188 953 4248 est.
973 4177 1043 4247 lam
1061 4174 1134 4246 dixi
1153 4180 1222 4248 for-

138 4302 291 4374 tunatior
309 4302 468 4385 fortasse,
496 4321 563 4372 non
590 4300 710 4372 melior
734 4308 790 4370 est
813 4298 956 4371 amicus.
987 4298 1086 4370 After
1105 4309 1219 4371 autem

138 4422 322 4497 amicitiam
358 4422 535 4494 simulavit
569 4420 743 4514 iidemque
777 4420 859 4494 dum
892 4420 1040 4514 fingeret
1073 4417 1216 4498 iurauit,
