2738 5062
347 706 438 756 nrum
459 706 941 760 saxrusneoruus.-nrrsronn
962 712 1024 761 rur.
1163 703 1221 765 389

146 854 332 938 expectare
344 866 450 936 cogar
464 847 517 915 vel
532 845 654 916 lulium
673 847 727 916 vel
746 844 980 916 Decembrem.
999 846 1220 939 Digredimur

146 966 343 1039 valedicto.
362 966 448 1035 Turn
467 965 614 1058 primum
634 966 728 1037 sensi
749 964 805 1037 ubi
824 986 951 1037 essem.
971 968 1110 1039 lnlerim
1128 972 1219 1041 enim

145 1088 293 1159 durante
313 1086 482 1177 colloquio
504 1088 623 1157 Rornae
642 1086 698 1169 lui,
721 1086 892 1179 visusque
914 1108 992 1158 sum
1013 1090 1138 1160 Metelli
1158 1091 1221 1161 Ce-

145 1207 267 1289 ciliam,
288 1215 323 1277 et
343 1205 453 1277 Fulvii
473 1206 666 1297 Sulpiciam,
689 1215 725 1276 et
743 1205 887 1279 Gracchi
909 1206 1102 1281 Corneliam
1123 1212 1221 1284 vide-

146 1350 197 1410 re,
220 1335 256 1397 et
276 1327 414 1397 Catonis
434 1325 603 1408 Martiam,
625 1337 661 1396 et
682 1328 852 1399 AEmiliam
873 1330 1023 1403 Africani
1045 1341 1220 1426 totamque

145 1448 236 1519 illam
266 1449 374 1518 aciem
401 1448 587 1518 illustrium
612 1459 768 1520 veterum
798 1449 1026 1530 seminarum;
1059 1454 1150 1539 sive,
1182 1465 1220 1526 ut

144 1570 405 1641 convenientius
431 1570 476 1641 ad
505 1591 577 1640 rem
605 1571 727 1662 loquar
755 1582 790 1641 et
814 1571 907 1641 aetati
934 1586 1064 1645 nostrae
1090 1576 1216 1668 aptius,

145 1698 318 1765 Romanas
339 1692 465 1763 Christi
486 1692 642 1783 virgines
661 1694 824 1778 Priscam,
847 1694 1061 1781 Prassedem,
1083 1700 1219 1772 Puden-

145 1815 447 1897 tianam,Ceciliam
461 1823 496 1884 et
512 1812 692 1905 Agnetem.
708 1816 792 1888 lnde
805 1816 995 1908 digressus
1011 1821 1088 1890 luce
1100 1824 1219 1914 proxi·

145 1960 200 2008 ma
225 1939 364 2007 tratrem
391 1934 473 2017 vidi,
501 1934 624 2017 virum,
652 1935 717 2006 nisi
743 1958 798 2007 me
824 1958 922 2007 amor
946 1939 1041 2022 fallit,
1064 1941 1218 2013 omnium

145 2079 232 2150 quos
251 2056 384 2128 vidisse
403 2054 618 2125 meminerim
637 2054 725 2126 inter
745 2059 955 2150 procellosas
977 2058 1097 2130 mundi
1114 2062 1219 2131 mise-

145 2177 214 2248 rias
237 2176 433 2248 felicissime
451 2176 683 2266 navigantem,
702 2177 804 2248 etsie
824 2200 844 2248 a
867 2181 1012 2250 terrenis
1032 2182 1216 2267 elevatum,

144 2309 248 2392 atque
269 2299 315 2368 ita
342 2298 562 2389 dispositum,
592 2306 628 2368 ut
649 2308 684 2368 et
704 2298 738 2368 in
759 2300 831 2369 vita
858 2299 1007 2371 hominis
1033 2300 1123 2372 illius
1144 2303 1237 2375 lau·.

144 2422 246 2492 detur
266 2423 374 2502 Dens,
399 2429 434 2490 et
454 2440 521 2510 ego
544 2441 753 2511 quamquam
782 2421 960 2514 proposito
986 2422 1086 2514 longe
1108 2423 1219 2515 impar

143 2565 185 2614 ao
205 2541 371 2624 moribus,
400 2540 603 2612 erubescam
629 2541 769 2634 quidem
797 2543 841 2614 ab
869 2543 988 2614 ultimo
1015 2543 1215 2636 praeveniri,

141 2667 312 2758 gaudeam
335 2672 451 2734 tamen
471 2683 512 2732 ac
532 2663 657 2753 glorier
677 2663 761 2732 milri
787 2665 887 2734 talem
914 2664 1093 2754 sanguinis
1114 2672 1218 2755 atque

142 2787 229 2857 uteri
247 2785 358 2856 luisse
373 2792 580 2856 consortem.
596 2785 667 2854 lllio
685 2783 773 2855 inter
789 2804 974 2873 germanos
992 2783 1217 2874 quinquennii

141 2905 349 2998 postliminio
370 2907 610 2977 reconiunctos
628 2906 768 2993 longum
786 2925 847 2996 pro
865 2911 1019 2995 tempore
1036 2903 1217 2996 cupidum-

141 3049 212 3119 que
230 3028 439 3119 colloquium
457 3029 542 3098 luit:
564 3029 671 3098 multa
691 3026 799 3098 ibide
819 3025 951 3108 multis,
975 3024 1040 3096 sed
1059 3025 1103 3096 de
1124 3027 1216 3098 nullo

141 3151 366 3242 pluraquam
389 3149 561 3222 deLaelio
588 3159 728 3231 nostr-03
754 3148 901 3241 qualiter
926 3148 1061 3216 fortuna
1089 3157 1213 3229 tecum,
1323 3178 1337 3201 ·

141 3270 288 3363 qualiter
308 3282 343 3364 tu
365 3294 444 3343 cum
466 3272 532 3356 illa,
553 3271 638 3363 quid
658 3292 797 3362 ageres,
820 3268 878 3339 ubi
899 3288 1015 3350 esses,
1037 3287 1142 3357 quam
1163 3266 1217 3335 vi-

141 3405 186 3464 tae
207 3395 298 3466 viam
321 3394 530 3487 sequereris,
556 3393 642 3486 quid
661 3393 706 3464 de
731 3411 934 3484 progressu,
967 3388 1051 3480 quid
1076 3387 1121 3459 de
1146 3386 1216 3460 fine

139 3500 354 3607 disponeres,
372 3538 477 3608 quam
498 3528 529 3587 te
546 3515 595 3586 tui
614 3514 760 3586 similem
778 3511 975 3584 exhiberes.
995 3509 1057 3582 Cui
1074 3532 1154 3581 cum
1170 3509 1216 3581 ad

141 3637 276 3728 singula
296 3637 565 3731 respondissem,
587 3637 753 3709 laetiorem
770 3656 875 3728 quam
894 3633 1095 3706 inveneram
1114 3633 1215 3705 dimi·

142 3756 193 3828 si:
213 3780 318 3849 quam
342 3780 427 3830 vero
456 3771 490 3830 te
517 3761 652 3832 salvere
672 3759 789 3853 cupiat
815 3757 903 3828 scire
924 3768 957 3828 te
984 3756 1132 3829 arbitror
1158 3775 1214 3827 mo

142 3878 253 3950 tacito.
275 3880 368 3951 Vale.

282 4023 325 4076 nd
340 4023 444 4079 sontem
460 4025 573 4095 Surgiae,
588 4025 662 4079 lllll.
680 4025 818 4079 Kalendas
832 4023 926 4077 Maias.
