2738 5062
148 611 185 673 tl
488 616 530 664 ua
551 614 651 669 curus
673 614 895 663 rnatumamus

146 763 242 832 furor
256 765 372 828 noster
385 756 452 825 late
466 762 579 836 notus,
593 760 628 822 et
642 770 705 820 nos
715 770 877 820 essemus
888 751 1091 842 populorum
1099 751 1226 824 fabula.

147 881 314 967 Quotiens
335 877 489 972 syllabas
510 874 769 944 contorsimus‘l
793 871 954 963 quotiens
981 872 1089 945 verba
1115 864 1229 945 tmus-

147 1004 312 1077 tulimus‘?
323 997 475 1090 denique
488 995 572 1089 quid
586 1017 653 1066 nou
666 994 819 1077 lecimus
836 1005 874 1064 ut
887 1016 984 1064 amor
995 993 1062 1078 ille,
1077 1017 1183 1087 quem
1197 995 1227 1067 si

146 1126 354 1215 extinguere
373 1142 443 1191 non
464 1128 549 1203 erat,
572 1129 607 1188 at
625 1120 749 1188 saltem
769 1118 837 1209 tegi
851 1116 1062 1189 verecundia
1074 1117 1225 1202 iubebat,

146 1244 373 1342 plausibiliter
396 1244 600 1314 caneretur?
614 1238 859 1311 Laudabamur
878 1237 912 1309 in
931 1236 1056 1310 studiis
1079 1239 1225 1324 nostris,

145 1380 180 1441 et
209 1366 321 1461 capita
347 1362 568 1438 delirantium
606 1360 796 1454 peccatoris
829 1361 943 1432 oleum
976 1359 1227 1455 impinguabat.

145 1491 215 1562 Sed
234 1487 415 1560 ineffabilis
433 1486 492 1556 bei
511 1485 620 1577 pietas
642 1503 788 1575 gressus
810 1490 888 1553 tuos
910 1482 1042 1553 interea
1061 1483 1229 1575 pedeten-

144 1613 206 1683 tim
226 1609 411 1681 revocabat
430 1607 474 1678 ad
497 1617 628 1677 rectum
654 1605 732 1690 iter,
759 1615 795 1677 et
821 1604 979 1676 satietate
1004 1624 1122 1674 rerum
1147 1625 1229 1698 per-

143 1731 297 1805 euntium
319 1750 476 1826 praeceps
494 1728 578 1799 illud
595 1727 809 1800 desiderium
826 1726 1030 1818 castigabat,
1046 1736 1084 1796 ut
1097 1725 1228 1799 scilicet

143 1855 296 1928 diversis
312 1851 477 1924 aetatibus
501 1849 684 1941 utrobique
697 1850 822 1933 incola,
836 1849 921 1943 quid
933 1849 1121 1920 interesset
1136 1848 1228 1920 iuter

143 1977 355 2073 Babylonem
403 1985 509 2067 atque
556 1973 745 2045 ierusalem
792 1981 961 2065 expertus
1004 1990 1226 2063 agnosceres.

143 2102 172 2168 O
193 2099 391 2169 misericors
411 2099 515 2178 Deus
538 2118 642 2188 quam
664 2095 766 2168 tacite
787 2093 953 2179 consulis,
973 2115 1079 2186 quam
1092 2095 1228 2165 occulte

145 2217 327 2302 subvenis,
342 2238 446 2309 quam
461 2216 708 2287 insensibiliter
722 2217 893 2290 mederis!
911 2216 1002 2300 Quid
1013 2214 1104 2286 euim
1121 2215 1226 2288 lautis

144 2340 335 2422 laboribus,
355 2338 445 2410 bone
464 2338 559 2421 lesu,
578 2338 664 2429 quid
678 2337 771 2410 aliud
785 2339 852 2409 nisi
865 2359 1018 2409 amorem
1034 2341 1225 2422 mortalem,

144 2463 250 2533 immo
270 2483 355 2532 vero
377 2461 590 2531 mortiferum
613 2460 840 2551 petebamus?
859 2458 959 2530 cuius
985 2478 1049 2530 uos
1069 2460 1224 2532 fallacem

143 2595 179 2657 et
204 2584 321 2654 multis
349 2581 505 2653 sentibus
530 2580 680 2653 obsitam
707 2581 914 2653 suavitatem
940 2581 1109 2672 attingere
1130 2604 1224 2653 sum-

143 2715 305 2778 motenus
327 2702 530 2796 permisisti,
553 2726 596 2774 ne
618 2703 752 2795 grande
771 2703 902 2796 aliquid
920 2703 1113 2796 inexpertis
1127 2703 1225 2776 vidc-

143 2839 255 2899 retur:
276 2833 311 2897 et
339 2848 381 2896 ne
409 2835 502 2897 tanta
527 2835 624 2897 esset
649 2835 688 2895 ut
711 2825 932 2919 opprimeret,
956 2824 1224 2896 misericorditer

142 2950 341 3042 providisti,
354 2949 487 3022 deliciis
508 2949 637 3020 nostris
659 2947 808 3020 emedio
826 2947 984 3032 sublatis,
999 2969 1079 3018 cum
1094 2948 1222 3041 quibus

142 3073 289 3146 dextera
297 3085 355 3146 tua
367 3094 448 3166 spes
457 3082 725 3143 nostraseterra
736 3089 836 3163 paene
846 3069 1221 3163 radicitusextirpauit.

79 3239 81 3242 >
142 3195 287 3266 luvenili
310 3205 413 3265 aetate
432 3192 603 3264 revocasti
621 3212 695 3274 eas,
712 3202 821 3264 morte
835 3191 975 3285 quidem
989 3190 1222 3283 utspcroillls
1301 3190 1303 3199 ⁴

141 3315 225 3396 utili,
238 3313 338 3384 nobis
353 3312 613 3384 necessarialit
625 3311 797 3384 abstulisti
810 3334 831 3383 a
844 3310 944 3384 nobis
958 3312 1153 3384 animarum
1162 3334 1223 3385 nc

142 3444 295 3505 strarum
305 3434 453 3505 vincula.
467 3435 511 3504 Et
524 3443 649 3518 tamen,
665 3455 793 3506 ocoeca
803 3455 904 3504 mens
917 3433 1223 3527 mortaliumlquo-

141 3557 232 3627 tiens
250 3556 364 3649 questi
385 3577 507 3628 sumus
524 3556 626 3649 quasi
646 3567 727 3627 ante
750 3565 887 3651 tempus
914 3554 1098 3627 accidisset
1128 3555 1223 3648 quod

140 3700 219 3748 cum
232 3678 462 3749 summovitae
473 3686 603 3750 nostrae
616 3677 816 3749 discrimine
829 3676 1110 3762 trahebatur,aut
1121 3676 1222 3771 quasi

141 3802 294 3871 salutare
314 3801 445 3893 aliquid
465 3801 747 3894 intempestivum
767 3799 828 3871 sit!
844 3800 937 3883 Quot
956 3799 1120 3893 suspiria,
1137 3813 1224 3894 quot

139 3924 305 4007 lamenta,
329 3933 413 4016 quot
434 3923 593 3995 lacrimas
620 3923 653 3992 in
680 3932 806 3993 ventos
832 3921 1033 4006 effudimus,
1063 3931 1100 3992 et
1125 3943 1222 3994 more

139 4044 420 4136 phreneticorum
438 4043 571 4115 medico
587 4054 707 4117 nostro
728 4046 950 4129 iusultantes,
969 4066 1110 4115 manum
1125 4054 1219 4117 tuam

140 4166 346 4260 repulimus,
374 4168 522 4238 lenimen
549 4167 717 4259 optimum
743 4165 873 4237 nostris
896 4165 1101 4237 vulneribus
1122 4166 1222 4238 adbi-

138 4287 294 4358 benteml
319 4288 415 4359 Nunc
436 4309 534 4378 ergo,
553 4287 610 4359 die
631 4288 725 4372 mibi,
740 4288 878 4360 virDeo
891 4311 938 4360 ex
958 4289 1059 4360 hoste
1075 4288 1221 4360 familia·

140 4411 201 4495 ris,
223 4433 269 4482 ox
287 4409 492 4483 adversario
510 4410 615 4494 civiS,
637 4411 694 4482 dic
714 4412 812 4495 milri,
828 4412 991 4504 quoniam
1008 4420 1044 4481 et
1059 4411 1127 4482 ista
1140 4432 1220 4503 per-
