2738 5062
527 654 568 702 DE
590 652 690 703 REBUS
713 654 935 703 resumamus

612 941 789 1004 EPISTULA
809 942 854 1004 lx.

275 1125 469 1177 Fatuclscus
490 1125 658 1173 Parauaea
681 1125 816 1174 zuaoulo
837 1125 1040 1175 Fuoaunrra'o
1061 1126 1087 1175 S.
1111 1128 1140 1175 Ρ.
1164 1129 1199 1178 D.

295 1284 476 1341 Commendat
491 1284 647 1339 coenobium
661 1283 762 1338 Montis
777 1284 839 1337 Riri
855 1289 885 1338 ut
903 1283 976 1353 regia
989 1284 1179 1355 patrocinium

636 1373 676 1426 illi
694 1373 828 1427 conciliet.

296 1644 326 1713 Α
350 1642 526 1737 Babylone
552 1640 744 1710 novissima
775 1639 926 1710 Nicaeam
953 1638 1035 1708 Vari
1070 1638 1286 1734 Italiamque

198 1766 395 1860 petentibus
415 1764 482 1836 viae
499 1763 612 1835 medio
629 1765 724 1833 locus
742 1770 797 1833 est
812 1760 1034 1831 dextrorsum
1054 1760 1178 1831 decem
1197 1784 1284 1855 pas·

199 1910 301 1960 suum
323 1886 474 1958 millibus
499 1885 696 1967 submotus,
724 1884 881 1974 interque
908 1902 1113 1953 nemorosos
1139 1895 1283 1959 montes

199 2021 235 2080 et
253 2020 435 2080 montanos
458 2007 551 2079 rivos
572 2007 721 2089 abditus,
739 2017 776 2077 et
795 2026 816 2075 e
836 2003 905 2074 situ
923 2002 999 2096 ipso
1019 2002 1143 2089 dictus
1167 2015 1206 2077 ut
1223 2028 1284 2079 ar-

200 2129 323 2210 bitron
345 2130 445 2198 Mons
463 2127 572 2197 Rivus
598 2127 692 2197 enim
718 2127 792 2196 loco
814 2144 948 2195 nomen.
977 2126 1110 2195 Domm
1137 2128 1283 2220 antiqua

200 2249 393 2320 Carthusiae
409 2257 444 2317 et
462 2271 567 2342 prope
584 2248 629 2319 ab
647 2248 737 2319 illius
755 2247 887 2319 ordinis
906 2247 1047 2318 lundata
1065 2248 1279 2340 primordiis.

199 2368 362 2439 Geminos
382 2371 505 2438 iratres
527 2372 641 2439 lerunt
659 2370 849 2441 lanuenses
868 2368 978 2462 patria
999 2377 1074 2440 arte
1095 2369 1281 2461 navigato-

203 2512 259 2562 res
280 2499 317 2561 et
336 2500 537 2573 mutatores
564 2500 600 2559 ul
620 2492 750 2561 Lucani
776 2490 884 2561 verbo
909 2500 1002 2575 utar,
1024 2492 1173 2562 alterum
1194 2493 1281 2565 ane

202 2614 348 2684 alterum
374 2611 536 2701 Occidoae
562 2611 687 2683 mercis
717 2611 865 2683 eximios
892 2614 1012 2684 luisse.
1040 2610 1108 2682 Alii
1135 2614 1278 2706 quidem

202 2735 301 2806 aliter
313 2745 467 2807 narrant:
484 2732 578 2819 lidos,
595 2744 632 2806 ut
645 2734 712 2805 dici
727 2737 822 2817 solet,
838 2757 946 2829 pones
955 2744 1114 2806 auctores
1126 2746 1278 2807 maneat.

203 2858 278 2949 Ego
295 2859 438 2928 referam
454 2858 548 2950 quod
565 2857 694 2930 audivi.
713 2858 872 2926 Solemne
887 2856 941 2926 his
957 2856 1060 2926 simul
1077 2855 1182 2929 domo
1199 2878 1280 2950 pro-

204 2977 327 3063 ficisci,
355 3001 503 3071 cumque
529 2982 615 3052 alter
644 2979 689 3051 ab
712 2989 804 3063 ortu,
830 2981 917 3050 alter
942 2979 987 3049 ab
1012 3000 1140 3050 occasu
1175 2982 1280 3074 longo

204 3111 282 3195 post
301 3111 453 3196 temporo
472 3102 666 3185 rediissent,
685 3102 719 3172 in
739 3101 846 3194 patria
866 3101 1059 3186 convenire,
1079 3100 1124 3172 ibi
1140 3124 1198 3173 res
1211 3105 1279 3175 for-

205 3236 375 3318 tunasque
409 3245 492 3296 suas
526 3244 719 3306 recensere,
746 3233 863 3314 atque,
895 3230 932 3291 ut
957 3221 1074 3293 talium
1104 3246 1180 3295 mos
1206 3236 1276 3309 est,

203 3344 365 3415 omnihus
386 3345 450 3415 rite
470 3345 658 3437 dispositis,
679 3365 816 3415 rursum
835 3344 968 3436 digredi
984 3356 1019 3416 et
1037 3346 1145 3417 maria
1164 3356 1279 3418 reten-

205 3475 288 3537 tare.
323 3467 361 3537 ld
389 3490 468 3538 cum
496 3488 592 3562 saepe
623 3467 788 3538 iecissent
813 3467 1028 3561 propitiaque
1061 3469 1197 3538 fortuna
1225 3470 1280 3540 usi

204 3606 350 3677 magnas
370 3588 605 3678 honestasque
630 3586 769 3659 divitias
794 3597 1062 3678 aggregassent,
1088 3589 1279 3680 contigisse

204 3721 242 3780 ut
267 3709 322 3779 ille
343 3708 389 3779 ab
413 3706 543 3778 oriente
572 3709 704 3802 primus
729 3709 888 3792 rediens,
915 3710 1007 3783 hunc
1032 3709 1077 3780 ab
1100 3708 1280 3783 occidente

207 3841 390 3901 ventorum
411 3829 548 3901 audiret
568 3830 777 3922 applicuisse
794 3832 959 3905 Massilia>
974 3860 980 3902 :
999 3854 1103 3925 quem
1120 3854 1201 3903 cum
1219 3833 1281 3905 ali-

205 3953 359 4042 quandiu
379 3956 509 4025 frustra
528 3952 733 4024 solicitatum
754 3953 876 4025 litteris
904 3963 1140 4047 expectasset,
1164 3953 1280 4047 suspi-

204 4083 318 4144 catum
343 4076 429 4147 sorte
458 4074 598 4167 aliquid,
634 4084 669 4144 et
695 4086 734 4147 ut
759 4085 815 4146 est
838 4074 1014 4145 hominum
1041 4094 1153 4164 genus
1179 4072 1277 4156 illud,

206 4215 313 4267 morae
334 4197 526 4290 impatiens,
551 4198 787 4291 temporisque
808 4194 1066 4292 parcissimum,
1085 4194 1200 4286 ipsum
1219 4212 1283 4285 po-

204 4328 333 4387 stremo
362 4317 550 4389 Massiliam
577 4320 735 4403 venisse,
764 4318 973 4408 inventoque
998 4319 1113 4398 fratre,
1138 4313 1281 4387 mutatis

201 4439 294 4512 coris
316 4460 356 4510 ao
376 4440 510 4524 studiis,
531 4461 622 4533 pene
643 4440 720 4523 alio,
743 4438 904 4510 miratum
924 4435 1135 4530 quaesivisse
1148 4434 1283 4529 etquid
