2738 5062
340 712 432 760 ntuetr
453 712 951 770 QUlrtrusttuclth.-ut²lsrotl
978 717 1029 765 vll.
1167 705 1221 766 331

144 849 279 920 externi
301 846 380 917 belli
402 845 482 917 finis
503 848 706 941 principium
729 847 774 918 sit
793 847 921 930 civilis,
944 851 1040 942 quod
1065 873 1109 922 ne
1134 874 1226 922 nunc

144 971 291 1053 accidat,
318 991 380 1041 eos
410 979 478 1040 tam
505 968 636 1041 efficaci
664 971 807 1054 utinam,
830 992 934 1062 quarn
963 969 1055 1043 fideli
1081 975 1225 1068 epistola

143 1116 254 1189 nuper
274 1093 432 1164 hortatus
454 1113 543 1164 sum.
565 1096 738 1165 Hactenus
756 1104 871 1166 tamen
889 1104 1021 1167 tractus
1041 1098 1097 1170 ille
1118 1109 1226 1171 terra·

145 1239 220 1288 rum
243 1217 344 1286 simul
366 1228 401 1287 et
419 1217 569 1288 adversa
589 1238 670 1308 pars
688 1216 796 1287 ltaliae
816 1238 898 1309 quae
919 1218 1054 1312 Illyrico
1074 1220 1224 1303 adiacet,

144 1358 270 1429 magno
290 1337 457 1409 bellorum
480 1339 621 1419 tonitru,
645 1360 708 1409 nec
729 1358 848 1430 parvae
875 1339 1004 1430 stragis
1030 1340 1139 1412 imbre
1164 1342 1226 1414 de-

144 1461 305 1532 saeviunt.
314 1458 438 1531 Adhuc
450 1459 553 1543 enim,
569 1470 607 1531 ut
621 1458 927 1544 vides,lanuenses
939 1471 975 1533 et
986 1463 1108 1534 Veneti
1121 1463 1156 1533 in
1170 1484 1226 1535 ar·

144 1582 209 1653 mis
226 1591 322 1663 sunt;
338 1583 401 1665 sic,
422 1603 466 1653 ne
482 1581 567 1674 quid
578 1604 625 1653 ex
637 1591 758 1655 nostro
772 1605 867 1655 more
880 1584 1054 1676 depereat
1071 1585 1225 1658 rodimus

143 1704 369 1798 rodimurque
405 1703 573 1787 vicissim,
598 1715 634 1775 et
659 1727 722 1777 nos
751 1706 843 1797 ipsos
871 1717 992 1780 mutuo
1018 1710 1224 1780 laceramus.

143 1827 263 1899 Omnis
283 1829 387 1922 plaga
403 1825 593 1898 Picentium
614 1848 762 1918 quorum
785 1826 889 1899 modo
909 1826 1041 1912 Ancon,
1063 1831 1158 1913 olim,
1188 1838 1225 1901 ut

113 1946 117 1953 ’
144 1951 265 2021 Florus
286 1950 379 2023 idem
400 1949 463 2032 ait,
486 1947 652 2020 Asculum
668 1959 768 2044 caput
787 1961 876 2034 erat,
898 1972 1035 2044 semper
1051 1951 1224 2044 ambiguis

143 2072 335 2144 animorum
355 2069 520 2143 fluctibus
539 2083 694 2142 aestuans
716 2071 1005 2165 reciprocansque
1030 2073 1223 2160 colliditur,
1248 2141 1249 2144 ,

144 2204 179 2265 et
200 2195 265 2267 soli
284 2193 403 2289 optimi
425 2195 542 2266 nativa
563 2193 718 2266 fertilitas
737 2195 921 2267 colentium
943 2195 1083 2288 ingenio
1102 2196 1226 2288 depra-

144 2327 256 2387 vatur.
276 2317 511 2388 Pulcherrima
531 2317 588 2388 illa
608 2315 805 2408 Campania,
826 2316 859 2386 in
882 2340 951 2410 qua
971 2317 1050 2387 olim
1070 2319 1225 2391 Plotinus

144 2435 199 2509 ille
220 2438 275 2509 vir
295 2439 471 2510 maximus
492 2438 610 2511 sedem
626 2442 791 2532 praeclaro
804 2439 874 2511 otio
886 2440 1028 2532 delegit,
1047 2465 1116 2534 qua
1139 2444 1225 2514 ller-

143 2560 239 2632 nicos
258 2571 362 2654 atque
382 2560 545 2654 Algidum
567 2561 664 2634 videt
687 2585 756 2634 non
781 2563 848 2644 iam
876 2562 1122 2659 philosophicis
1143 2573 1224 2658 apta

143 2684 356 2770 secessibus,
384 2686 447 2758 sed
470 2685 530 2756 vix
551 2686 744 2758 viatoribus
766 2695 853 2767 tuta,
880 2698 936 2758 est
960 2687 1061 2777 vagis
1088 2708 1226 2781 semper

143 2807 290 2880 obsessa
323 2808 539 2891 latrunculis;
572 2830 641 2902 qua
673 2830 758 2881 vero
796 2809 948 2900 Capuam
977 2809 1224 2901 Neapolimque

143 2927 380 3021 complectitur
400 2939 437 3001 et
456 2930 594 3001 nomine
613 2930 755 2999 nimium
777 2949 939 3021 praesago
956 2929 1059 3001 Terra
1078 2929 1223 3003 Laboris

143 3049 210 3120 dici
235 3050 353 3143 coepit,
375 3073 592 3124 communem
620 3051 723 3124 modo
747 3073 826 3122 cnm
853 3050 997 3145 Appulis
1024 3051 1223 3145 brutiisque

141 3185 177 3245 el
197 3174 351 3247 Calabris
372 3185 512 3268 totoque
543 3195 651 3267 regno
684 3174 809 3246 Siciliae
839 3183 965 3245 sortem
988 3173 1108 3243 habet:
1130 3175 1222 3247 intus

140 3297 232 3368 enim
253 3309 357 3390 atque
377 3307 479 3370 extra
498 3298 692 3370 concutitur
704 3318 744 3370 ac
757 3297 900 3368 laborat.
915 3294 1043 3366 Habuit
1059 3294 1220 3389 equidem

139 3417 234 3490 orbis
255 3420 311 3491 ille
332 3440 434 3492 suurn
457 3421 566 3492 solem
588 3418 776 3490 Robertum
798 3440 974 3489 summum
997 3417 1091 3489 illum
1113 3427 1149 3488 et
1168 3417 1222 3488 vi·

141 3563 217 3612 rum
238 3551 274 3612 et
294 3563 427 3633 regem,
456 3544 516 3636 qui
548 3565 618 3637 quo
649 3541 705 3614 die
741 3539 846 3613 rebus
866 3541 1028 3613 humanis
1054 3537 1220 3620 excessit,

140 3664 234 3758 quod
259 3666 303 3738 de
327 3667 469 3739 Platone
488 3668 626 3750 dieitur,
654 3667 707 3737 sol
731 3666 819 3739 coelo
843 3662 1015 3736 cecidisse
1049 3663 1159 3733 visus.
1187 3662 1222 3731 Si

140 3785 223 3857 mihi
250 3809 319 3860 non
344 3786 471 3874 credis,
499 3789 670 3881 agricolas
702 3787 892 3878 interroga,
918 3805 1023 3879 quam
1050 3785 1153 3873 longa
1177 3781 1222 3854 de

139 3930 249 4000 regno
268 3911 407 4005 eclipsis
428 3934 533 4005 quam
560 3913 652 3984 loeda
674 3910 803 4003 passim
830 3920 864 3981 et
891 3908 1001 3979 tristia
1028 3908 1135 3977 multa
1160 3927 1223 3999 per

142 4029 315 4101 tenebras.
338 4033 425 4103 Nam
445 4032 491 4104 de
511 4033 587 4123 ipsa
602 4052 707 4125 quarn
724 4031 901 4102 inhabitas
918 4049 1041 4121 parva,
1064 4038 1100 4099 ut
1115 4028 1220 4109 aiunt,

140 4153 263 4238 Roma,
287 4166 324 4226 ut
348 4176 415 4247 ego
440 4154 595 4225 vocitare
618 4154 713 4224 soleo
736 4150 913 4246 Babylone
938 4149 1150 4231 novissima,
1178 4170 1222 4219 ne

140 4275 233 4367 loqui
250 4279 391 4369 quidem
408 4285 465 4349 est
481 4298 640 4349 necesse:
659 4275 876 4368 usqueadeo
894 4296 962 4346 non
980 4283 1111 4347 tantum
1129 4270 1221 4364 apud

139 4401 334 4490 proximos
358 4401 420 4473 sed
440 4400 533 4494 apud
557 4398 692 4470 Arabes
717 4407 821 4491 atque
846 4396 950 4470 lndos
975 4419 1113 4490 quoque
1139 4401 1221 4464 nota

140 4541 198 4590 ros
218 4533 281 4592 est.
304 4522 413 4612 Perge
433 4544 525 4592 nunc
545 4504 660 4593 animo
679 4519 835 4592 ulterius:
854 4519 960 4592 Gallia
981 4517 1094 4590 omnis
1115 4523 1219 4605 atque
