<?xml version="1.0" encoding="UTF-8"?>
<!DOCTYPE html PUBLIC "-//W3C//DTD XHTML 1.0 Transitional//EN"
    "http://www.w3.org/TR/xhtml1/DTD/xhtml1-transitional.dtd">
<html xmlns="http://www.w3.org/1999/xhtml" xml:lang="en" lang="en">
 <head>
  <title>
</title>
<meta http-equiv="Content-Type" content="text/html;charset=utf-8" />
  <meta name='ocr-system' content='tesseract 3.04.00' />
  <meta name='ocr-capabilities' content='ocr_page ocr_carea ocr_par ocr_line ocrx_word'/>
</head>
<body>
  <div class='ocr_page' id='page_1' title='image "./epistolaederebu02fracgoog_0453.png"; bbox 0 0 2738 5062; ppageno 0'>
   <div class='ocr_carea' id='block_1_1' title="bbox 138 668 881 728">
    <p class='ocr_par' dir='ltr' id='par_1_1' title="bbox 138 668 881 728">
     <span class='ocr_line' id='line_1_1' title="bbox 138 668 881 728; baseline -0.004 0"><span class='ocrx_word' id='word_1_1' title='bbox 138 668 198 728; x_wconf 78' lang='lat' dir='ltr'><strong>rm</strong></span> <span class='ocrx_word' id='word_1_2' title='bbox 473 679 514 726; x_wconf 84' lang='lat' dir='ltr'><strong>un</strong></span> <span class='ocrx_word' id='word_1_3' title='bbox 537 678 637 727; x_wconf 85' lang='lat' dir='ltr'><strong>nunus</strong></span> <span class='ocrx_word' id='word_1_4' title='bbox 658 676 881 727; x_wconf 82' lang='lat' dir='ltr'><strong>ruurnmnruus</strong></span> 
     </span>
    </p>
   </div>
   <div class='ocr_carea' id='block_1_2' title="bbox 140 808 1241 1758">
    <p class='ocr_par' dir='ltr' id='par_1_2' title="bbox 140 808 1241 1758">
     <span class='ocr_line' id='line_1_2' title="bbox 140 808 1241 904; baseline 0 -23"><span class='ocrx_word' id='word_1_5' title='bbox 140 810 313 904; x_wconf 86' lang='lat' dir='ltr'><strong>praecipue</strong></span> <span class='ocrx_word' id='word_1_6' title='bbox 333 810 416 880; x_wconf 83' lang='lat' dir='ltr'><strong>vitae</strong></span> <span class='ocrx_word' id='word_1_7' title='bbox 432 808 551 881; x_wconf 89' lang='lat' dir='ltr'><strong>brevis</strong></span> <span class='ocrx_word' id='word_1_8' title='bbox 570 814 763 903; x_wconf 80' lang='lat' dir='ltr'><strong>fragmenta</strong></span> <span class='ocrx_word' id='word_1_9' title='bbox 781 830 1034 883; x_wconf 82' lang='lat' dir='ltr'><strong>consumerem.</strong></span> <span class='ocrx_word' id='word_1_10' title='bbox 1050 810 1105 880; x_wconf 88' lang='lat' dir='ltr'><strong>Te</strong></span> <span class='ocrx_word' id='word_1_11' title='bbox 1122 808 1241 901; x_wconf 85' lang='lat' dir='ltr'><strong>igitur</strong></span> 
     </span>
     <span class='ocr_line' id='line_1_3' title="bbox 140 932 1239 1031; baseline -0.001 -26"><span class='ocrx_word' id='word_1_12' title='bbox 140 932 296 1024; x_wconf 79' lang='lat' dir='ltr'><strong>cogitans</strong></span> <span class='ocrx_word' id='word_1_13' title='bbox 320 942 355 1003; x_wconf 89' lang='lat' dir='ltr'><strong>et</strong></span> <span class='ocrx_word' id='word_1_14' title='bbox 380 954 449 1031; x_wconf 29' lang='lat' dir='ltr'><strong>rus·</strong></span> <span class='ocrx_word' id='word_1_15' title='bbox 467 932 550 1004; x_wconf 91' lang='lat' dir='ltr'><strong>illud</strong></span> <span class='ocrx_word' id='word_1_16' title='bbox 570 934 653 1005; x_wconf 92' lang='lat' dir='ltr'><strong>dum</strong></span> <span class='ocrx_word' id='word_1_17' title='bbox 678 933 735 1005; x_wconf 87' lang='lat' dir='ltr'><strong>tibi</strong></span> <span class='ocrx_word' id='word_1_18' title='bbox 758 934 824 1005; x_wconf 86' lang='lat' dir='ltr'><strong>ista</strong></span> <span class='ocrx_word' id='word_1_19' title='bbox 849 932 1014 1005; x_wconf 82' lang='lat' dir='ltr'><strong>dictarem</strong></span> <span class='ocrx_word' id='word_1_20' title='bbox 1042 932 1239 1004; x_wconf 75' lang='lat' dir='ltr'><strong>memoriae</strong></span> 
     </span>
     <span class='ocr_line' id='line_1_4' title="bbox 142 1054 1237 1148; baseline -0.005 -22"><span class='ocrx_word' id='word_1_21' title='bbox 142 1054 286 1126; x_wconf 88' lang='lat' dir='ltr'><strong>credidi:</strong></span> <span class='ocrx_word' id='word_1_22' title='bbox 321 1077 435 1148; x_wconf 87' lang='lat' dir='ltr'><strong>neque</strong></span> <span class='ocrx_word' id='word_1_23' title='bbox 468 1056 560 1125; x_wconf 88' lang='lat' dir='ltr'><strong>enim</strong></span> <span class='ocrx_word' id='word_1_24' title='bbox 595 1055 766 1128; x_wconf 90' lang='lat' dir='ltr'><strong>scribendi</strong></span> <span class='ocrx_word' id='word_1_25' title='bbox 798 1057 1030 1128; x_wconf 85' lang='lat' dir='ltr'><strong>instrumenta</strong></span> <span class='ocrx_word' id='word_1_26' title='bbox 1061 1055 1237 1127; x_wconf 83' lang='lat' dir='ltr'><strong>aderant:</strong></span> 
     </span>
     <span class='ocr_line' id='line_1_5' title="bbox 142 1175 1240 1271; baseline 0.005 -23"><span class='ocrx_word' id='word_1_27' title='bbox 142 1181 197 1249; x_wconf 90' lang='lat' dir='ltr'><strong>illa</strong></span> <span class='ocrx_word' id='word_1_28' title='bbox 218 1188 335 1250; x_wconf 89' lang='lat' dir='ltr'><strong>autem</strong></span> <span class='ocrx_word' id='word_1_29' title='bbox 356 1176 414 1247; x_wconf 85' lang='lat' dir='ltr'><strong>uui</strong></span> <span class='ocrx_word' id='word_1_30' title='bbox 436 1177 578 1249; x_wconf 88' lang='lat' dir='ltr'><strong>domum</strong></span> <span class='ocrx_word' id='word_1_31' title='bbox 597 1189 653 1248; x_wconf 89' lang='lat' dir='ltr'><strong>est</strong></span> <span class='ocrx_word' id='word_1_32' title='bbox 670 1179 819 1250; x_wconf 83' lang='lat' dir='ltr'><strong>reditum</strong></span> <span class='ocrx_word' id='word_1_33' title='bbox 835 1177 1033 1271; x_wconf 89' lang='lat' dir='ltr'><strong>depositum</strong></span> <span class='ocrx_word' id='word_1_34' title='bbox 1047 1175 1145 1249; x_wconf 86' lang='lat' dir='ltr'><strong>bona</strong></span> <span class='ocrx_word' id='word_1_35' title='bbox 1165 1176 1240 1253; x_wconf 84' lang='lat' dir='ltr'><strong>fide</strong></span> 
     </span>
     <span class='ocr_line' id='line_1_6' title="bbox 144 1299 1238 1395; baseline 0.001 -23"><span class='ocrx_word' id='word_1_36' title='bbox 144 1300 303 1372; x_wconf 89' lang='lat' dir='ltr'><strong>restituit.</strong></span> <span class='ocrx_word' id='word_1_37' title='bbox 317 1299 447 1390; x_wconf 86' lang='lat' dir='ltr'>Scripsi</span> <span class='ocrx_word' id='word_1_38' title='bbox 464 1300 570 1389; x_wconf 78' lang='lat' dir='ltr'><strong>igitur</strong></span> <span class='ocrx_word' id='word_1_39' title='bbox 589 1300 664 1372; x_wconf 86' lang='lat' dir='ltr'><strong>lraec</strong></span> <span class='ocrx_word' id='word_1_40' title='bbox 681 1302 727 1373; x_wconf 88' lang='lat' dir='ltr'><strong>ad</strong></span> <span class='ocrx_word' id='word_1_41' title='bbox 744 1322 927 1395; x_wconf 86' lang='lat' dir='ltr'><strong>vesperam</strong></span> <span class='ocrx_word' id='word_1_42' title='bbox 941 1302 975 1370; x_wconf 92' lang='lat' dir='ltr'><strong>in</strong></span> <span class='ocrx_word' id='word_1_43' title='bbox 988 1300 1150 1372; x_wconf 77' lang='lat' dir='ltr'>thalamo</span> <span class='ocrx_word' id='word_1_44' title='bbox 1165 1322 1238 1373; x_wconf 93' lang='lat' dir='ltr'><strong>non</strong></span> 
     </span>
     <span class='ocr_line' id='line_1_7' title="bbox 144 1421 1236 1517; baseline 0.003 -25"><span class='ocrx_word' id='word_1_45' title='bbox 144 1421 383 1516; x_wconf 87' lang='lat' dir='ltr'><strong>philosophico</strong></span> <span class='ocrx_word' id='word_1_46' title='bbox 402 1422 593 1515; x_wconf 86' lang='lat' dir='ltr'><strong>poeticove,</strong></span> <span class='ocrx_word' id='word_1_47' title='bbox 615 1424 677 1495; x_wconf 90' lang='lat' dir='ltr'><strong>sed</strong></span> <span class='ocrx_word' id='word_1_48' title='bbox 697 1424 794 1516; x_wconf 82' lang='lat' dir='ltr'><strong>regio</strong></span> <span class='ocrx_word' id='word_1_49' title='bbox 810 1444 891 1517; x_wconf 83' lang='lat' dir='ltr'><strong>quae</strong></span> <span class='ocrx_word' id='word_1_50' title='bbox 908 1421 1100 1494; x_wconf 87' lang='lat' dir='ltr'><strong>meditatus</strong></span> <span class='ocrx_word' id='word_1_51' title='bbox 1116 1444 1236 1507; x_wconf 82' lang='lat' dir='ltr'><strong>cram,</strong></span> 
     </span>
     <span class='ocr_line' id='line_1_8' title="bbox 143 1544 1236 1639; baseline -0.001 -23"><span class='ocrx_word' id='word_1_52' title='bbox 143 1568 212 1617; x_wconf 92' lang='lat' dir='ltr'><strong>non</strong></span> <span class='ocrx_word' id='word_1_53' title='bbox 233 1547 340 1615; x_wconf 89' lang='lat' dir='ltr'><strong>multo</strong></span> <span class='ocrx_word' id='word_1_54' title='bbox 361 1555 441 1616; x_wconf 87' lang='lat' dir='ltr'><strong>anto</strong></span> <span class='ocrx_word' id='word_1_55' title='bbox 462 1546 546 1615; x_wconf 91' lang='lat' dir='ltr'><strong>solis</strong></span> <span class='ocrx_word' id='word_1_56' title='bbox 563 1566 739 1628; x_wconf 86' lang='lat' dir='ltr'><strong>occasum,</strong></span> <span class='ocrx_word' id='word_1_57' title='bbox 759 1550 855 1617; x_wconf 90' lang='lat' dir='ltr'><strong>solus</strong></span> <span class='ocrx_word' id='word_1_58' title='bbox 868 1545 914 1617; x_wconf 90' lang='lat' dir='ltr'><strong>ibi</strong></span> <span class='ocrx_word' id='word_1_59' title='bbox 927 1544 1085 1616; x_wconf 88' lang='lat' dir='ltr'><strong>herboso</strong></span> <span class='ocrx_word' id='word_1_60' title='bbox 1106 1546 1236 1639; x_wconf 79' lang='lat' dir='ltr'><strong>cespiti</strong></span> 
     </span>
     <span class='ocr_line' id='line_1_9' title="bbox 145 1666 1056 1758; baseline 0.002 -23"><span class='ocrx_word' id='word_1_61' title='bbox 145 1668 324 1750; x_wconf 85' lang='lat' dir='ltr'><strong>insistens,</strong></span> <span class='ocrx_word' id='word_1_62' title='bbox 348 1666 415 1738; x_wconf 92' lang='lat' dir='ltr'><strong>sub</strong></span> <span class='ocrx_word' id='word_1_63' title='bbox 437 1667 586 1758; x_wconf 78' lang='lat' dir='ltr'><strong>ingentis</strong></span> <span class='ocrx_word' id='word_1_64' title='bbox 609 1668 731 1739; x_wconf 84' lang='lat' dir='ltr'><strong>umbra</strong></span> <span class='ocrx_word' id='word_1_65' title='bbox 751 1681 935 1741; x_wconf 73' lang='lat' dir='ltr'><strong>castaneae.</strong></span> <span class='ocrx_word' id='word_1_66' title='bbox 957 1668 1056 1738; x_wconf 85' lang='lat' dir='ltr'><strong>Vale.</strong></span> 
     </span>
    </p>
   </div>
   <div class='ocr_carea' id='block_1_3' title="bbox 287 1812 1162 1880">
    <p class='ocr_par' dir='ltr' id='par_1_3' title="bbox 287 1812 1162 1880">
     <span class='ocr_line' id='line_1_10' title="bbox 287 1812 1162 1880; baseline 0.007 -15"><span class='ocrx_word' id='word_1_67' title='bbox 287 1812 353 1880; x_wconf 78' lang='lat' dir='ltr'><strong>nn,</strong></span> <span class='ocrx_word' id='word_1_68' title='bbox 377 1812 514 1867; x_wconf 81' lang='lat' dir='ltr'>Kalendas</span> <span class='ocrx_word' id='word_1_69' title='bbox 537 1813 711 1879; x_wconf 79' lang='lat' dir='ltr'><strong>Nouembris,</strong></span> <span class='ocrx_word' id='word_1_70' title='bbox 734 1815 762 1868; x_wconf 92' lang='lat' dir='ltr'><strong>in</strong></span> <span class='ocrx_word' id='word_1_71' title='bbox 785 1830 846 1869; x_wconf 88' lang='lat' dir='ltr'><strong>arce</strong></span> <span class='ocrx_word' id='word_1_72' title='bbox 869 1816 961 1869; x_wconf 89' lang='lat' dir='ltr'><strong>Sancti</strong></span> <span class='ocrx_word' id='word_1_73' title='bbox 979 1814 1162 1871; x_wconf 75' lang='lat' dir='ltr'><strong>columbani.</strong></span> 
     </span>
    </p>
   </div>
   <div class='ocr_carea' id='block_1_4' title="bbox 564 2226 807 2289">
    <p class='ocr_par' dir='ltr' id='par_1_4' title="bbox 564 2226 807 2289">
     <span class='ocr_line' id='line_1_11' title="bbox 564 2226 807 2289; baseline -0.004 -1"><span class='ocrx_word' id='word_1_74' title='bbox 564 2226 741 2289; x_wconf 77' lang='lat' dir='ltr'><strong>uersuum</strong></span> <span class='ocrx_word' id='word_1_75' title='bbox 764 2226 807 2288; x_wconf 75' lang='lat' dir='ltr'><strong>ll.</strong></span> 
     </span>
    </p>
   </div>
   <div class='ocr_carea' id='block_1_5' title="bbox 280 2419 1106 2574">
    <p class='ocr_par' dir='ltr' id='par_1_5' title="bbox 280 2419 1106 2574">
     <span class='ocr_line' id='line_1_12' title="bbox 280 2419 1106 2479; baseline 0.008 -14"><span class='ocrx_word' id='word_1_76' title='bbox 280 2419 474 2468; x_wconf 75' lang='lat' dir='ltr'><strong>runuctscus</strong></span> <span class='ocrx_word' id='word_1_77' title='bbox 495 2420 662 2467; x_wconf 77' lang='lat' dir='ltr'><strong>Purunucn</strong></span> <span class='ocrx_word' id='word_1_78' title='bbox 684 2420 854 2470; x_wconf 70' lang='lat' dir='ltr'>BERNARDO</span> <span class='ocrx_word' id='word_1_79' title='bbox 877 2420 1083 2472; x_wconf 69' lang='lat' dir='ltr'><strong>nudulssoum</strong></span> <span class='ocrx_word' id='word_1_80' title='bbox 1103 2474 1106 2479; x_wconf 77' lang='grc'><em>,</em></span> 
     </span>
     <span class='ocr_line' id='line_1_13' title="bbox 460 2524 900 2574; baseline 0.007 -3"><span class='ocrx_word' id='word_1_81' title='bbox 460 2524 592 2572; x_wconf 79' lang='lat' dir='ltr'><strong>PllAESlDl</strong></span> <span class='ocrx_word' id='word_1_82' title='bbox 613 2525 750 2573; x_wconf 72' lang='lat' dir='ltr'><strong>coaluus!</strong></span> <span class='ocrx_word' id='word_1_83' title='bbox 772 2525 798 2573; x_wconf 91' lang='lat' dir='ltr'><strong>S.</strong></span> <span class='ocrx_word' id='word_1_84' title='bbox 819 2527 848 2574; x_wconf 90' lang='lat' dir='ltr'><strong>P.</strong></span> <span class='ocrx_word' id='word_1_85' title='bbox 871 2528 900 2574; x_wconf 91' lang='lat' dir='ltr'><strong>D.</strong></span> 
     </span>
    </p>
   </div>
   <div class='ocr_carea' id='block_1_6' title="bbox 165 2646 1215 2851">
    <p class='ocr_par' dir='ltr' id='par_1_6' title="bbox 165 2646 1215 2851">
     <span class='ocr_line' id='line_1_14' title="bbox 831 2646 978 2671; baseline 0 -4"><span class='ocrx_word' id='word_1_86' title='bbox 831 2656 836 2671; x_wconf 75' lang='grc' dir='ltr'>ι</span> <span class='ocrx_word' id='word_1_87' title='bbox 968 2646 978 2667; x_wconf 68' lang='lat'>0</span> 
     </span>
     <span class='ocr_line' id='line_1_15' title="bbox 165 2688 1215 2765; baseline 0.004 -20"><span class='ocrx_word' id='word_1_88' title='bbox 165 2692 282 2746; x_wconf 80' lang='lat' dir='ltr'>Excusat</span> <span class='ocrx_word' id='word_1_89' title='bbox 296 2710 324 2747; x_wconf 88' lang='lat' dir='ltr'><strong>se</strong></span> <span class='ocrx_word' id='word_1_90' title='bbox 339 2690 412 2763; x_wconf 88' lang='lat' dir='ltr'><strong>qued</strong></span> <span class='ocrx_word' id='word_1_91' title='bbox 428 2691 552 2745; x_wconf 88' lang='lat' dir='ltr'><strong>nondum</strong></span> <span class='ocrx_word' id='word_1_92' title='bbox 568 2688 685 2745; x_wconf 90' lang='lat' dir='ltr'><strong>Comum</strong></span> <span class='ocrx_word' id='word_1_93' title='bbox 698 2692 814 2759; x_wconf 77' lang='lat' dir='ltr'><strong>verterit,</strong></span> <span class='ocrx_word' id='word_1_94' title='bbox 829 2693 996 2765; x_wconf 86' lang='lat' dir='ltr'><strong>nunciatquc</strong></span> <span class='ocrx_word' id='word_1_95' title='bbox 1012 2693 1092 2749; x_wconf 87' lang='lat' dir='ltr'><strong>iussu</strong></span> <span class='ocrx_word' id='word_1_96' title='bbox 1107 2694 1215 2751; x_wconf 90' lang='lat' dir='ltr'><strong>domini</strong></span> 
     </span>
     <span class='ocr_line' id='line_1_16' title="bbox 408 2780 960 2851; baseline 0 -16"><span class='ocrx_word' id='word_1_97' title='bbox 408 2783 517 2851; x_wconf 77' lang='lat' dir='ltr'><strong>longius</strong></span> <span class='ocrx_word' id='word_1_98' title='bbox 532 2782 585 2836; x_wconf 90' lang='lat' dir='ltr'><strong>iter</strong></span> <span class='ocrx_word' id='word_1_99' title='bbox 598 2797 626 2834; x_wconf 86' lang='lat' dir='ltr'><strong>se</strong></span> <span class='ocrx_word' id='word_1_100' title='bbox 641 2780 800 2851; x_wconf 80' lang='lat' dir='ltr'><strong>propediem</strong></span> <span class='ocrx_word' id='word_1_101' title='bbox 815 2782 960 2835; x_wconf 87' lang='lat' dir='ltr'><strong>initurum.</strong></span> 
     </span>
    </p>
   </div>
   <div class='ocr_carea' id='block_1_7' title="bbox 148 3010 1241 4583">
    <p class='ocr_par' dir='ltr' id='par_1_7' title="bbox 148 3010 1241 4583">
     <span class='ocr_line' id='line_1_17' title="bbox 246 3010 1233 3107; baseline 0 -22"><span class='ocrx_word' id='word_1_102' title='bbox 246 3014 321 3086; x_wconf 93' lang='lat' dir='ltr'><strong>lllos</strong></span> <span class='ocrx_word' id='word_1_103' title='bbox 341 3025 397 3086; x_wconf 90' lang='lat' dir='ltr'><strong>cst</strong></span> <span class='ocrx_word' id='word_1_104' title='bbox 415 3036 544 3107; x_wconf 83' lang='lat' dir='ltr'><strong>equum</strong></span> <span class='ocrx_word' id='word_1_105' title='bbox 566 3012 717 3083; x_wconf 79' lang='lat' dir='ltr'><strong>residem</strong></span> <span class='ocrx_word' id='word_1_106' title='bbox 740 3010 886 3103; x_wconf 81' lang='lat' dir='ltr'><strong>geminis</strong></span> <span class='ocrx_word' id='word_1_107' title='bbox 910 3011 1095 3083; x_wconf 85' lang='lat' dir='ltr'><strong>sollicitare</strong></span> <span class='ocrx_word' id='word_1_108' title='bbox 1120 3015 1233 3085; x_wconf 83' lang='lat' dir='ltr'><strong>calcu·</strong></span> 
     </span>
     <span class='ocr_line' id='line_1_18' title="bbox 149 3135 1233 3230; baseline 0.001 -22"><span class='ocrx_word' id='word_1_109' title='bbox 149 3140 258 3211; x_wconf 89' lang='lat' dir='ltr'><strong>ribus:</strong></span> <span class='ocrx_word' id='word_1_110' title='bbox 280 3161 357 3209; x_wconf 89' lang='lat' dir='ltr'><strong>mea</strong></span> <span class='ocrx_word' id='word_1_111' title='bbox 380 3137 523 3209; x_wconf 77' lang='lat' dir='ltr'><strong>tarditas</strong></span> <span class='ocrx_word' id='word_1_112' title='bbox 544 3135 655 3206; x_wconf 90' lang='lat' dir='ltr'><strong>tribus</strong></span> <span class='ocrx_word' id='word_1_113' title='bbox 681 3136 880 3228; x_wconf 87' lang='lat' dir='ltr'><strong>impellitur;</strong></span> <span class='ocrx_word' id='word_1_114' title='bbox 903 3137 966 3208; x_wconf 92' lang='lat' dir='ltr'><strong>loci</strong></span> <span class='ocrx_word' id='word_1_115' title='bbox 992 3137 1073 3206; x_wconf 88' lang='lat' dir='ltr'><strong>novi</strong></span> <span class='ocrx_word' id='word_1_116' title='bbox 1096 3148 1233 3230; x_wconf 88' lang='lat' dir='ltr'><strong>specta·</strong></span> 
     </span>
     <span class='ocr_line' id='line_1_19' title="bbox 148 3257 1232 3350; baseline -0.004 -17"><span class='ocrx_word' id='word_1_117' title='bbox 148 3267 237 3345; x_wconf 87' lang='lat' dir='ltr'><strong>culo,</strong></span> <span class='ocrx_word' id='word_1_118' title='bbox 260 3260 372 3333; x_wconf 92' lang='lat' dir='ltr'><strong>dulcis</strong></span> <span class='ocrx_word' id='word_1_119' title='bbox 393 3258 494 3331; x_wconf 88' lang='lat' dir='ltr'><strong>amici</strong></span> <span class='ocrx_word' id='word_1_120' title='bbox 515 3257 703 3342; x_wconf 85' lang='lat' dir='ltr'><strong>desiderio,</strong></span> <span class='ocrx_word' id='word_1_121' title='bbox 731 3269 765 3328; x_wconf 89' lang='lat' dir='ltr'><strong>et</strong></span> <span class='ocrx_word' id='word_1_122' title='bbox 790 3257 1014 3329; x_wconf 85' lang='lat' dir='ltr'><strong>observantia</strong></span> <span class='ocrx_word' id='word_1_123' title='bbox 1040 3260 1232 3350; x_wconf 91' lang='lat' dir='ltr'><strong>promisso-</strong></span> 
     </span>
     <span class='ocr_line' id='line_1_20' title="bbox 150 3380 1234 3477; baseline 0.001 -24"><span class='ocrx_word' id='word_1_124' title='bbox 150 3406 236 3453; x_wconf 90' lang='lat' dir='ltr'><strong>rum.</strong></span> <span class='ocrx_word' id='word_1_125' title='bbox 272 3384 317 3451; x_wconf 83' lang='lat' dir='ltr'><strong>Et</strong></span> <span class='ocrx_word' id='word_1_126' title='bbox 349 3384 501 3474; x_wconf 87' lang='lat' dir='ltr'><strong>prolecto</strong></span> <span class='ocrx_word' id='word_1_127' title='bbox 527 3382 753 3476; x_wconf 82' lang='lat' dir='ltr'><strong>propinquam</strong></span> <span class='ocrx_word' id='word_1_128' title='bbox 777 3380 897 3452; x_wconf 84' lang='lat' dir='ltr'><strong>urbem</strong></span> <span class='ocrx_word' id='word_1_129' title='bbox 928 3382 1019 3453; x_wconf 84' lang='lat' dir='ltr'><strong>illam</strong></span> <span class='ocrx_word' id='word_1_130' title='bbox 1049 3383 1234 3477; x_wconf 69' lang='lat' dir='ltr'><strong>Cisalpine</strong></span> 
     </span>
     <span class='ocr_line' id='line_1_21' title="bbox 149 3502 1233 3596; baseline 0.002 -21"><span class='ocrx_word' id='word_1_131' title='bbox 149 3504 268 3575; x_wconf 84' lang='lat' dir='ltr'><strong>Galliae</strong></span> <span class='ocrx_word' id='word_1_132' title='bbox 287 3502 433 3573; x_wconf 83' lang='lat' dir='ltr'><strong>collibus</strong></span> <span class='ocrx_word' id='word_1_133' title='bbox 451 3502 563 3572; x_wconf 81' lang='lat' dir='ltr'><strong>aereis</strong></span> <span class='ocrx_word' id='word_1_134' title='bbox 581 3503 848 3594; x_wconf 83' lang='lat' dir='ltr'><strong>circumseptam</strong></span> <span class='ocrx_word' id='word_1_135' title='bbox 866 3503 1022 3596; x_wconf 85' lang='lat' dir='ltr'><strong>ipsisque</strong></span> <span class='ocrx_word' id='word_1_136' title='bbox 1041 3504 1233 3577; x_wconf 83' lang='lat' dir='ltr'><strong>subiectam</strong></span> 
     </span>
     <span class='ocr_line' id='line_1_22' title="bbox 150 3624 1235 3721; baseline 0.004 -27"><span class='ocrx_word' id='word_1_137' title='bbox 150 3624 310 3721; x_wconf 64' lang='lat' dir='ltr'><strong>Alpibus</strong></span> <span class='ocrx_word' id='word_1_138' title='bbox 333 3632 369 3693; x_wconf 90' lang='lat' dir='ltr'><strong>ct</strong></span> <span class='ocrx_word' id='word_1_139' title='bbox 385 3626 518 3693; x_wconf 84' lang='lat' dir='ltr'><strong>famoso</strong></span> <span class='ocrx_word' id='word_1_140' title='bbox 536 3627 622 3695; x_wconf 88' lang='lat' dir='ltr'><strong>lacui</strong></span> <span class='ocrx_word' id='word_1_141' title='bbox 639 3624 896 3718; x_wconf 86' lang='lat' dir='ltr'><strong>impendentem</strong></span> <span class='ocrx_word' id='word_1_142' title='bbox 910 3628 967 3696; x_wconf 89' lang='lat' dir='ltr'><strong>vel</strong></span> <span class='ocrx_word' id='word_1_143' title='bbox 981 3630 1089 3696; x_wconf 86' lang='lat' dir='ltr'><strong>semel</strong></span> <span class='ocrx_word' id='word_1_144' title='bbox 1107 3626 1235 3720; x_wconf 88' lang='lat' dir='ltr'><strong>cupide</strong></span> 
     </span>
     <span class='ocr_line' id='line_1_23' title="bbox 152 3746 1233 3838; baseline 0.004 -24"><span class='ocrx_word' id='word_1_145' title='bbox 152 3747 307 3817; x_wconf 89' lang='lat' dir='ltr'><strong>viderem</strong></span> <span class='ocrx_word' id='word_1_146' title='bbox 329 3746 488 3828; x_wconf 85' lang='lat' dir='ltr'><strong>Comum,</strong></span> <span class='ocrx_word' id='word_1_147' title='bbox 522 3746 580 3838; x_wconf 88' lang='lat' dir='ltr'><strong>qui</strong></span> <span class='ocrx_word' id='word_1_148' title='bbox 616 3748 809 3838; x_wconf 85' lang='lat' dir='ltr'><strong>Campanas</strong></span> <span class='ocrx_word' id='word_1_149' title='bbox 844 3750 971 3819; x_wconf 89' lang='lat' dir='ltr'><strong>totiens</strong></span> <span class='ocrx_word' id='word_1_150' title='bbox 993 3748 1121 3820; x_wconf 85' lang='lat' dir='ltr'><strong>Cumas</strong></span> <span class='ocrx_word' id='word_1_151' title='bbox 1151 3748 1233 3821; x_wconf 92' lang='lat' dir='ltr'><strong>vidi.</strong></span> 
     </span>
     <span class='ocr_line' id='line_1_24' title="bbox 151 3870 1236 3963; baseline 0.003 -24"><span class='ocrx_word' id='word_1_152' title='bbox 151 3871 265 3941; x_wconf 86' lang='lat' dir='ltr'><strong>Talem</strong></span> <span class='ocrx_word' id='word_1_153' title='bbox 287 3891 371 3941; x_wconf 86' lang='lat' dir='ltr'><strong>vero</strong></span> <span class='ocrx_word' id='word_1_154' title='bbox 393 3870 541 3941; x_wconf 88' lang='lat' dir='ltr'><strong>amicum</strong></span> <span class='ocrx_word' id='word_1_155' title='bbox 562 3870 670 3939; x_wconf 84' lang='lat' dir='ltr'><strong>multo</strong></span> <span class='ocrx_word' id='word_1_156' title='bbox 690 3870 865 3962; x_wconf 91' lang='lat' dir='ltr'><strong>cupidius:</strong></span> <span class='ocrx_word' id='word_1_157' title='bbox 888 3882 949 3943; x_wconf 88' lang='lat' dir='ltr'><strong>aut</strong></span> <span class='ocrx_word' id='word_1_158' title='bbox 969 3872 1061 3943; x_wconf 90' lang='lat' dir='ltr'><strong>enim</strong></span> <span class='ocrx_word' id='word_1_159' title='bbox 1083 3894 1152 3963; x_wconf 78' lang='lat' dir='ltr'><strong>ego</strong></span> <span class='ocrx_word' id='word_1_160' title='bbox 1172 3874 1236 3944; x_wconf 88' lang='lat' dir='ltr'><strong>lal-</strong></span> 
     </span>
     <span class='ocr_line' id='line_1_25' title="bbox 152 3991 1235 4088; baseline 0.002 -25"><span class='ocrx_word' id='word_1_161' title='bbox 152 3996 216 4075; x_wconf 90' lang='lat' dir='ltr'><strong>lor‚</strong></span> <span class='ocrx_word' id='word_1_162' title='bbox 236 4005 296 4065; x_wconf 85' lang='lat' dir='ltr'><strong>ant</strong></span> <span class='ocrx_word' id='word_1_163' title='bbox 316 3997 408 4066; x_wconf 85' lang='lat' dir='ltr'><strong>nulla</strong></span> <span class='ocrx_word' id='word_1_164' title='bbox 429 3991 577 4066; x_wconf 82' lang='lat' dir='ltr'><strong>dulcedo</strong></span> <span class='ocrx_word' id='word_1_165' title='bbox 598 3993 706 4063; x_wconf 87' lang='lat' dir='ltr'><strong>nmior</strong></span> <span class='ocrx_word' id='word_1_166' title='bbox 726 3996 836 4065; x_wconf 92' lang='lat' dir='ltr'><strong>oculis</strong></span> <span class='ocrx_word' id='word_1_167' title='bbox 857 4016 962 4086; x_wconf 87' lang='lat' dir='ltr'><strong>quarn</strong></span> <span class='ocrx_word' id='word_1_168' title='bbox 987 4004 1153 4088; x_wconf 76' lang='lat' dir='ltr'><strong>exoptata</strong></span> <span class='ocrx_word' id='word_1_169' title='bbox 1187 3998 1235 4065; x_wconf 85' lang='lat' dir='ltr'><strong>la-</strong></span> 
     </span>
     <span class='ocr_line' id='line_1_26' title="bbox 153 4114 1237 4210; baseline -0.001 -24"><span class='ocrx_word' id='word_1_170' title='bbox 153 4117 223 4186; x_wconf 88' lang='lat' dir='ltr'><strong>cies</strong></span> <span class='ocrx_word' id='word_1_171' title='bbox 241 4118 352 4187; x_wconf 88' lang='lat' dir='ltr'><strong>amici.</strong></span> <span class='ocrx_word' id='word_1_172' title='bbox 375 4117 508 4210; x_wconf 89' lang='lat' dir='ltr'><strong>Duplici</strong></span> <span class='ocrx_word' id='word_1_173' title='bbox 530 4128 644 4189; x_wconf 83' lang='lat' dir='ltr'><strong>autem</strong></span> <span class='ocrx_word' id='word_1_174' title='bbox 666 4126 750 4188; x_wconf 91' lang='lat' dir='ltr'><strong>voto</strong></span> <span class='ocrx_word' id='word_1_175' title='bbox 771 4138 849 4186; x_wconf 90' lang='lat' dir='ltr'><strong>mco</strong></span> <span class='ocrx_word' id='word_1_176' title='bbox 871 4128 1129 4188; x_wconf 88' lang='lat' dir='ltr'><strong>sacrosanctum</strong></span> <span class='ocrx_word' id='word_1_177' title='bbox 1153 4114 1237 4188; x_wconf 85' lang='lat' dir='ltr'><strong>fidei</strong></span> 
     </span>
     <span class='ocr_line' id='line_1_27' title="bbox 155 4238 1239 4332; baseline 0.005 -27"><span class='ocrx_word' id='word_1_178' title='bbox 155 4238 280 4330; x_wconf 81' lang='lat' dir='ltr'><strong>pignus</strong></span> <span class='ocrx_word' id='word_1_179' title='bbox 301 4241 448 4310; x_wconf 87' lang='lat' dir='ltr'><strong>accedit:</strong></span> <span class='ocrx_word' id='word_1_180' title='bbox 470 4240 611 4332; x_wconf 91' lang='lat' dir='ltr'><strong>promisi</strong></span> <span class='ocrx_word' id='word_1_181' title='bbox 630 4239 757 4310; x_wconf 89' lang='lat' dir='ltr'><strong>etenim</strong></span> <span class='ocrx_word' id='word_1_182' title='bbox 782 4262 837 4309; x_wconf 90' lang='lat' dir='ltr'><strong>me</strong></span> <span class='ocrx_word' id='word_1_183' title='bbox 858 4249 1057 4322; x_wconf 85' lang='lat' dir='ltr'><strong>venturum,</strong></span> <span class='ocrx_word' id='word_1_184' title='bbox 1080 4260 1144 4310; x_wconf 91' lang='lat' dir='ltr'><strong>nec</strong></span> <span class='ocrx_word' id='word_1_185' title='bbox 1163 4260 1239 4331; x_wconf 75' lang='grc' dir='ltr'><strong>ρω-</strong></span> 
     </span>
     <span class='ocr_line' id='line_1_28' title="bbox 154 4359 1239 4455; baseline 0.005 -28"><span class='ocrx_word' id='word_1_186' title='bbox 154 4360 238 4431; x_wconf 85' lang='lat' dir='ltr'><strong>nitet</strong></span> <span class='ocrx_word' id='word_1_187' title='bbox 264 4361 479 4451; x_wconf 83' lang='lat' dir='ltr'><strong>promisisse:</strong></span> <span class='ocrx_word' id='word_1_188' title='bbox 507 4362 613 4453; x_wconf 89' lang='lat' dir='ltr'><strong>pudet</strong></span> <span class='ocrx_word' id='word_1_189' title='bbox 638 4361 754 4455; x_wconf 90' lang='lat' dir='ltr'><strong>potius</strong></span> <span class='ocrx_word' id='word_1_190' title='bbox 788 4359 881 4453; x_wconf 85' lang='lat' dir='ltr'><strong>quod</strong></span> <span class='ocrx_word' id='word_1_191' title='bbox 912 4359 1132 4452; x_wconf 87' lang='lat' dir='ltr'><strong>promiserim</strong></span> <span class='ocrx_word' id='word_1_192' title='bbox 1167 4382 1239 4432; x_wconf 93' lang='lat' dir='ltr'><strong>non</strong></span> 
     </span>
     <span class='ocr_line' id='line_1_29' title="bbox 155 4476 1241 4583; baseline 0.006 -34"><span class='ocrx_word' id='word_1_193' title='bbox 155 4484 328 4575; x_wconf 88' lang='lat' dir='ltr'><strong>implesse.</strong></span> <span class='ocrx_word' id='word_1_194' title='bbox 364 4476 505 4571; x_wconf 79' lang='lat' dir='ltr'><strong>Singula</strong></span> <span class='ocrx_word' id='word_1_195' title='bbox 538 4485 677 4574; x_wconf 82' lang='lat' dir='ltr'><strong>qrridcm</strong></span> <span class='ocrx_word' id='word_1_196' title='bbox 713 4483 869 4555; x_wconf 76' lang='lat' dir='ltr'><strong>vellicant</strong></span> <span class='ocrx_word' id='word_1_197' title='bbox 906 4486 1029 4583; x_wconf 75' lang='lat' dir='ltr'><strong>fateor:</strong></span> <span class='ocrx_word' id='word_1_198' title='bbox 1071 4484 1241 4557; x_wconf 85' lang='lat' dir='ltr'><strong>universa</strong></span> 
     </span>
    </p>
   </div>
   <div class='ocr_carea' id='block_1_8' title="bbox 0 0 1401 5062">
    <p class='ocr_par' dir='ltr' id='par_1_8' title="bbox 0 0 1401 5062">
     <span class='ocr_line' id='line_1_30' title="bbox 0 0 1401 5062; baseline 0 0"><span class='ocrx_word' id='word_1_199' title='bbox 0 0 1401 5062; x_wconf 95' lang='lat' dir='ltr'><strong> </strong></span> 
     </span>
    </p>
   </div>
  </div>
 </body>
</html>
