2738 5062
142 669 180 731 38
481 683 523 730 ne
544 681 645 730 mnus
665 680 886 730 rxunnmuus

142 799 319 884 laudibus,
349 797 535 869 sedetiam
560 795 686 867 sabulis
707 798 820 866 locum
840 795 930 867 lecit.
958 795 1041 867 Haec
1060 805 1116 866 est
1140 798 1245 888 qure'

141 922 232 993 bene
250 921 394 993 meritos
414 929 451 990 et
470 919 629 991 viventes
647 919 682 988 in
701 919 803 990 terris
819 917 980 1000 celebrat,
998 928 1034 989 et
1049 918 1223 991 extinctos

142 1043 187 1115 ad
211 1047 339 1115 eoelum
371 1040 484 1128 effert,
512 1051 664 1132 tuncque
691 1040 883 1112 aeternitate
909 1040 1065 1112 victuros
1087 1041 1180 1114 elicit
1202 1064 1224 1114 e

143 1164 323 1260 sepulcris.
351 1163 575 1235 Credibiliora
593 1182 769 1234 recenseo.
790 1163 967 1246 Quantum
990 1183 1075 1233 sana
1098 1184 1225 1256 quam-

141 1309 210 1381 que
232 1308 419 1358 accensum
441 1286 609 1368 studium,
632 1296 761 1376 quanta
786 1286 875 1356 inter
899 1287 1055 1376 legentes
1079 1286 1225 1358 audien-

143 1422 267 1503 tesque
287 1410 433 1481 heroum
460 1411 549 1481 solet
573 1430 655 1479 esse
680 1407 870 1491 contentio,
893 1416 1032 1479 amante
1052 1429 1094 1478 ae
1116 1430 1224 1481 vene·

141 1540 240 1606 rante
256 1533 412 1627 quolibet
424 1553 494 1602 non
507 1553 610 1623 quem
625 1530 721 1614 vidit,
738 1530 802 1601 sed
821 1551 924 1622 quem
938 1531 1041 1600 lamae
1055 1526 1225 1603 eredidit?

140 1657 306 1747 Magnum
339 1655 429 1725 huc:
462 1652 557 1744 quod
591 1651 750 1745 sequitur
782 1650 918 1734 maius;
954 1650 1118 1744 quoniam
1155 1674 1226 1725 non

141 1775 246 1848 modo
264 1797 354 1867 quos
375 1796 445 1845 non
466 1774 634 1859 vidimus,
659 1796 722 1846 seu
740 1795 829 1867 quos
846 1773 968 1844 videre
984 1774 1223 1867 nequivimus,

143 1898 207 1969 sed
226 1897 332 1968 etiam
358 1919 449 1989 quos
476 1896 629 1982 odimuS,
651 1877 841 1968 mediatrix
859 1897 916 1967 illa
932 1897 1106 1981 conciliat,
1129 1899 1226 1992 quod

142 2029 178 2090 et
192 2019 347 2099 ,breviter
368 2019 475 2110 attigi,
498 2028 533 2089 et
549 2019 734 2090 dicendum
753 2029 808 2090 est
828 2018 941 2090 latius.
959 2020 1041 2091 Haee
1060 2030 1117 2091 est
1132 2020 1225 2092 enim

143 2163 234 2235 quae,
249 2142 340 2213 odiis
358 2142 393 2211 iu
411 2163 563 2211 amorem
581 2141 705 2226 versis,
724 2142 933 2234 praevalidas
953 2142 1228 2215 munitissimas·

143 2285 211 2355 que
229 2262 336 2333 urbes
352 2242 580 2356 expugnavit,
597 2284 678 2354 quae
696 2264 905 2354 gravissima
923 2286 1018 2358 saepe
1036 2264 1127 2336 bella
1143 2286 1227 2336 eon·

143 2383 230 2467 lecit,
252 2394 287 2455 et
307 2384 449 2455 Camillo
466 2382 605 2475 quidem
628 2385 758 2455 ferreas
775 2385 986 2456 Faliscorum
1009 2397 1125 2478 portas
1144 2408 1228 2479 ape·

144 2504 228 2589 ruit,
256 2487 429 2600 Pyrrhum
455 2527 573 2596 regem
601 2507 832 2598 ductoresque
856 2508 1056 2592 Romuleos,
1085 2508 1225 2580 Curium

144 2626 367 2720 rigidumque
388 2627 591 2711 Fabritium,
614 2638 743 2719 quanta
760 2650 842 2700 esse
859 2629 982 2721 potuit,
997 2629 1227 2701 familiaritate

144 2748 320 2820 devinxit:
341 2751 553 2820 Porsennam
577 2747 767 2841 superbum
789 2748 883 2820 illum
909 2750 1081 2840 lletruriaa
1101 2773 1227 2843 regna-

145 2884 266 2957 torem,
294 2871 340 2944 ah
364 2870 539 2943 obstinata
569 2871 693 2966 raptim
728 2871 909 2944 obsidione
940 2872 1114 2945 distraxit.
1145 2875 1227 2946 Haec

144 3005 276 3068 tantum
297 2995 462 3080 virorum,
485 3003 521 3067 et
541 3007 609 3067 tam
632 2997 759 3067 multos
780 2994 924 3066 orientis
945 2996 1102 3088 populos,
1122 2995 1227 3067 unius

143 3119 261 3191 viduae
287 3119 435 3190 subiecit
459 3117 617 3194 arbitrio:
645 3117 721 3188 hacc
746 3117 791 3187 ad
816 3138 929 3207 genua
955 3117 1105 3189 Caesaris
1133 3119 1225 3202 lulii,

143 3243 259 3314 adhuc
279 3245 396 3311 forsan
415 3238 548 3329 grande
567 3237 698 3328 aliquid
715 3259 874 3319 ausuros,
893 3238 1068 3310 Gallorum
1087 3241 1227 3329 regulos

144 3362 334 3443 inclinavit3
358 3363 435 3432 haee
451 3361 616 3451 Magnum
634 3359 834 3452 Pompeium
861 3361 906 3432 ad
926 3361 1099 3433 Posidonii
1117 3364 1224 3447 sores,

145 3485 221 3555 haec
237 3483 478 3554 Alexandrum
492 3482 717 3554 Macedonem
731 3483 776 3554 ad
787 3484 950 3575 Diogenis
965 3484 1094 3557 dolium
1107 3483 1226 3569 duxit;

145 3606 221 3678 haec
241 3607 316 3679 Tito
337 3604 537 3700 Imperatori
560 3605 699 3676 humani
718 3605 856 3697 generis
874 3629 1025 3679 assensu
1049 3607 1227 3699 gloriosis-

146 3729 269 3799 simum
287 3750 481 3820 cognomen
499 3725 626 3811 tribuit,
646 3726 862 3819 dilatumque
879 3728 1082 3800 Germanico
1096 3728 1129 3797 in
1147 3750 1228 3822 per·

146 3870 265 3920 sonam
288 3851 366 3921 lieet
382 3850 597 3922 immerentis
616 3849 675 3920 filii
693 3849 843 3920 restituit
860 3850 1097 3943 principatum.
1112 3849 1228 3943 Atque

145 3982 184 4043 ut
203 3972 332 4064 aliquid
352 3974 397 4045 de
419 3973 642 4046 Hebraeorum
665 3972 820 4044 historiis
841 3972 1018 4063 attingam,
1042 3972 1121 4045 hinc
1140 3997 1228 4066 quo-

145 4117 215 4189 que
240 4094 397 4167 miratrix
423 4096 479 4169 illa
504 4096 699 4170 Salomonis
724 4095 847 4186 regina
876 4095 922 4166 de
947 4103 1017 4166 tam
1039 4097 1227 4188 longinquo

29 4260 33 4269 -
145 4217 420 4314 Hierosolymam
448 4221 557 4304 venit,
585 4220 704 4293 visura
724 4216 818 4314 quod
838 4220 1007 4293 audierat.
1034 4221 1079 4290 Et
1098 4219 1226 4311 legatio

146 4340 337 4413 lllaclrabaei
363 4341 470 4415 maria
498 4343 670 4427 transivit,
698 4343 882 4417 amicitiam
904 4351 1075 4438 expetens
1101 4343 1226 4414 Roma-

148 4484 282 4534 norum.
