2738 5062
139 689 200 753 200
475 704 517 753 uc
537 703 638 753 aeuus
659 697 880 755 rturnrnnruus

140 843 195 912 vis
214 841 363 912 amicitia
387 862 471 912 vera
496 841 685 913 innumeris
705 843 988 916 oblectationibus
1007 857 1043 916 et
1062 867 1215 919 commo-

141 964 196 1038 dis
227 962 409 1057 abundet),
437 986 506 1036 non
531 965 705 1037 illecebrae
730 969 945 1060 voluptatum
976 967 1150 1062 (quamvis
1180 979 1216 1042 et

142 1110 225 1161 suas
245 1088 424 1161 illecebras
446 1091 557 1160 virtus
583 1089 732 1183 habeat),
753 1091 903 1184 denique
921 1090 1008 1161 nihil
1027 1091 1128 1162 vobis
1148 1091 1216 1163 nisi

140 1213 253 1284 virtus
270 1211 363 1283 nuda
376 1214 592 1307 proponitur:
611 1214 710 1285 cuius
728 1215 758 1284 si
774 1214 1047 1308 appetentissimi
1062 1214 1159 1299 estis,
1179 1224 1217 1285 nt

142 1336 233 1405 lama
252 1335 416 1427 loquitur,
435 1335 591 1406 certatim
612 1335 702 1407 illam
719 1336 872 1430 arripite,
891 1358 1004 1429 usque
1021 1335 1216 1408 aderitum

143 1458 285 1531 feliciter
305 1457 491 1542 cohaesuri3
512 1458 613 1542 unde,
635 1470 672 1529 ut
693 1480 781 1529 nuno
801 1461 953 1530 bumana
979 1458 1218 1549 indipnutionis

142 1582 362 1674 implacabiles
383 1583 492 1651 oculei
509 1583 656 1653 minimis
675 1584 749 1652 licet
768 1584 1009 1676 offensiunculis
1024 1584 1214 1665 irritentur,

140 1708 305 1801 perraris
324 1708 486 1800 coemptis
516 1708 602 1777 laus:
634 1704 808 1798 elenando
832 1715 923 1776 tanto
952 1706 1059 1775 maior
1077 1706 1218 1794 iufamia

143 1854 200 1901 vos
219 1841 342 1914 multet,
361 1841 483 1921 quanto
503 1833 612 1900 minor
627 1828 805 1924 impediens
825 1851 925 1899 causo
943 1821 1016 1898 est.¹
1038 1830 1149 1899 Tanta
1164 1838 1219 1901 est

142 1954 234 2026 enim
254 1953 415 2026 amicitiae
435 1952 581 2025 dulcedo
601 1963 641 2024 ut
655 1974 697 2025 ea
716 1950 829 2037 vobis,
848 1953 928 2023 lieet
944 1952 977 2022 in
991 1952 1127 2023 incultis
1145 1950 1218 2045 epi·

144 2079 243 2149 stolae
256 2099 345 2147 meae
358 2077 463 2162 vasis
478 2076 646 2170 apposita,
661 2074 728 2146 nisi
738 2075 872 2146 animos
884 2084 1022 2146 vestros
1036 2084 1220 2167 quantum-

60 2262 62 2266 ,
145 2199 228 2270 libet
249 2199 505 2270 stomachantes
527 2198 697 2282 allexerit,
716 2197 910 2270 verendum
932 2198 977 2268 sit
996 2218 1041 2267 ne
1062 2205 1218 2269 nontam

144 2320 221 2391 irati
241 2342 345 2412 quam
371 2320 548 2391 inhumani
574 2331 609 2393 et
634 2320 783 2392 immites
808 2342 889 2391 esse
913 2319 1118 2391 videamini:
1140 2340 1220 2412 quae

143 2443 336 2512 animorum
357 2442 493 2512 macula
512 2464 591 2512 eum
612 2443 774 2514 omnibus
794 2443 854 2536 qui
874 2442 993 2513 virtuti
1012 2451 1074 2513 eut
1099 2440 1220 2533 gloriae

144 2564 298 2649 student,
322 2572 393 2634 tum
416 2560 517 2634 vobis
539 2565 712 2657 praecipue
743 2575 812 2637 tam
838 2564 940 2635 claris
970 2564 1055 2635 viris
1083 2586 1220 2636 summo

145 2685 261 2759 studio
280 2686 445 2778 fugienda
461 2695 527 2758 est.
546 2687 719 2758 Hactenus
737 2687 823 2771 baeo,
842 2708 923 2780 quae
941 2707 1131 2779 generosos
1149 2686 1222 2758 ani·

145 2830 222 2883 mos
242 2818 379 2880 motura
399 2831 469 2880 non
499 2808 630 2881 dubito.
652 2807 805 2903 decedet
825 2831 1028 2881 serenarum
1059 2809 1220 2881 frontium

144 2956 187 3006 eo
220 2932 351 3026 gratior
390 2953 460 3026 quo
497 2931 627 3004 diutius
660 2931 856 3006 intermissa
888 2933 1084 3026 prasentia.
1121 2932 1222 3024 Saepe

146 3058 291 3130 multum
307 3055 471 3150 ponderis
489 3056 535 3128 ad
551 3055 781 3129 inclinandum
800 3056 952 3128 animum
970 3056 1088 3127 vultus
1106 3053 1220 3138 labet,

145 3190 336 3275 praesentes
357 3179 460 3262 oculi,
483 3181 567 3251 viva
583 3200 669 3262 vox;
687 3201 751 3250 neo
771 3177 853 3250 illud
871 3178 1060 3262 dissimulo,
1080 3200 1137 3249 me
1154 3199 1222 3249 nou

145 3306 378 3394 casualiquo,
400 3303 461 3374 sed
482 3302 633 3374 scienter
653 3301 720 3373 huo
742 3303 893 3373 traxisse
915 3323 1130 3385 sermonem,
1152 3320 1223 3393 quo

146 3427 249 3498 simul
269 3425 370 3497 vobis
388 3427 521 3517 longior
539 3448 634 3497 mora
648 3427 705 3509 sit3
719 3447 822 3517 quarn
841 3423 886 3495 ob
906 3447 1047 3496 eausam
1068 3425 1103 3494 in
1125 3435 1223 3517 tergo

147 3548 252 3619 huius
273 3547 396 3617 litterae
414 3547 579 3641 scriptum
592 3560 675 3631 erat,
692 3556 730 3618 ut
747 3546 899 3630 vidistis,
915 3569 1039 3640 nequa
1053 3570 1130 3619 eam
1149 3569 1223 3618 ma·

32 3760 41 3779 .
146 3691 213 3742 nus
233 3678 377 3740 externa
395 3670 626 3760 contingeret,
645 3693 713 3740 neu
730 3670 809 3763 quis
828 3682 984 3741 vestrum
1005 3692 1221 3742 communem

148 3796 243 3863 solus
264 3792 444 3885 epistolam
466 3792 626 3887 aperiret.
646 3792 815 3863 Omnibus
833 3793 944 3865 modis
957 3794 1013 3884 egi
1032 3803 1069 3863 ut
1084 3793 1144 3864 diu
1158 3814 1222 3867 vos

147 3916 181 3985 in
207 3917 375 4009 colloquio
400 3914 606 3987 detinerem:
632 3914 668 3986 id
693 3915 742 3986 uti
768 3939 811 3986 ne
838 3917 966 3987 frustra
998 3917 1137 3986 lecerim
1162 3937 1222 3987 oro

148 4059 225 4122 vos,
248 4061 394 4132 quorum
408 4039 452 4110 de
470 4036 631 4109 manibus
648 4039 811 4110 orationis
826 4059 914 4109 meae
927 4037 1055 4132 pendet
1067 4038 1220 4110 effectus.

146 4163 268 4234 Putate
290 4187 344 4234 me
364 4165 399 4234 in
420 4164 533 4235 medio
554 4163 662 4234 vostri
679 4185 774 4247 esso;
793 4162 839 4232 ibi
855 4162 944 4233 enim
965 4183 1057 4244 sum,
1076 4172 1112 4231 et
1129 4169 1221 4231 metu

148 4285 282 4356 crucior
302 4296 337 4356 et
357 4308 475 4358 amore
495 4287 616 4369 ardoo;
639 4287 763 4358 mirum
783 4307 926 4381 prorsus
946 4285 974 4356 si
993 4286 1061 4355 iam
1083 4306 1149 4356 vos
1168 4306 1221 4355 ar-

242 4476 249 4509 ¹
268 4477 324 4527 llac
345 4478 423 4527 altera
439 4479 536 4541 periodi
558 4491 615 4541 pars
631 4479 695 4527 adeo
710 4478 819 4542 implexa
835 4486 874 4529 est
893 4477 918 4528 in
931 4478 1060 4529 codicibus
1076 4479 1095 4529 C
1112 4478 1132 4529 E
1147 4484 1172 4529 et
1186 4477 1217 4537 F,

150 4567 179 4609 ut
191 4570 246 4610 eam
258 4569 382 4621 germanae
395 4557 495 4607 lectioni
508 4559 642 4608 restituere
654 4558 817 4622 nequiverim.
