2738 5062
148 700 207 763 tau
290 765 293 771 ,
486 713 527 761 uu
549 713 649 760 nunus
670 711 893 760 raururanmus

148 844 328 937 conqueri,
350 844 437 916 adeo
457 845 542 917 nihil
568 847 748 917 excelsum
775 854 830 915 est
855 845 970 916 animo
991 865 1127 915 summa
1153 848 1229 916 vol-

147 969 240 1039 venti
261 968 371 1040 donec
392 968 590 1060 pervenerit
607 989 677 1060 quo
699 965 860 1060 suspirat.
879 967 1068 1058 Epistulam
1086 966 1228 1059 quidem

146 1091 238 1164 illam
260 1091 347 1163 inter
369 1089 534 1185 temporis
555 1088 735 1182 angustias
763 1091 924 1186 scriptam
951 1088 1036 1160 nihil
1062 1090 1128 1160 nisi
1149 1090 1229 1161 bre-

145 1211 238 1283 vitas
255 1212 382 1284 indicio
398 1223 461 1284 est.
483 1212 558 1282 Nou
580 1213 670 1283 soles
691 1233 828 1283 mecum
848 1210 1036 1282 verborum
1057 1232 1139 1283 esse
1153 1192 1228 1283 *tam

144 1357 282 1429 parcus.
305 1335 374 1407 Sed
399 1356 443 1404 ne
469 1335 561 1406 illius
586 1334 751 1407 eximiam
779 1334 985 1405 brevitatem
1013 1334 1229 1427 multiloquio

143 1478 309 1551 premam,
328 1453 496 1549 quidquid
511 1456 614 1528 hodie
627 1454 876 1527 aeconomicum
894 1453 978 1524 mihi
994 1453 1119 1527 domus
1137 1463 1229 1525 attu-

145 1577 195 1662 lit,
218 1599 375 1650 seorsum
409 1580 517 1649 altera
550 1579 710 1670 perleges
744 1598 888 1672 papyro.
923 1576 974 1647 lta
1003 1577 1095 1647 enirn
1115 1577 1162 1648 ab
1184 1597 1230 1648 eo

145 1696 261 1773 studio
283 1709 448 1772 semotus·
461 1720 553 1779 sum,
575 1709 612 1770 ut
628 1717 743 1804 neque
764 1720 819 1770 me
840 1699 946 1790 digna
966 1702 1143 1784 censeam,
1165 1721 1229 1771 ne-

144 1845 213 1916 que
231 1822 487 1916 quodammodo
508 1843 586 1894 mea
605 1830 725 1915 putem
745 1842 976 1917 quaecumque
997 1822 1042 1894 de
1058 1822 1229 1894 domesti-

143 1948 194 2017 cis
214 1946 307 2018 curis
327 1946 455 2031 scribo,
475 1961 686 2039 quamquam
707 1943 754 2016 ibi
775 1945 952 2040 prtecipua
972 1945 1102 2016 mentio
1123 1943 1168 2016 sit
1188 1943 1229 2015 li-

143 2065 300 2152 brorum,
327 2090 474 2160 quorum
508 2088 564 2138 me
593 2065 698 2138 anxie
731 2049 873 2137 avidum
896 2087 966 2137 non
991 2064 1138 2156 negabo.
1164 2066 1228 2138 Hic

143 2206 199 2256 me
218 2185 365 2257 allectus
387 2207 407 2256 a
428 2187 609 2257 iuventute
633 2186 866 2281 prosequitur.
894 2186 1052 2280 Ineptum
1078 2189 1228 2259 tortasse

143 2308 236 2380 dieat
260 2307 395 2399 aliquis.
422 2307 514 2402 Quid
531 2307 621 2378 enim
645 2309 785 2380 stultius
806 2300 910 2402 quam
933 2309 1064 2380 solicite
1089 2329 1226 2402 quaere·

145 2449 197 2512 re,
234 2448 304 2520 quo
337 2437 437 2520 parto
473 2427 522 2497 uti
555 2428 718 2499 nescias?
747 2428 855 2512 Quasi
884 2451 954 2502 non
987 2431 1062 2502 iure
1094 2431 1226 2524 optimo

144 2549 288 2622 Flaccus
309 2547 465 2621 irrideat:

264 2722 295 2811 Si
312 2745 381 2827 quis
398 2752 479 2810 emat
495 2744 642 2824 citharas,
660 2749 776 2826 emptas
792 2753 963 2824 comportet
979 2747 1010 2808 iu
1027 2762 1125 2810 unum

266 2845 326 2909 Nec
343 2844 465 2910 citharae
482 2844 581 2908 studio
598 2861 653 2907 uec
670 2844 762 2911 llusae
779 2845 897 2908 deditus
914 2843 980 2909 ulli.

144 3050 242 3124 Nosti
259 3059 401 3136 caetera,
424 3052 536 3124 locum
558 3061 666 3124 tenes.
689 3052 723 3122 Si
745 3050 839 3145 quod
857 3071 942 3122 sane
968 3050 1051 3120 mihi
1079 3072 1158 3123 cum
1186 3054 1224 3123 li·

143 3172 216 3246 bris
235 3183 447 3270 potestesse
464 3175 724 3258 commercium,
746 3176 839 3246 hunc
856 3173 890 3244 in
910 3195 964 3244 me
981 3173 1142 3245 affectum
1156 3197 1223 3248 nou

144 3297 324 3368 mirabitur
347 3296 507 3390 quisquis
525 3296 700 3369 Ciceronis
722 3299 887 3393 epistolas
909 3294 1094 3389 aliquando
1113 3299 1223 3392 perle-

145 3420 247 3512 gerit,
270 3419 330 3490 ubi
353 3420 404 3489 vir
424 3420 501 3505 ille,
527 3421 628 3492 euius
649 3441 696 3491 ex
721 3419 862 3512 ingenio
886 3422 983 3490 velut
1001 3442 1022 3490 e
1041 3420 1135 3491 iente
1160 3442 1223 3514 pu·

143 3538 281 3613 rissimo
307 3550 413 3633 atque
433 3543 634 3637 plenissimo
658 3541 790 3614 fluebat
821 3541 989 3636 quidquid
1005 3552 1061 3612 est
1076 3565 1165 3638 pene
1183 3542 1222 3612 li-

143 3663 285 3735 brorum
307 3661 506 3748 illustrium,
528 3686 598 3758 quo
617 3675 721 3736 vetos
743 3664 894 3735 latinitas
916 3664 1092 3756 glorietur,
1115 3664 1221 3735 libros

144 3795 257 3858 tamen
284 3787 414 3857 alienos
436 3808 504 3858 non
524 3794 686 3882 appetere
706 3787 846 3858 videtur
867 3787 929 3859 sed
950 3786 1083 3858 ardere.
1102 3789 1223 3857 Hacte-

142 3930 209 3982 nus
230 3910 316 3983 haec.
337 3909 509 4005 Epistolas
529 3909 670 4003 quidem
692 3931 787 3982 meas
814 3912 944 4004 aliquot
976 3919 1036 3982 tuo
1069 3909 1138 3981 sub
1162 3930 1222 3982 ne

142 4031 234 4101 mine
253 4032 447 4128 descriptas
473 4033 518 4105 ad
544 4045 671 4106 tenen
696 4033 902 4130 pervenisse
928 4033 1010 4104 scio.
1037 4034 1132 4104 Facit
1158 4032 1222 4104 hoc

142 4149 225 4220 mihi
247 4155 477 4244 quorumdam
498 4154 739 4250 importunitas
760 4164 864 4246 atque
889 4153 1148 4247 improbissima
1169 4154 1222 4224 lit-

140 4281 292 4344 terarum
315 4277 405 4361 sitis,
429 4281 566 4371 qualern
588 4279 656 4372 pati
679 4281 791 4350 solent
811 4278 870 4373 qui
892 4276 1045 4349 febribus
1067 4291 1221 4349 aestuan-

140 4406 192 4466 tes
206 4395 345 4491 limphis
360 4399 492 4470 inhiant
508 4401 683 4473 nocituris.
700 4401 875 4495 Quidquid
888 4422 974 4493 ergo
986 4400 1112 4494 cuique
1126 4399 1221 4471 exci-

140 4518 191 4590 dit
225 4520 383 4595 sitienter
416 4522 649 4616 intercipiunt,
679 4547 742 4596 neo
776 4523 1011 4596 studiosorum
1043 4522 1219 4594 abstinent
