2738 5062
215 622 273 683 :ue
551 628 592 675 ns
614 627 714 676 uacus
736 626 958 676 rnursmnmus

196 754 199 759 ’
217 765 454 856 insigniorque
473 761 667 832 clementia.
686 759 772 832 lllud
793 763 881 832 torte
900 760 1007 831 etiarn
1029 767 1109 831 tuas
1129 762 1315 853 suspicio-

217 911 279 959 nes
292 881 585 975 exaggeratquod
600 892 680 951 ante
699 882 825 952 Christi
842 883 1034 953 adventum
1053 891 1106 954 tot
1123 884 1187 953 vel
1208 882 1314 975 inge-

217 1012 275 1080 nio
301 1009 358 1079 vel
384 1004 572 1076 moralibus
605 1002 796 1076 virtutibus
821 1006 1033 1076 excellentes
1066 1003 1171 1075 viros
1196 1005 1313 1077 luisse

220 1150 320 1199 nemo
340 1126 497 1205 dubitat;
523 1122 623 1194 nobis
648 1136 762 1195 autem
790 1126 892 1197 hodie
913 1127 1068 1197 funditus
1090 1128 1252 1198 virtutes
1277 1139 1312 1199 et

219 1249 395 1340 ingenium
413 1247 550 1317 deesse.
571 1246 705 1317 [tinam
725 1247 840 1319 minus
857 1247 1003 1318 evidens
1021 1248 1056 1319 id
1075 1251 1189 1321 loret:
1208 1258 1311 1321 nutat

219 1371 299 1440 lrinc
319 1369 478 1440 animus:
501 1376 536 1437 et
553 1367 645 1458 quod
665 1390 729 1438 cur
746 1367 845 1437 lieret
862 1390 930 1440 non
947 1370 1053 1453 videt,
1073 1371 1211 1441 lactum
1229 1391 1311 1443 esse

220 1513 288 1562 non
309 1489 427 1560 eredit.
450 1488 570 1558 Sedet
591 1488 656 1557 boc
675 1489 799 1559 eodem
817 1499 959 1579 spectat,
977 1499 1014 1561 et
1034 1492 1102 1560 tale
1124 1502 1193 1575 est,
1213 1490 1311 1583 quod

220 1611 439 1683 devotionem
461 1632 592 1701 augere
612 1619 717 1700 atpue
736 1610 963 1695 dilectionem,
986 1633 1055 1681 non
1077 1611 1312 1683 incredulita-

222 1744 289 1805 tem
303 1753 425 1824 parere
437 1729 628 1812 debuisset,
643 1741 678 1799 ut
690 1751 760 1821 quo
774 1730 987 1821 indigniores
1002 1752 1067 1801 nos
1078 1732 1311 1821 agnoscimus

221 1878 263 1927 eo
284 1854 450 1926 maiorem
471 1853 562 1924 illius
582 1874 665 1943 erga
686 1873 749 1923 nos
775 1849 1046 1923 munificentiam
1068 1872 1310 1944 agnoscamus

221 1990 256 2049 et
278 1979 453 2059 miremur,
473 1974 535 2045 sed
553 1996 620 2045 non
638 1994 750 2064 usque
770 1972 859 2043 adeo
881 1972 1047 2043 miremur
1066 1982 1104 2043 ut
1123 1994 1309 2065 negemus.

221 2100 308 2182 Quis
330 2098 422 2166 enim
443 2096 509 2213 nisi
531 2096 706 2186 pessimus
725 2117 745 2165 a
764 2094 905 2166 domino
926 2115 991 2164 suo
1011 2094 1114 2165 valdo
1134 2094 1215 2166 sine
1236 2115 1309 2167 mc-

223 2220 298 2289 ritis
322 2218 536 2297 honestatus
559 2225 619 2286 aut
639 2218 780 2286 domino
798 2215 952 2299 rebellat,
971 2223 1032 2285 aut
1048 2216 1185 2308 accepti
1202 2214 1310 2287 hene-

224 2337 291 2409 sreii
312 2336 537 2417 obliviscitur,
560 2346 595 2405 et
615 2358 682 2406 non
702 2337 816 2429 potius
833 2336 929 2419 dicit,
952 2336 1061 2427 gratis
1082 2359 1141 2410 me
1164 2338 1308 2421 amasti,

224 2460 404 2551 indignum
418 2456 617 2527 melioribus
632 2458 830 2547 praetulisti:
847 2458 957 2530 babeo
970 2457 1138 2548 gratiam:
1154 2480 1309 2553 agnosco

225 2584 319 2675 pium
343 2582 534 2663 dominum,
561 2599 713 2670 agnosco
738 2580 908 2651 fortunam
938 2581 1105 2672 optimam
1132 2602 1244 2675 quam
1274 2594 1309 2653 tu

226 2707 307 2777 milri
326 2703 451 2786 lecisti;
472 2703 707 2774 virtuosorum
726 2702 868 2793 praemia
889 2702 963 2773 sino
988 2702 1117 2774 virtute
1135 2703 1308 2797 percipio;

225 2830 310 2901 felix
330 2830 420 2898 ultro
441 2828 552 2897 lactus
574 2846 674 2905 sum;
697 2822 763 2894 hoc
784 2824 896 2915 ipsum
914 2843 984 2893 non
998 2833 1077 2895 meo
1091 2822 1228 2909 labore,
1248 2824 1310 2897 sed

226 2963 284 3021 tua
310 2950 551 3021 benevolentia
583 2946 770 3039 qnaesitun
796 2966 862 3016 non
888 2944 981 3029 mihi,
1007 2968 1075 3017 non
1101 2946 1220 3031 alteri,
1248 2946 1309 3018 scd

228 3072 288 3142 tibi
311 3072 368 3143 uni
388 3071 523 3142 debeo‘l
547 3069 638 3152 Quid
658 3078 774 3138 autem
793 3068 826 3135 in
847 3067 938 3136 omni
966 3067 1139 3153 doctrina,
1163 3088 1248 3163 quae
1266 3068 1310 3141 dc

227 3195 366 3265 Christo
381 3193 527 3264 traditur
540 3189 585 3265 ab
599 3191 641 3260 iis
658 3189 716 3281 qui
731 3189 912 3260 veritatem
931 3189 1053 3280 ipsam,
1072 3190 1133 3281 qui
1147 3192 1310 3263 Christus

228 3324 296 3396 est,
332 3314 493 3405 diligunt,
527 3313 611 3403 quid
644 3312 784 3402 inquam
818 3310 876 3379 vel
897 3309 1112 3403 impossibile
1139 3314 1215 3385 Deo
1239 3326 1308 3398 cst,

229 3435 287 3503 vel
314 3433 414 3504 nobis
448 3433 656 3515 incredibile,
685 3430 751 3501 nisi
775 3431 870 3521 quod
905 3440 999 3501 tanta
1034 3432 1097 3501 Dei
1132 3434 1311 3506 humilitas

229 3565 323 3626 tanta
344 3552 582 3622 misericordia
602 3564 639 3623 et
657 3556 742 3643 erga
762 3552 935 3622 lrominern
962 3552 1074 3644 pietas
1094 3554 1310 3641 ostenditur,

229 3689 267 3748 ut
286 3696 364 3746 earn
386 3672 445 3743 rix
467 3693 592 3766 cupere
614 3672 723 3765 possit
744 3693 842 3741 mens
865 3673 1031 3757 humana,
1053 3684 1088 3745 et
1110 3698 1172 3767 per
1193 3677 1311 3747 omnia

229 3820 352 3869 verum
379 3807 433 3867 est
462 3796 555 3889 quod
584 3795 632 3866 nit
657 3794 874 3884 Augustinus
908 3795 941 3866 in
971 3796 1108 3867 Psalmo
1135 3798 1311 3881 cxtvtt,

228 3921 385 4012 quonium
401 3921 462 3989 etsi
479 3928 568 3986 certo
587 3926 672 3999 sunt,
694 3940 766 4007 quoe
786 3919 923 3986 metitum
947 3919 1021 3985 loeto
1040 3926 1128 4002 stent,
1155 3922 1222 3988 vic
1242 3940 1313 3989 cre-

229 4040 375 4113 duntur?
401 4042 516 4114 Habes
537 4062 622 4132 ergo
642 4040 796 4111 mortalis
824 4037 1009 4111 homuncio
1033 4039 1124 4109 unde
1146 4041 1313 4113 incredu-

230 4163 323 4234 litate
356 4164 514 4256 deposita
548 4162 736 4253 gratiarum
764 4161 934 4252 suscipias
959 4158 1153 4230 actionem:
1181 4160 1313 4233 felicior

229 4285 340 4354 lactus
361 4305 524 4376 osquam
545 4282 689 4353 credere
709 4282 907 4374 potuisses:
929 4280 1033 4353 erede
1057 4282 1154 4375 quod
1181 4283 1313 4354 lactum

230 4412 296 4475 ost.
318 4405 395 4496 lpsa
413 4404 471 4475 bei
491 4402 666 4496 supientia,
688 4404 811 4474 unicus
833 4404 1140 4477 consubstantialis
1162 4398 1198 4475 ¹ct
1217 4424 1312 4475 cote
