2738 5062
363 646 455 695 iruna
477 642 727 695 nonusnnunlus.
740 645 942 694 -srrsronl
964 647 995 693 u.
1162 637 1221 698 sla

142 786 300 866 Mantua,
322 791 358 853 et
380 780 584 874 importunis
603 779 792 871 frigoribus
811 800 995 874 oppressa,
1017 784 1222 878 nivosisque

141 906 281 999 Alpium
300 915 335 976 et
351 902 547 998 Appennini
565 902 656 994 iugis
676 900 824 974 obsessa
837 902 989 993 Liguria.
1003 905 1220 996 Quamquam

141 1047 299 1122 praesens
319 1047 433 1097 annus
459 1024 519 1119 qui
543 1025 698 1095 novitate
729 1024 783 1095 sui
806 1024 968 1096 amonitus
994 1029 1096 1098 etiam
1118 1050 1222 1102 senes

141 1149 259 1231 habet,
281 1147 400 1219 nescio
430 1169 474 1218 an
504 1146 634 1238 aliquid
655 1167 772 1218 causae
798 1148 995 1221 secretioris
1020 1150 1220 1235 ostenderit,

141 1270 236 1365 quod
257 1270 386 1343 scilicet
406 1293 426 1342 e
444 1269 639 1342 Germaniae
656 1268 784 1340 linibus
806 1270 950 1343 veniens
967 1292 1083 1344 novos
1103 1274 1222 1345 Caesar

142 1395 231 1466 ooelu
249 1403 369 1464 nostro
391 1416 493 1465 suum
511 1395 597 1464 lorte
618 1392 730 1483 frigus
750 1392 939 1476 invexerit,
955 1394 1054 1465 cuius
1075 1396 1105 1466 is
1127 1396 1222 1488 rigor

142 1524 209 1600 est,
242 1523 282 1586 ut
310 1514 405 1609 ipsos
438 1536 577 1609 quoque
603 1516 795 1586 Germanos
828 1514 864 1585 in
897 1526 1075 1607 stuporem
1108 1526 1219 1608 cogat.

142 1639 241 1709 Certe
264 1658 333 1729 ego
357 1636 486 1708 nudius
515 1637 637 1708 tertius
664 1637 828 1720 Mantuae,
849 1657 920 1730 quo
945 1636 1123 1731 adipsum
1147 1640 1221 1711 Cae·

143 1781 257 1833 sarem
283 1761 431 1830 multum
461 1769 604 1850 rogatus
625 1780 860 1844 accesseram,
883 1759 917 1829 in
938 1759 1095 1830 familiari
1116 1763 1222 1831 collo-

144 1881 225 1973 quio
250 1900 320 1973 quo
349 1880 510 1975 princeps
531 1880 586 1952 ille
607 1879 830 1965 mitissimuS,
861 1881 979 1972 lingua
1004 1892 1039 1953 et
1065 1881 1220 1953 moribus

142 2025 212 2075 non
229 2001 343 2073 miuus
358 2002 496 2073 ltalious
508 2024 612 2093 quam
626 2002 832 2087 Germanus,
852 2026 908 2074 me
928 2025 1105 2095 nunqnam
1124 2013 1221 2074 ante-

143 2125 208 2196 hac
223 2136 455 2217 praeterquam
482 2123 516 2193 in
545 2123 667 2194 litteris
689 2123 819 2209 visum,
849 2124 1147 2221 saepeldignatus,
1170 2125 1221 2196 sic

142 2267 221 2317 eum
247 2245 418 2317 dicentem
441 2245 575 2328 audivi,
603 2247 665 2315 vix
687 2268 726 2318 se
746 2270 900 2339 unquam
932 2249 1000 2318 tale
1031 2246 1161 2340 aliquid
1185 2248 1221 2319 in

141 2367 325 2439 Germania
351 2368 516 2438 sensisse.
551 2367 614 2438 Cui
648 2390 714 2460 ego
747 2370 931 2464 respondi:
960 2373 1048 2442 forte
1084 2372 1220 2442 coelitus

142 2499 256 2561 actum
289 2509 440 2560 essene
474 2487 573 2560 miles
597 2489 792 2562 teutonicus
826 2492 975 2563 subitam
1006 2490 1084 2561 coeli
1109 2501 1222 2561 muta-

143 2612 268 2682 tionem
291 2621 327 2682 et
348 2610 497 2681 italicam
523 2612 723 2704 temperiem
747 2612 961 2683 exhorreret.
982 2611 1079 2681 ltlitto
1105 2621 1220 2681 autem

142 2732 228 2803 haec.
249 2730 367 2801 Hiems
389 2730 553 2827 zephyris
575 2731 690 2817 cedet,
713 2742 820 2803 aestas
845 2733 1081 2824 aquilonibus,
1104 2734 1221 2804 omnia

143 2851 320 2924 senectuti.
343 2852 467 2925 Veniet
487 2853 564 2925 dies
583 2874 664 2945 quae
684 2853 809 2924 diebus
829 2854 991 2925 omnibus
1012 2866 1140 2927 metam
1158 2878 1221 2949 po-

142 2983 216 3059 nat,
242 2984 279 3045 et
304 2974 394 3046 hanc
428 2985 620 3069 temporum
646 2974 849 3045 varietatem
876 2973 1010 3045 stabilis
1038 2976 1221 3049 concludet

141 3095 329 3168 aeternitas.
359 3096 490 3166 Natura
523 3117 625 3167 suum
659 3117 762 3189 opus,
793 3105 951 3168 nostrum
984 3097 1120 3167 interim
1154 3118 1218 3170 nos

142 3237 299 3307 agamus.
329 3215 499 3311 liquidem
523 3239 593 3289 non
620 3240 676 3290 me
701 3220 780 3311 gelu
802 3217 1044 3311 quodcumque
1065 3217 1218 3311 Riphaeis

142 3338 319 3410 montibus
351 3340 591 3431 Maeoticisque
618 3340 803 3435 paludibus
829 3340 964 3412 adiacet
993 3340 1219 3413 retardasset.

141 3462 249 3533 Multa
276 3460 430 3533 seribere
454 3461 649 3554 cupiebam,
673 3462 702 3533 si
727 3462 860 3533 litteras
889 3474 967 3534 tuas
996 3463 1219 3556 intempore

142 3583 369 3676 recepissem;
398 3584 461 3655 sed
493 3582 575 3655 dum
609 3585 675 3656 iste
698 3584 754 3654 vir
781 3587 896 3656 clarus
928 3598 963 3656 et
988 3586 1088 3657 nobis
1114 3603 1218 3657 carus

142 3705 254 3796 attigit
273 3703 522 3789 Mediolanum,
544 3705 702 3790 aberam,
730 3716 768 3777 ut
792 3706 877 3778 dixi.
903 3709 978 3779 Huc
999 3729 1164 3779 reversus
1184 3719 1219 3778 et

143 3837 221 3896 tuas
255 3825 495 3897 ornatissimas
532 3838 682 3919 quatuor
713 3827 878 3919 epistolas
911 3827 1039 3919 quibus
1078 3828 1217 3898 totidem

142 3949 244 4034 meis,
271 3970 351 4020 sero
375 3949 469 4031 licet,
492 3947 630 4019 abunde
656 3957 770 4017 tamen
796 3949 1008 4020 satisfactum
1034 3950 1156 4031 lateor,
1184 3960 1220 4019 et

141 4070 287 4142 latorem
301 4071 432 4142 abitum
446 4070 668 4143 meditantem
686 4071 805 4163 reperi.
821 4071 1081 4163 Supervacuum
1100 4070 1217 4141 visum

140 4203 196 4265 est
217 4194 379 4265 inchoare
399 4193 494 4285 quod
511 4191 675 4286 perlicere
697 4213 763 4262 non
785 4201 870 4263 erat.
884 4192 1028 4284 Reliqua
1048 4192 1153 4283 igitur
1173 4190 1219 4262 ad

141 4337 245 4388 suum
267 4315 375 4399 diem,
399 4315 458 4408 qui
487 4315 620 4408 longior
644 4318 730 4387 lorle
755 4314 895 4386 dabitur
921 4325 1024 4408 atque
1052 4314 1219 4405 tranquil-

142 4438 216 4509 lior.
245 4439 283 4507 ln
304 4437 370 4508 hoc
391 4435 539 4508 brevi'et
560 4437 697 4508 turbido
714 4437 761 4506 nil
779 4436 872 4506 aliud
893 4438 1055 4518 dixerim,
1078 4437 1143 4505 nisi
1171 4435 1216 4503 nil
