2738 5062
454 738 547 787 crenn
568 736 897 787 uenus—urrerem
918 739 959 787 ru.
1205 723 1244 785 ta

170 880 356 977 respondet
375 882 505 953 altera:

208 1054 346 1131 Namque
362 1053 479 1113 ecastor
495 1064 582 1113 amor
598 1056 627 1113 et
645 1049 734 1113 melle
752 1057 783 1113 et
794 1051 862 1115 telle
878 1058 924 1115 est
940 1051 1200 1117 fecundissimus:

210 1149 316 1216 Gustu'
327 1150 377 1214 dat
394 1149 490 1225 dulce,
506 1164 645 1212 amarum
663 1150 701 1214 ad
716 1148 885 1215 satietatem
901 1166 1001 1230 usque
1021 1151 1148 1230 oggerit.

170 1309 238 1380 Sed
259 1313 406 1380 sortasse
423 1307 515 1378 dicat
535 1307 659 1400 aliquis
680 1307 745 1379 hoc
763 1308 865 1379 sexui
885 1307 1050 1380 tributum
1067 1304 1122 1381 cui
1136 1307 1248 1402 impar

169 1455 249 1504 cum
266 1429 489 1525 passionibus
506 1429 611 1501 animi
629 1432 721 1502 lucta
737 1438 803 1501 est.
817 1428 906 1502 Audi
921 1453 1006 1524 ergo
1018 1431 1103 1526 quid
1118 1431 1247 1503 ibidem

170 1555 290 1650 paucis
299 1551 760 1625 interiectisvalidiorsexus
774 1551 880 1624 dicat:
893 1552 1006 1625 Credo
1018 1574 1093 1645 ego,
1108 1539 1245 1645 inquit*

187 1715 275 1774 Credo
286 1730 338 1789 ego
348 1728 472 1772 amorem
486 1714 604 1784 primum
617 1713 691 1785 apud
702 1714 829 1772 homines
839 1712 1029 1773 carnificinam
1041 1722 1245 1774 commentum:
1285 1682 1292 1729 ⁸

187 1805 264 1864 Hanc
279 1820 330 1878 ego
345 1805 380 1862 de
395 1802 440 1863 me
454 1804 639 1862 coniecturam
652 1803 726 1861 dorni
743 1803 821 1875 racio,
836 1805 1097 1878 minuscularum,

189 1896 241 1964 Qui
255 1909 354 1953 omnes
368 1894 495 1952 homines
509 1908 610 1966 supero
625 1901 708 1965 atque
720 1893 829 1951 antideo
844 1893 1090 1953 cruciabilitatlbus
1104 1892 1198 1951 animi.

185 1983 288 2056 Iactor,
303 1984 426 2054 crucior,
441 1983 543 2057 agitor,
559 1981 702 2053 stimulor,
718 1997 817 2042 versor
829 1984 859 2040 in
872 1982 976 2042 amoris
990 1990 1053 2041 rota
1066 1983 1162 2052 miser,

186 2073 348 2141 Exanimor,
363 2072 447 2141 teror,
461 2071 583 2139 dilleror,
599 2072 747 2142 distrahor,
763 2073 887 2151 diciplor,
903 2074 941 2131 ita
955 2071 1080 2131 nubilam
1095 2078 1219 2131 mentem

187 2159 278 2218 Animi
291 2159 393 2216 habeo:
411 2157 457 2216 ubi
473 2173 535 2216 eum
550 2157 588 2214 ibi
602 2173 658 2215 non
670 2174 747 2230 sum,
762 2160 810 2219 ubi
824 2175 879 2219 non
892 2175 954 2218 sum
969 2159 1006 2217 ibl
1021 2166 1063 2219 est
1077 2159 1195 2220 anlmus

185 2247 226 2305 lta
240 2261 285 2305 me
299 2241 380 2304 am'or
394 2244 499 2303 lassum
514 2245 599 2302 animi
613 2244 754 2319 ludldcat,
770 2248 860 2321 rugat,
876 2249 949 2322 agit,
965 2250 1085 2322 appetit,

186 2338 298 2409 Romal,
313 2335 426 2406 retinet,
442 2335 537 2404 iactat,
554 2334 684 2409 largitur,
700 2337 776 2409 quod
790 2338 837 2396 dat
851 2352 908 2396 non
922 2338 981 2410 dat,
998 2338 1121 2410 deludit,

188 2425 266 2484 llodo
280 2423 352 2497 qurod
363 2424 449 2481 suasit
461 2423 615 2497 dissuadet,
631 2425 706 2498 quod
719 2424 849 2487 dissuasit
864 2427 892 2485 ld
907 2436 1035 2488 ostentat.

171 2591 214 2662 m
230 2592 305 2663 haec
327 2590 469 2685 quidem
499 2591 566 2661 ille.
600 2591 693 2676 Quid
721 2597 863 2666 autem?
892 2593 1015 2667 haecne
1044 2593 1106 2665 tibi
1139 2592 1250 2666 verba

170 2713 347 2808 tranquilli
365 2712 469 2784 animi
488 2713 672 2785 videntur?
697 2715 808 2789 Crede
832 2716 925 2802 mihi,
945 2717 1004 2810 qui
1026 2717 1077 2790 sic
1096 2717 1250 2810 loquitur

168 2839 259 2909 male
276 2837 376 2909 iacet.
394 2837 464 2908 Sed
485 2837 550 2908 hoc
570 2837 690 2909 fictum
710 2859 732 2908 a
756 2851 858 2933 poeta
883 2839 974 2911 dicat
999 2841 1136 2934 aliquis.
1163 2839 1249 2922 Quis

170 2959 238 3029 hoc
254 2958 385 3029 nescit‘l
403 2957 449 3029 At
468 2958 553 3028 nihil
573 2959 641 3030 nisi
659 2968 794 3029 naturae
811 2971 1080 3032 consentaneum
1094 2962 1155 3029 lex
1167 2981 1251 3054 poe-

172 3081 239 3153 tica
259 3078 343 3172 fingi
363 3080 461 3153 sivit:
483 3091 519 3152 et
537 3081 603 3152 hoc
624 3099 710 3172 ergo
730 3079 856 3150 iterum
873 3080 977 3151 crede
995 3090 1151 3176 experto,
1166 3079 1249 3151 nihil

171 3203 255 3297 fingi
275 3204 481 3288 naturalius,
504 3203 588 3274 nihil
606 3202 673 3276 hoc
686 3201 806 3275 verius
819 3202 888 3274 dici
901 3223 1016 3296 posse.
1031 3204 1150 3296 Itaque
1163 3225 1252 3298 quo-

171 3330 277 3415 niam,
311 3338 351 3400 ut
378 3351 504 3400 verum
532 3328 655 3412 fatear,
683 3325 856 3400 inescatos
888 3327 1011 3399 hamos
1037 3327 1186 3421 gutturi,
1211 3348 1251 3398 ac

172 3474 301 3526 suaves
317 3453 461 3525 auribus
480 3451 639 3523 Sirenum
661 3459 785 3524 cantus
809 3460 845 3522 et
869 3452 1055 3546 perplexos
1083 3450 1152 3522 tuis
1190 3471 1251 3545 pe-

172 3575 274 3650 dibus
295 3578 438 3670 laqueos
459 3584 655 3669 permetuo‚
677 3594 800 3669 quaeso
821 3583 868 3659 te,
883 3572 1106 3667 obtestorque
1119 3596 1181 3669 per
1194 3593 1252 3645 sa-

173 3699 277 3771 lutem
295 3708 392 3771 tuam
413 3709 451 3769 ut
470 3698 545 3793 ipse
567 3697 627 3769 tibi
647 3699 826 3779 consulaS,
853 3696 967 3788 deque
997 3695 1110 3767 aliena
1136 3694 1251 3787 perni-

174 3820 237 3906 cie,
256 3844 336 3915 quae
354 3843 434 3892 cum
454 3831 574 3892 nostra
594 3818 760 3892 moestitia
780 3819 897 3890 iuncta
918 3828 985 3903 est,
1001 3819 1174 3914 propriam
1189 3814 1251 3886 tibi

174 3941 333 4018 conficias
350 3944 561 4029 cautionem,
584 3964 709 4035 magno
725 3964 745 4014 e
763 3943 854 4013 malo
871 3942 936 4013 hoc
954 3943 1077 4013 saltem
1095 3940 1175 4012 boni
1188 3938 1251 4010 eli-

173 4067 281 4154 ciens,
304 4069 520 4161 exemplum,
542 4087 612 4160 quo
627 4075 664 4138 ut
676 4066 808 4135 nullum
823 4064 966 4146 tristius
981 4063 1031 4134 sic
1044 4063 1175 4133 nullum
1188 4083 1251 4158 po

174 4196 262 4259 terat
271 4210 353 4260 esse
367 4186 599 4282 conspectius.
617 4183 832 4258 Ardentibus
847 4183 951 4256 vicini
963 4182 1110 4268 aedibus,
1125 4205 1250 4277 aquam

175 4310 241 4380 tuis
261 4311 425 4382 iniectare
454 4332 498 4382 ne
526 4309 683 4392 differam
717 4305 849 4377 lubrica
882 4306 1022 4380 flamma
1053 4318 1123 4392 est;
1152 4307 1251 4379 facile

174 4433 281 4528 serpit
302 4432 514 4519 incendium,
538 4430 597 4505 ubi
614 4430 765 4502 maxime
787 4430 881 4501 venti
913 4430 1010 4516 flant,
1038 4427 1132 4523 quod
1156 4429 1192 4498 in
1216 4434 1250 4497 te

267 4576 275 4610 ¹
292 4579 347 4630 scr.
361 4577 392 4630 u.
404 4578 444 4630 se.
456 4578 475 4628 ι.
