2738 5062
143 605 199 665 138
475 615 516 665 uu
538 616 638 664 aeuus
659 611 882 663 r'uurtmmuus

142 753 232 825 ruris
252 750 360 823 abditi
381 758 416 820 ct
437 749 570 820 silentis
597 750 656 819 ubi
681 748 726 821 ab
755 748 895 819 ineunte
919 754 1023 821 atate
1049 756 1210 821 versatus

143 899 234 959 sum,
259 884 296 944 ut
316 873 430 944 minus
452 873 556 943 mirer
576 871 756 943 Camillum
779 893 953 943 summum
978 869 1074 943 illum
1100 869 1211 943 virum

140 997 295 1091 potuisse
328 998 465 1066 exulem
497 995 617 1087 patriae
648 993 858 1067 desiderium
892 1006 928 1064 et
960 992 1093 1065 romani
1126 992 1212 1065 situs

143 1120 269 1193 sentire
287 1118 521 1202 dulcedinem,
544 1141 622 1189 eum
639 1141 705 1210 ego
723 1117 857 1190 italicus
875 1115 986 1201 homo,
1004 1115 1049 1188 ad
1067 1113 1153 1187 Arni
1169 1114 1214 1185 ri·

141 1265 219 1338 pum
234 1242 382 1334 genitus,
397 1242 462 1312 loci
479 1240 696 1312 dulcedinem
709 1239 909 1333 transalpini
926 1239 1107 1311 senserim.
1126 1238 1214 1310 Saue

141 1364 357 1436 consuetudo
383 1364 516 1456 longior
535 1365 570 1431 in
590 1372 750 1433 naturam
776 1363 938 1433 vertitur:
959 1361 1041 1432 hinc
1060 1360 1119 1433 illa
1139 1381 1216 1433 oes-

142 1497 195 1558 sat
206 1487 403 1569 admiratio,
422 1510 485 1558 cur
504 1499 572 1557 tam
589 1486 714 1580 cupide
732 1507 853 1556 verser
869 1485 905 1554 iu
923 1482 1051 1555 linibus
1070 1482 1213 1553 alienis:

141 1632 209 1680 usu
229 1610 320 1679 enim
345 1609 414 1679 iam
441 1611 531 1680 ruris
553 1609 656 1680 huius
689 1610 799 1681 incula
819 1610 929 1680 lactus
951 1628 1045 1690 sum,
1079 1615 1115 1679 et
1146 1605 1215 1678 huc

142 1731 285 1802 veniens
321 1731 355 1802 in
380 1733 525 1825 patriam
561 1754 672 1804 mcam
706 1732 936 1824 commigrare
963 1729 1048 1801 mihi
1082 1730 1212 1805 videor.

140 1855 231 1925 Nihil
252 1866 368 1927 autem
390 1880 443 1927 me
465 1856 704 1927 vehementius
725 1854 834 1926 movit
852 1876 957 1947 quam
984 1874 1066 1948 spes
1091 1852 1214 1945 ingens

142 2000 340 2071 supremam
367 1979 543 2073 opusculis
572 1979 782 2072 quibusdam
808 1977 895 2050 meis
920 1976 1119 2069 imponendi
1143 1998 1216 2051 ma-

141 2125 241 2184 num,
264 2112 300 2171 ut
320 2102 375 2171 hic
397 2101 545 2193 incepta,
567 2103 640 2172 Deo
672 2101 827 2194 auspice,
859 2100 928 2183 hio,
959 2099 1083 2171 eodem
1112 2098 1212 2183 duoe,

143 2220 315 2292 finiantur.
331 2223 365 2291 Si
379 2231 494 2292 autom
508 2244 615 2296 morae
629 2244 717 2295 meae
729 2223 763 2293 in
777 2223 832 2294 his
850 2222 934 2294 loeis
953 2223 1215 2317 spatium‘quae·

143 2346 205 2430 ris,
228 2345 357 2416 ineerta
384 2368 441 2416 res
475 2354 544 2430 cst,
568 2346 657 2417 sicut
690 2356 836 2418 ventura
863 2345 1037 2440 quaeliltet.
1059 2346 1131 2417 lam
1151 2345 1216 2421 iter

144 2469 333 2561 ingressus
351 2468 552 2563 priusquam
566 2468 661 2539 ltalia
673 2466 887 2553 excederem,
906 2469 989 2540 dum
1007 2468 1127 2541 amieis
1143 2466 1216 2541 nhi-

144 2601 216 2663 tum
237 2613 350 2661 meum
384 2599 420 2662 et
453 2590 619 2663 redeundi
639 2592 852 2684 propositum
875 2591 997 2662 litteris
1017 2590 1214 2673 indicarem,

144 2715 265 2811 scripsi
288 2738 342 2785 mc
364 2724 530 2787 autumno
548 2713 708 2807 proximo
724 2736 957 2785 reversurum.
976 2715 1027 2784 lta
1046 2723 1127 2787 tuno
1143 2713 1216 2809 opi-

145 2839 261 2911 nabar.
282 2839 350 2911 Sed
370 2859 546 2932 nunquam
565 2837 654 2910 bene
671 2836 853 2909 consilium
868 2836 1001 2928 capitur
1018 2835 1064 2907 de
1082 2836 1215 2929 longin-

144 2982 224 3053 quo.
245 2964 353 3034 Vetus
374 2962 519 3034 verbum
534 2975 597 3045 cst,
612 2960 837 3053 gladiatorem
855 2959 888 3028 in
909 2980 1015 3029 arena
1034 2958 1214 3031 consilium

144 3105 281 3177 capere:
303 3096 509 3178 praesentem
536 3107 617 3155 esse
642 3091 779 3176 oportet
811 3084 869 3176 qui
903 3083 1087 3155 deliberat:
1109 3084 1215 3155 multa
1263 3086 1267 3091 ’

147 3226 240 3297 saepe
262 3216 453 3297 temporum
475 3205 640 3287 conditio,
664 3205 769 3274 multa
790 3206 941 3275 locorum
962 3203 1080 3287 sacieS,
1110 3207 1217 3277 multa

145 3327 351 3418 colloquium
389 3327 577 3397 amicorum
612 3327 753 3397 innovat
786 3328 819 3396 in
855 3326 1008 3397 consiliis
1042 3326 1217 3399 humanis.

146 3448 320 3531 Quantum
353 3471 439 3519 vero
471 3448 515 3519 dc
547 3449 732 3542 praeteritis
766 3451 879 3521 sutura
911 3449 1067 3531 coniicio,
1091 3450 1218 3523 biennii

149 3582 285 3666 tempus
319 3571 364 3643 a'd
396 3571 431 3643 id
464 3572 557 3664 quod
582 3572 702 3644 molior
723 3572 808 3643 satis
828 3572 906 3655 erit,
941 3583 976 3643 et
1007 3572 1079 3643 lere
1112 3573 1220 3647 huius

147 3694 310 3789 temporis
332 3695 443 3788 spatio
466 3695 614 3765 italicam
648 3704 684 3764 ct
716 3694 872 3785 gallicam
904 3693 1024 3765 sedem
1045 3695 1221 3769 alternare

147 3821 252 3890 solco.
274 3818 442 3902 Quamvis
471 3841 538 3889 non
568 3818 632 3888 sim
664 3816 818 3901 nescius,
840 3838 908 3886 non
930 3815 1058 3886 biennii
1085 3828 1221 3890 tantum

146 3944 210 4015 sed
231 3945 334 4014 unius
362 3943 465 4015 etiam
485 3941 553 4015 diei
578 3964 660 4037 spes
687 3942 881 4033 ambiguas
903 3963 1110 4035 semperque
1136 3943 1221 4013 mihi

146 4068 311 4160 placuerit
332 4067 482 4159 religiosi
506 4065 598 4138 senis
621 4065 779 4146 uerbum,
801 4063 861 4156 qui
882 4087 902 4135 a
923 4085 1017 4156 rego,
1042 4071 1079 4134 ut
1100 4064 1219 4145 aiunt,

147 4210 225 4259 soro
246 4189 290 4260 ad
309 4193 495 4262 erastinum
522 4190 704 4283 prandium
731 4189 912 4272 invitatus²
936 4188 1127 4259 crastinum
1155 4188 1221 4261 sibi

147 4314 277 4384 nullum
290 4336 370 4384 esse
385 4311 569 4407 respondit.
592 4314 763 4383 Praeclare
784 4312 924 4404 quidem
938 4334 978 4384 ac
996 4314 1167 4403 graviter,
1185 4322 1223 4383 et

148 4458 213 4507 non
236 4457 274 4507 se
294 4438 431 4507 fallente
460 4437 589 4521 animo,
618 4446 654 4509 ut
680 4457 806 4529 magna
826 4456 907 4527 pars
930 4435 1118 4521 hominum,
1141 4456 1221 4530 quae
