2738 5062
139 602 199 664 tlt
257 615 260 619 ’
481 614 522 661 uu
539 614 641 665 nonus
661 612 883 664 rtunrrnrous

140 754 226 825 abes
251 750 334 823 felix
356 752 538 845 utriusque
558 751 687 842 linguae
707 750 826 823 notitia
844 752 1037 843 -singulari;
1062 752 1228 827 llarlnnm

142 888 298 947 nostrum
320 873 403 944 milri
425 894 520 945 mers
537 873 692 953 abstulit,
710 884 760 959 et,
779 884 818 945 nt
835 894 958 945 verum
980 876 1104 957 fatear,
1128 876 1227 949 illum

141 1019 207 1089 ego
224 996 308 1066 mihi
326 997 421 1088 prius
440 994 663 1067 abstuleram.
682 994 850 1065 iacturam
867 1014 979 1065 meam
997 994 1083 1065 dum
1101 994 1227 1069 honori

141 1120 220 1191 eius
239 1119 457 1189 consulerem
480 1137 548 1187 non
569 1117 709 1209 aspexi:
731 1116 846 1209 itaque
865 1118 948 1189 dum
970 1116 1015 1188 ad
1036 1116 1229 1212 Episcopa-

143 1253 216 1312 tum
237 1239 461 1310 scandentem
483 1237 631 1311 sublevo
657 1238 860 1330 magistrum
887 1240 1036 1331 perdidi,
1064 1240 1229 1334 subque

144 1360 291 1431 militare
312 1380 485 1453 coeperam
505 1381 727 1452 magnacum
746 1382 819 1454 spe.
838 1362 958 1453 Longe
974 1363 1087 1457 impar
1103 1366 1226 1447 fateor,

146 1483 195 1556 tui
216 1494 251 1554 et
272 1482 362 1553 illius
385 1482 482 1553 ratio.
501 1484 551 1553 Tu
569 1482 654 1551 mihi
666 1485 788 1567 multa,
802 1504 869 1575 ege
886 1483 945 1554 tibi
964 1484 1049 1576 quid
1066 1486 1228 1557 conferre

144 1606 277 1701 possim
298 1626 367 1679 nen
384 1604 550 1697 intelligo:
570 1604 627 1677 ille
647 1617 777 1689 autem,
799 1628 878 1676 cum
900 1609 1007 1679 multa
1029 1607 1113 1677 mihi
1139 1628 1229 1699 quo-

146 1730 275 1803 tidiano
302 1727 502 1821 magisterio
526 1728 692 1820 cepisset
716 1728 931 1820 impendero,
963 1750 1032 1799 non
1062 1730 1228 1823 pauciora

143 1853 301 1946 quidem,
323 1872 419 1947 saepo
438 1852 542 1923 etiam
563 1854 698 1923 lucrum
719 1851 842 1943 ingens
859 1871 906 1922 ex
922 1852 1086 1923 convictu
1106 1865 1228 1925 nostro

22 2042 26 2049 .
145 1998 226 2047 sese
243 1975 423 2068 percipere
452 1975 625 2048 fatebatur
655 1972 789 2045 urbane
813 1973 931 2044 nescio
960 1994 1006 2044 an
1039 1996 1142 2047 vere:
1163 1976 1228 2049 sed

144 2108 220 2169 orat
240 2097 296 2167 ille
313 2096 383 2181 vir,
406 2109 443 2169 ut
463 2096 756 2193 locupletissimus
774 2114 915 2187 graeoae‚
934 2095 986 2167 sie
1003 2118 1160 2169 remanae
1177 2098 1227 2169 ia·

145 2216 283 2287 cundiae
305 2217 560 2308 pauperrimus,
579 2219 689 2311 etqui
707 2216 978 2309 ingenieagilis‚
997 2218 1227 2293 enunciandis

146 2348 261 2407 tamen
274 2336 456 2409 affectibus
474 2338 657 2413 laboraret.
675 2341 795 2432 ltaque
812 2340 980 2423 vicissim,
999 2349 1123 2432 elego
1140 2338 1228 2413 lines

145 2480 241 2545 suos,
263 2461 322 2531 illo
342 2460 444 2543 duce,
468 2462 601 2555 trepide
623 2463 794 2546 subibam,
814 2473 850 2535 et
866 2462 922 2535 ille
942 2475 1023 2558 post
1048 2485 1107 2535 me
1133 2484 1227 2559 saepe

146 2584 274 2655 nostris
296 2585 332 2654 in
353 2581 483 2656 finibus
502 2583 701 2669 oberrabat,
724 2607 935 2678 quamquam
963 2585 1143 2658 stabiliore
1165 2606 1228 2657 ve-

147 2708 261 2799 stigio.
284 2707 371 2777 Nam
388 2718 425 2777 et
442 2706 499 2777 tic
518 2728 658 2800 queque
676 2706 762 2779 ratio
781 2706 935 2778 diversa.
959 2706 1009 2776 llli
1033 2706 1128 2777 enim
1150 2708 1226 2801 plus

148 2831 256 2901 multo
277 2829 386 2911 latini,
408 2851 513 2922 quam
541 2829 624 2899 milri
655 2829 760 2922 graeci
785 2839 860 2901 erat
884 2828 1023 2921 eloquii.
1050 2830 1128 2921 Ego
1156 2842 1225 2900 tum

147 2951 297 3044 primum
323 2952 543 3034 inchoabam,
571 2951 820 3043 aliquantulum
847 2952 903 3021 ille
930 2960 1165 3043 precesserat,
1193 2964 1228 3020 ut

147 3075 206 3167 qui
226 3075 338 3148 italica
355 3085 459 3146 natus
476 3084 573 3145 esset
590 3073 626 3144 in
641 3072 790 3156 Graecia,
806 3073 915 3166 etqui
934 3074 1013 3143 lieet
1029 3082 1134 3145 aetate
1151 3094 1227 3167 pro
1249 3170 1253 3175 ἱ

148 3200 299 3281 rectior,
346 3197 527 3268 latinorum
570 3196 871 3268 conversationem
918 3195 1228 3295 magisteriumque

149 3318 306 3401 sortitus,
329 3319 374 3389 ad
396 3330 554 3390 naturam
575 3318 747 3412 propriam
769 3316 902 3389 facilius
924 3328 1104 3391 remearet.
1127 3320 1225 3391 illum

149 3461 256 3521 mors,
281 3448 318 3509 ut
343 3443 445 3530 paule
470 3452 552 3512 ante
574 3450 723 3533 questus
745 3462 837 3525 sum,
865 3452 899 3511 te
924 3439 1007 3511 milri
1034 3441 1137 3512 morti
1159 3462 1227 3513 non

149 3560 319 3634 absimilis
341 3562 430 3651 rapit
449 3562 619 3633 absentia.
646 3563 721 3635 Etsi
741 3563 848 3646 enim,
868 3563 1080 3657 ubicumque
1101 3565 1167 3650 sis,
1185 3560 1229 3636 de

150 3694 244 3755 tanto
265 3680 436 3773 gaudeam
462 3684 584 3767 amico,
612 3685 696 3780 viva
722 3695 837 3755 tamen
864 3686 921 3756 illa
947 3698 1005 3757 tua
1031 3707 1120 3769 vex,
1148 3704 1230 3779 quae

150 3805 306 3879 discendi
327 3805 433 3885 sitim,
450 3828 519 3897 qua
538 3827 592 3877 me
610 3806 719 3877 teneri
740 3829 809 3878 non
826 3807 1018 3891 dissimulo,
1034 3820 1155 3903 posset
1175 3810 1230 3881 vel

151 3933 354 4014 accendere,
371 3931 427 3999 vol
447 3928 566 4014 lenire,
582 3931 722 4003 minime
738 3951 843 4003 aures
855 3952 954 4003 meas
967 3931 1056 4015 terit,
1073 3932 1232 4025 sineque

153 4052 323 4124 Homerus
340 4066 419 4125 tuus
432 4053 524 4147 apud
543 4075 600 4124 me
617 4063 749 4138 mutus,
765 4056 834 4125 ime
847 4074 932 4125 vero
943 4074 1011 4144 ege
1028 4054 1122 4147 apud
1136 4055 1229 4125 illum

153 4173 282 4244 surdus
313 4198 403 4247 sum.
437 4175 578 4249 Gaudeo
601 4186 715 4248 tamen
736 4179 792 4248 rel
813 4187 956 4269 aspectu
978 4179 1053 4248 selo
1073 4187 1110 4248 et
1136 4198 1233 4272 saepe

153 4297 247 4365 illum
261 4300 444 4387 amplexus
466 4299 705 4392 assuspirans
725 4298 817 4371 dice:
836 4300 864 4367 0
885 4320 1012 4390 magne
1036 4299 1105 4380 rir,
1125 4320 1231 4391 qinom

155 4416 280 4511 cupide
295 4425 328 4486 tc
341 4416 513 4487 audirem!
530 4419 598 4492 Sed
612 4421 747 4491 aurium
766 4441 922 4491 mearum
941 4418 1041 4489 aliam
1062 4438 1158 4489 mers
1171 4416 1235 4490 ob-
