2738 5062
144 670 201 731 lot
251 747 256 756 ἡ
483 682 523 729 oe
546 683 645 730 nesus
666 682 885 731 rnnrrtnmous

142 819 213 889 mul
233 826 270 887 ut
289 816 418 907 gratias
437 838 592 908 agerem3
612 816 812 910 quodecim
833 818 865 887 in
885 826 917 887 te
935 817 998 887 luit
1017 814 1214 890 fidelissime

144 940 342 1030 praeslitisli.
365 940 462 1010 Vale.

284 1086 330 1138 lx.
350 1086 486 1138 lialrmlas
502 1086 572 1138 ltrrrii
588 1086 621 1138 ad
637 1088 740 1139 l'onlem
757 1088 869 1155 sorpta».

550 1546 723 1609 litts'l'oll
744 1547 812 1608 xlt'.

263 1785 455 1832 runnursuus
477 1781 642 1830 rerrrlnel
665 1781 796 1829 rourum
818 1779 943 1827 usuratu
964 1779 989 1825 s.
1012 1779 1040 1825 r.
1063 1781 1093 1827 o.

143 1971 273 2025 Hortatur
286 1975 315 2023 ut
332 1974 452 2023 veterem
465 1985 528 2022 curn
541 1967 652 2022 Nicolao
666 1964 802 2021 Acciaiolo
816 1965 963 2021 amicitiam
976 1966 1158 2040 redintegret,
1172 1975 1208 2035 el,

211 2057 362 2111 secundum
385 2057 506 2110 Platonis
526 2055 695 2124 doctrinam,
714 2053 836 2108 animam
855 2053 1006 2109 humanam
1028 2071 1079 2126 pro
1103 2055 1210 2113 dirersis

210 2144 385 2199 lacultatibus
401 2144 515 2198 dirersis
529 2144 641 2198 sedibus
656 2144 805 2199 consistere
819 2142 906 2198 docet.

239 2405 361 2475 Mirum
396 2406 490 2475 dictu
515 2414 552 2476 ut
579 2406 624 2475 nil
650 2407 776 2490 maius,
812 2408 859 2476 ita
893 2408 938 2477 nil
970 2407 1047 2478 dari
1075 2408 1209 2500 dignius

140 2551 245 2623 quam
264 2527 357 2622 quod
377 2550 423 2598 ex
441 2538 474 2597 te
491 2526 595 2597 bodie
616 2527 786 2620 potiturus
805 2551 894 2599 sum.
913 2530 995 2603 Peto
1013 2540 1142 2615 autem,
1164 2532 1212 2601 vir

141 2652 301 2744 insignis,
321 2664 359 2722 ut
375 2650 528 2722 animum
552 2650 682 2733 rationi,
698 2649 783 2735 sive,
802 2661 840 2721 ut
858 2651 956 2722 aliter
975 2651 1070 2723 idem
1089 2654 1209 2735 dicam,

144 2786 174 2845 te
195 2774 256 2844 tibi
277 2773 455 2858 subiicias,
476 2784 512 2844 et
529 2796 649 2866 parere
665 2793 771 2864 cogas
793 2773 879 2844 inte
904 2774 1078 2847 deteriora
1098 2776 1212 2849 melio-

141 2896 248 2968 ribus.
269 2896 452 2989 Magnifice
483 2896 624 2990 quidem
660 2897 756 2968 Plato
787 2905 946 2967 naturam
967 2897 1078 2990 ipsam
1102 2899 1213 2972 studio

140 3021 305 3107 imitatus,
326 3023 529 3116 tripartitam
556 3022 682 3093 animae
703 3020 821 3092 sedero
850 3021 1032 3115 comperit,
1052 3020 1233 3117 quodque

140 3148 321 3217 confusum
348 3144 548 3227 videbatur,
576 3142 694 3214 divino
721 3143 872 3215 secrevit
896 3143 1046 3235 ingenio.
1074 3144 1108 3217 ls
1133 3168 1213 3239 ergo

140 3291 218 3338 cum
244 3266 415 3337 distinctis
441 3266 667 3360 receptaculis
700 3266 786 3337 iram
814 3267 848 3336 in
875 3278 1025 3359 pectore,
1053 3268 1213 3363 concupi·

142 3390 304 3460 scentiam
344 3389 464 3460 subter
498 3388 688 3484 praecordia
734 3392 951 3476 collocasset,
987 3391 1156 3464 rationem
1180 3392 1212 3463 iu

141 3511 281 3594 vertice,
301 3513 397 3582 velut
414 3512 448 3581 iu
465 3534 552 3595 arec,
572 3513 763 3597 constituit,
783 3523 822 3585 ut
839 3514 1102 3586 moderatricem
1122 3515 1212 3591 illam

141 3656 182 3706 ac
202 3633 377 3705 dominam
395 3634 594 3728 passionum
615 3637 671 3707 vel
689 3637 762 3730 ipse
780 3638 869 3709 situs
886 3638 1097 3710 ostenderet.
1116 3637 1212 3723 Quod

141 3779 205 3828 nec
225 3767 344 3849 poetas
362 3767 500 3830 nostros
518 3757 698 3850 ignorasse
715 3760 936 3843 crediderim,
955 3760 1118 3854 quamvis
1139 3783 1211 3834 eam

142 3902 225 3964 rem,
242 3891 279 3951 nt
293 3884 411 3966 solent,
427 3881 594 3954 secretius
607 3896 837 3976 exequantur.
854 3885 905 3954 Dc
921 3906 991 3976 quc
1004 3883 1033 3955 si
1046 3883 1212 3979 quidquid

143 4005 176 4073 in
197 4007 310 4078 animo
326 4017 382 4078 est
397 4007 487 4077 nitar
504 4005 713 4101 exprimere,
728 4008 852 4099 ingens
871 4005 953 4077 mibi
973 4028 1087 4077 rerum
1108 4007 1211 4080 series

142 4127 309 4213 oboritur,
331 4152 436 4222 quam
458 4152 521 4201 nec
552 4141 690 4223 tempus
720 4131 846 4222 patitur
870 4152 934 4201 nec
962 4129 1074 4222 exigit
1105 4133 1211 4202 locus.

143 4252 186 4319 Et
204 4272 458 4343 supervacuum
480 4255 583 4326 fucrit
603 4254 688 4325 iram
710 4253 769 4326 tibi
786 4256 876 4324 velle
891 4253 1101 4338 describere,
1113 4251 1211 4325 cuius

144 4373 261 4443 tristes
281 4374 397 4444 exitus
411 4377 517 4467 vulgo
529 4378 631 4449 etiam
651 4390 750 4449 notos
770 4378 909 4471 quidam
928 4376 1209 4473 pbilosophorum

143 4498 284 4591 integris
306 4499 537 4572 voluminibus
572 4514 652 4575 suut.
686 4501 850 4595 amplexi,
887 4501 1060 4593 praecipue
1081 4502 1210 4571 Plutar-
