2738 5062
142 631 199 693 ltltl
476 641 518 689 nn
540 641 639 690 nunus
661 637 881 689 rlumrnmnus

140 799 273 862 merus,
292 778 417 849 sicum
435 776 535 847 annis
554 776 694 847 totidem
711 777 913 861 conseratur,
928 776 1041 849 iudiue
1058 800 1129 865 me,
1143 782 1216 852 lon-

140 901 217 993 gior
235 909 340 993 atque
360 898 538 970 molestior
559 899 614 971 sit.
637 899 700 970 llic
722 899 818 970 enim
844 910 955 971 status
980 923 1061 973 cum
1088 899 1215 996 ubique

142 1025 225 1096 mihi
237 1024 357 1116 gravis
374 1031 410 1093 et
425 1021 646 1116 importunus
662 1021 800 1093 suturus
818 1032 925 1108 esset,
939 1044 982 1096 eo
998 1024 1107 1116 quod,
1127 1047 1218 1118 prae-

143 1159 195 1221 ter
213 1157 372 1219 naturam
392 1144 620 1238 plurimorum
651 1148 966 1240 quantulacumque
1000 1148 1056 1218 vis
1089 1148 1219 1240 ingenii

142 1270 211 1343 mei
231 1270 300 1341 situ
320 1279 356 1341 et
375 1267 491 1363 quiete
515 1268 670 1360 corporis
696 1277 821 1361 torpet,
850 1280 946 1342 motu
971 1269 1087 1344 sobrio
1111 1293 1220 1365 vege-

144 1404 247 1477 tatur,
271 1392 321 1486 (ut
342 1413 410 1462 non
431 1388 603 1461 immerito
622 1412 835 1484 quamquam
860 1393 1052 1466 Stoicorum
1079 1404 1218 1467 senten·

144 1519 208 1591 tias
233 1526 460 1609 anteponens,
486 1513 748 1606 Peripateticum
775 1523 892 1586 tamen
917 1516 1118 1589 ambulandi
1146 1538 1220 1589 mo·

143 1662 217 1712 rem
244 1659 382 1732 semper
406 1646 442 1708 et
472 1634 589 1707 verbis
618 1646 654 1707 et
685 1637 792 1709 rebus
823 1637 909 1734 ipsis
940 1638 1134 1733 approbare
1165 1658 1221 1711 se

143 1761 258 1856 leam)
303 1771 376 1833 tum
418 1759 475 1831 hic
513 1759 705 1852 praesertim
752 1760 1070 1855 importunissimus
1116 1772 1221 1860 atque

144 1884 377 1982 gravissimus
401 1894 457 1955 est
481 1892 622 1978 propter
647 1882 803 1956 animum
823 1885 1067 1981 inexplebilem
1090 1890 1222 1982 regium

145 2009 241 2081 urbis
261 2006 474 2101 aspectibus,
497 2027 601 2097 quam
624 2028 695 2098 quo
715 2007 827 2098 magis
848 2008 998 2094 intueor,
1018 2011 1131 2102 magis
1149 2032 1223 2084 ma·

145 2134 269 2226 gisque
284 2128 330 2200 ad
349 2125 563 2200 credendum
580 2149 687 2217 cogor
706 2129 877 2222 quidquid
902 2131 1034 2202 dehac
1055 2132 1223 2227 scriptum

146 2254 307 2348 legimus.
330 2251 457 2322 Casum
479 2258 596 2321 tamen
617 2250 691 2343 ipse
711 2274 826 2324 meum
852 2253 1075 2348 doloremque
1100 2276 1225 2327 conso·

147 2379 212 2459 lor,
234 2372 338 2467 quasi
359 2373 425 2443 hoc
453 2372 590 2443 noelitus
615 2382 729 2442 actum
764 2374 821 2456 sit,
849 2386 902 2459 ut,
925 2368 1088 2469 quoniam
1110 2377 1146 2449 in
1169 2400 1225 2453 me

147 2499 328 2570 confessor
353 2516 453 2567 meus
478 2493 589 2566 luisse
613 2496 723 2567 levior
749 2497 947 2582 videbatur,
973 2500 1068 2592 quod
1099 2500 1226 2575 abillo

147 2620 424 2719 praetermissum
442 2620 553 2691 luerat
569 2621 655 2690 alter
666 2619 838 2712 impleret;
852 2630 887 2692 et
904 2622 1091 2709 interdum,
1105 2626 1226 2707 fateor,

148 2742 270 2840 putavi
286 2741 452 2814 iudicium
469 2741 530 2813 Dei
546 2763 627 2828 esse
644 2743 800 2829 volentis,
816 2754 855 2815 ut
868 2746 968 2817 cuius
981 2745 1136 2818 animum
1151 2746 1228 2819 diu-

150 2866 283 2940 tissime
303 2865 651 2959 elaudicantemipse
670 2865 833 2938 manibus
855 2869 929 2940 suis
950 2878 1128 2955 erexerat,
1151 2872 1228 2943 eius

149 3013 274 3086 eorpus
293 2991 339 3063 de
354 3003 481 3063 caetero
501 2989 723 3062 claudicaret.
742 2990 829 3075 Quae
849 2991 915 3063 rite
931 2989 1070 3063 libranti
1087 2993 1229 3066 minime

150 3114 259 3188 tristis
280 3125 340 3187 aut
365 3114 493 3185 misera
519 3113 693 3184 censenda
717 3088 792 3184 erat
817 3114 1008 3188 alternatio.
1033 3115 1172 3190 Gratias
1196 3117 1229 3190 ei

151 3240 210 3333 qui
223 3236 308 3309 mihi
321 3257 420 3329 spem
434 3235 598 3320 restituit,
615 3245 648 3306 te
664 3234 699 3306 in
712 3237 870 3330 pmximo
883 3249 977 3311 recto
995 3239 1097 3311 simul
1114 3241 1230 3314 animo

152 3386 193 3436 ae
223 3380 368 3456 corpere
401 3357 595 3431 revidendi.
611 3400 656 3412 -
675 3360 846 3432 Caeterum
878 3360 954 3433 haec
988 3361 1061 3447 tibi,
1096 3365 1226 3447 amine,

153 3484 275 3566 adhuc,
291 3481 385 3574 quod
402 3483 477 3577 ipsa
497 3481 689 3553 litterarum
711 3483 816 3555 lanies
836 3483 976 3567 indicat,
995 3485 1030 3555 in
1047 3485 1232 3576 grabatulo

154 3627 231 3679 meo
250 3604 366 3676 laneus
388 3606 514 3691 scribo,
539 3627 607 3677 non
629 3616 667 3677 ut
685 3607 805 3679 doleas
826 3607 903 3680 haec
923 3609 1023 3681 nobis
1043 3610 1228 3696 accidisse,

156 3730 219 3802 sed
237 3738 274 3801 ut
291 3728 447 3820 gaudeas
465 3750 520 3799 me
535 3740 570 3801 et
587 3729 663 3803 haec
679 3752 782 3825 aequo
799 3732 921 3804 tulisse
938 3733 1052 3804 animo
1069 3743 1106 3804 et
1123 3738 1231 3807 multu

154 3852 316 3944 graviora
330 3854 478 3924 laturum
490 3872 583 3937 esse,
603 3853 633 3924 si
650 3853 850 3945 ingruerint.
872 3857 921 3926 Tu
935 3855 1018 3927 vive
1032 3856 1186 3943 feliciter,
1197 3867 1231 3929 et

155 3977 234 4050 vale
254 3976 363 4048 nostri
383 3998 525 4049 memor.

298 4126 409 4196 Romae,
425 4124 478 4181 llll
492 4124 585 4182 Nonas
599 4125 773 4199 Novembris,
788 4132 895 4188 silentio
910 4132 999 4190 noctis
1013 4132 1196 4205 intempeste.
