2738 5062
346 542 439 591 trouu
461 542 752 594 ocultusoucruus
765 547 969 597 —errsrouu
991 552 1042 599 vu.
1179 542 1235 603 -ltl

155 680 303 768 iniuriis,
324 680 409 754 dum
428 682 593 754 ardenter
614 680 775 755 hauriant
796 684 891 778 quod
911 685 1026 779 tepide
1046 686 1235 781 digestum,

155 803 222 878 sibi
241 813 347 898 atque
365 802 442 876 aliis
462 825 630 877 nauseam
648 806 751 899 ¹lerat;
771 828 860 901 quos
881 830 948 900 ego
969 830 1037 881 uon
1059 820 1129 882 tam
1147 812 1238 885 litte·

155 935 250 999 ratos
285 945 393 1017 quam
426 923 635 998 litteratores
673 948 777 1011 voco,
808 929 951 1004 lrivulos
977 943 1012 1003 et
1037 930 1175 1017 inanes,
1202 945 1237 1006 et

154 1058 193 1121 ul
212 1047 261 1120 nit
280 1056 397 1141 poeta:
1133 1073 1136 1077 ·

354 1236 419 1300 llon
437 1254 526 1318 aquo
543 1241 658 1305 loedere
674 1249 817 1305 amantes.

154 1424 211 1496 Sic
228 1421 349 1516 iniquo
377 1419 493 1529 sidere
512 1424 600 1507 uati,
623 1434 853 1519 amantesque
879 1447 1016 1521 sempor
1041 1450 1106 1501 uec
1132 1434 1235 1505 amati

152 1548 320 1642 profugas
340 1545 474 1618 litteras
492 1546 714 1621 insectantur.
734 1547 804 1619 Sed
820 1548 865 1620 de
883 1548 938 1620 his
956 1549 1042 1622 satis
1060 1571 1236 1648 superque

151 1669 368 1759 dictumest.
389 1668 625 1762 Epistolarum
647 1673 782 1742 illarum
799 1670 968 1764 quasdam
989 1672 1113 1745 iterum
1134 1673 1179 1748 ad
1200 1685 1235 1751 te

151 1791 263 1877 mitto,
286 1814 354 1903 pou
388 1803 457 1865 tam
490 1792 574 1885 quia
598 1793 809 1865 necessariae
830 1793 1117 1889 tempestivaeque
1142 1797 1231 1887 siut,

150 1934 256 2007 quam
277 1924 316 1987 ut
340 1914 376 1987 iu
399 1915 471 1988 otio
494 1936 571 1986 meo
592 1936 688 2010 saepe
704 1935 760 1984 me
775 1913 824 1986 tui
842 1936 1045 2001 memorem,
1062 1917 1131 1991 imo
1148 1941 1234 1997 vero

150 2057 493 2133 uunquamprorsus
514 2037 750 2109 immemorem
771 2035 873 2109 scias.
897 2037 992 2109 Vale.

290 2186 453 2255 Mediolani,
469 2185 531 2242 Kal.
547 2188 664 2260 llprilis:
681 2203 808 2260 propere.

515 2614 519 2625 ·
555 2669 732 2735 uulslonl
754 2670 822 2734 Vlll.

228 2857 418 2909 rutnclscus
440 2855 608 2907 rarnluct
630 2855 807 2906 rnlntlsco
829 2854 936 2906 ruloltl
956 2855 1147 2908 stncuont'n

496 2960 728 3011 nrosrououull
748 2960 774 3009 S.
795 2961 823 3010 P.
847 2961 877 3009 D.

302 3120 338 3175 Se
353 3120 381 3175 iu
396 3117 520 3192 epistolis
535 3116 715 3173 familiaribus
730 3116 764 3171 de
778 3117 916 3173 sermonis
930 3116 1065 3187 elegantia

302 3210 305 3215 '
540 3225 595 3263 nun
611 3224 671 3264 esse
685 3207 831 3264 solicitum.

191 3533 193 3537 ψ
242 3481 371 3555 Credas
405 3501 460 3551 me
494 3501 633 3574 quoque
662 3479 833 3553 solicitum
864 3474 1044 3554 comendis
1068 3485 1239 3577 epistolia,

143 3607 203 3703 qui
224 3613 303 3701 post
321 3602 396 3675 dies
416 3602 507 3673 haue
526 3610 586 3675 aut
607 3603 810 3697 suscipiam,
829 3612 890 3675 aut
909 3603 967 3676 tibi
986 3606 1141 3699 ingeram
1162 3631 1223 3681 cu·

143 3754 232 3811 rum,
259 3737 295 3802 et
318 3728 420 3822 quasi
440 3726 602 3799 lascivior
623 3726 828 3800 adolescens
853 3749 922 3798 nou
950 3737 1081 3800 tautum
1103 3732 1221 3806 vultus

141 3854 177 3923 in
198 3855 340 3947 speculo
360 3850 424 3924 sed
443 3859 539 3942 terga
556 3854 777 3946 contempler.
797 3851 908 3929 Crede
924 3852 1016 3935 mihi,
1036 3874 1105 3922 non
1123 3874 1218 3939 sum3

141 3974 225 4047 nihil
247 3979 377 4047 minus:
399 3996 526 4066 magna
543 3972 625 4043 mihi
640 3982 798 4067 exparte
813 3971 976 4043 dilabitur
992 3973 1162 4069 quidquid
1175 3980 1220 4052 ad

140 4097 270 4171 amieos
287 4100 421 4190 loquor.
443 4098 550 4192 Spero
579 4119 634 4168 me
668 4096 733 4168 illis
762 4104 897 4179 notum,
919 4118 983 4168 nec
1004 4099 1138 4190 placere
1159 4102 1220 4174 de-

140 4241 260 4313 sper0,
282 4222 361 4292 lieet
381 4223 602 4316 incomptum.
629 4219 794 4291 Debiliter
818 4229 923 4304 amat,
952 4243 1055 4314 quem
1082 4223 1218 4294 dilectae

139 4345 284 4437 capillus
306 4345 465 4417 incultior
484 4343 635 4417 offendit.
658 4341 711 4413 Ab
732 4341 807 4415 aliis
825 4355 940 4415 autom
959 4344 1094 4415 veniarn
1110 4366 1217 4439 expe·
