2738 5062
156 630 196 689 stt
494 640 535 689 nn
556 640 655 689 nsnns
676 639 897 689 staminibus
919 614 922 619 ’

157 789 294 859 terram,
313 774 451 846 labilem
469 795 605 865 aquam,
623 784 729 867 atque
746 796 867 846 auram
882 774 1091 868 spirabilem,
1105 776 1173 849 sed
1184 779 1237 851 in·

154 894 422 969 numerabilium
443 917 559 967 rerum
578 896 679 969 vobis
697 895 861 992 praesidia
878 907 912 967 et
932 895 1183 971 oblectationes
1201 912 1237 972 et
1264 966 1268 973 .

155 1028 358 1093 ornamenta
379 1019 555 1110 congessi;
576 1018 807 1111 deniquequi
829 1018 874 1090 ad
892 1018 1078 1110 imaginem
1102 1042 1235 1107 meam,

155 1143 316 1236 quamvis
339 1143 433 1214 stulti
457 1141 669 1233 obstrepent,
690 1141 735 1213 de
755 1142 861 1212 nihilo
880 1164 944 1213 vos
965 1144 1094 1229 creavi,
1113 1154 1151 1217 et
1165 1166 1237 1240 quo

154 1287 210 1336 me
241 1265 353 1357 quaeri
383 1266 523 1347 vellem,
558 1264 623 1332 iter
655 1263 756 1335 vobis
782 1264 936 1348 ostendi;
968 1265 1042 1360 ipsc
1071 1289 1153 1360 ego,
1182 1269 1236 1341 iu-

154 1408 269 1480 quam,
288 1395 327 1456 ut
345 1399 425 1481 post
445 1395 494 1458 tot
515 1384 683 1458 beneficia
700 1385 908 1458 rebellantes
925 1408 966 1458 ao
985 1387 1112 1461 devios
1131 1411 1235 1465 revo-

152 1530 282 1592 carem,
304 1509 478 1579 intervos
497 1510 631 1579 exalto
652 1506 720 1579 sub
737 1507 856 1580 servili
876 1508 997 1582 habitu
1014 1510 1235 1611 dissimulata

153 1632 335 1703 maiestate
354 1629 589 1714 descendens,
612 1652 674 1725 pro
700 1633 810 1703 salute
831 1641 950 1703 vostra
974 1645 1231 1727 paupertatem,

153 1753 299 1838 labores,
321 1752 475 1834 insidiae,
498 1752 663 1836 convicia,
685 1754 927 1839 contumelias,
948 1776 1134 1843 carcerem,
1151 1780 1234 1831 ver-

151 1878 243 1961 bera,
267 1878 412 1970 flagella,
433 1887 577 1948 mortem
598 1897 807 1969 crucemque
827 1899 897 1949 non
917 1876 1026 1948 timui.
1053 1878 1127 1951 Vos
1146 1878 1233 1951 mibi

150 2000 235 2091 quid
255 2000 421 2071 redditis?
447 2021 515 2071 nou
539 1998 617 2070 dico
642 2020 705 2091 par
730 1999 834 2070 tantis
861 1998 1006 2084 meritis,
1038 2000 1135 2094 quod
1165 2022 1232 2075 nec

151 2121 305 2212 cogitare
326 2120 504 2199 sufficitis;
527 2121 591 2191 sod
610 2120 703 2212 quod
723 2113 1024 2214 omnino'signum
1044 2122 1232 2197 ostenditis

151 2242 255 2312 animi
286 2242 399 2333 grati?
425 2242 517 2326 Quid
542 2244 587 2315 ad
611 2244 696 2328 baec,
718 2245 848 2330 Frater,
867 2245 1069 2337 responsuri
1082 2248 1231 2319 sumus?

150 2364 204 2436 An
225 2365 281 2437 hic
293 2364 482 2459 quidquam
498 2365 652 2457 ambigui
665 2370 742 2437 est‘l
757 2367 912 2439 Profecto
932 2366 962 2439 si
982 2366 1060 2439 haec
1078 2366 1175 2441 intus
1195 2368 1230 2441 in

150 2488 265 2559 anima
286 2489 483 2581 loquentem
503 2488 686 2560 Dominum
703 2489 825 2562 audire
846 2490 1078 2577 voluerimus,
1106 2512 1230 2585 surge-

150 2631 229 2681 mus
262 2624 362 2682 nocte
391 2612 525 2684 alacres
553 2610 631 2705 (boc
655 2611 746 2681 enim
772 2635 878 2704 agore
902 2611 1100 2709 coeperam),
1128 2623 1169 2685 ut
1185 2636 1230 2687 eo

150 2744 304 2828 tempore
328 2732 491 2807 devotius
517 2733 656 2805 Christo
680 2735 802 2806 laudes
828 2756 1009 2820 canamus,
1035 2756 1106 2828 quo
1131 2735 1230 2809 illurn

147 2857 325 2947 pronubis
345 2856 531 2952 opprobria
550 2867 586 2928 et
602 2855 746 2929 iniurias
767 2879 911 2950 passum
929 2878 1010 2929 esse
1030 2857 1229 2931 memineri-

146 3000 237 3050 mus.
258 2979 328 3052 Sed
347 2980 430 3074 quia
449 2979 509 3051 diu
531 2991 564 3051 te
583 2978 662 3064 iam,
677 2979 806 3062 Frater,
821 2978 867 3049 ab
880 2978 1061 3050 altitudine
1072 2990 1226 3052 oontem-

146 3100 331 3190 plationum
350 3114 487 3173 tuarum
502 3101 718 3173 distraxisse
738 3121 877 3185 vereor,
899 3100 976 3172 baec
997 3122 1135 3173 summa
1160 3106 1225 3175 est.

145 3221 304 3291 Christus
322 3222 380 3293 tibi
405 3221 508 3292 totius
526 3220 610 3291 vita
631 3221 729 3292 testis
750 3221 907 3295 adsistat.
927 3224 1025 3295 lllum
1046 3222 1153 3315 igitur
1173 3223 1226 3293 in·

146 3352 252 3425 tuere,
280 3343 309 3412 si
331 3343 385 3413 vis
412 3343 447 3411 in
467 3341 525 3413 illo
549 3342 667 3415 labore
699 3345 802 3415 nullis
826 3345 967 3418 omnino
991 3344 1122 3436 vigiliis
1148 3343 1226 3416 lati-

144 3463 229 3555 gari.
251 3462 304 3536 Ad
327 3465 394 3537 hoc
413 3464 506 3537 enirn
533 3464 759 3541 inaccessibili
780 3476 816 3537 et
836 3466 1057 3541 inenarrabili
1077 3466 1226 3539 Trinita·

145 3585 189 3657 tis
201 3587 344 3659 oonsilio
356 3588 518 3660 effectum
534 3597 597 3674 est,
619 3600 655 3662 ut
671 3598 826 3662 aeternus
843 3599 880 3661 et
895 3589 1099 3661 immortalis
1112 3591 1225 3663 omni-

142 3720 266 3802 potens
292 3711 353 3781 Dei
373 3710 465 3782 filius
504 3724 639 3783 vestem
677 3721 809 3785 nostrae
845 3712 1063 3785 mortalitatis
1101 3711 1224 3788 indue-

143 3840 209 3914 ret,
233 3842 271 3903 ut
296 3832 434 3918 scilicet,
455 3834 620 3925 quoniam
641 3836 729 3908 inter
754 3838 862 3908 Deum
885 3846 920 3907 et
939 3833 1115 3905 hominem
1129 3837 1221 3907 nulla

142 3954 318 4047 proportio
337 3966 423 4038 erat,
453 3954 528 4049 ipse
552 3959 615 4028 Dei
640 3970 676 4029 et
695 3958 873 4030 bominum
900 3956 1069 4029 mediator
1092 3967 1223 4030 utram-

75 4054 79 4059 ’
140 4095 211 4165 que
242 4078 493 4167 perfectissime
517 4079 551 4149 in
578 4102 618 4151 se
644 4080 766 4151 uniens
793 4090 968 4167 naturam,
990 4090 1028 4152 et
1046 4078 1092 4151 ad
1110 4081 1220 4153 Deum

140 4195 298 4270 homines
320 4203 498 4287 attolleret,
512 4211 547 4273 et
563 4205 672 4273 Deum
690 4202 737 4274 ad
756 4202 914 4275 homines
931 4203 1121 4289 inclinaret,
1139 4225 1222 4299 pos·

141 4329 265 4414 satque
286 4326 442 4399 mortalis
463 4325 556 4397 acies
575 4327 609 4396 in
627 4328 736 4397 Deum
758 4323 817 4418 figi
835 4328 972 4402 mortali
990 4349 1096 4400 carue
1112 4327 1223 4400 vesti-

142 4452 225 4514 tum.
247 4445 348 4528 Quod
372 4449 410 4533 si,
433 4448 689 4521 immortalitate
705 4462 852 4542 recepta,
872 4452 906 4522 in
920 4450 1064 4543 gloriam
1079 4449 1220 4525 suaedi-
