2738 5062
484 640 525 687 DE
547 638 647 687 REBUS
668 637 889 687 sublimamus

544 912 721 975 EPISTOLA
743 912 823 975 xt'ss.

174 1108 367 1157 r'nanctscus
389 1105 555 1154 peartaneu
578 1105 724 1163 QUATUOR
748 1104 977 1153 uanbtnattaus
997 1104 1191 1155 REIPUBLICAE

317 1214 455 1262 ROMANAE
473 1211 697 1260 numantinum
719 1210 898 1259 nanurasls
919 1209 943 1258 S.
966 1211 995 1257 P.
1017 1210 1048 1258 b.

298 1385 338 1439 De
352 1384 448 1439 eadem
464 1399 494 1437 re
508 1399 570 1453 quae
585 1381 773 1453 superioribus
786 1381 885 1436 litteris
898 1380 1065 1436 continetur.

243 1628 336 1698 Inter
361 1625 588 1697 humilitatem
603 1624 755 1696 sobriam
772 1621 1007 1715 effrenamque
1023 1622 1220 1716 superbiam

144 1751 275 1823 iudices
295 1749 466 1841 deputati,
489 1747 609 1841 optimi
629 1757 663 1818 et
684 1746 824 1817 virtutis
845 1745 1074 1818 amantissimi
1095 1755 1219 1838 patres,

144 1875 216 1947 seio
237 1896 300 1976 vos
322 1874 437 1965 pusilli
459 1871 608 1943 hominis
628 1870 773 1941 consitio
792 1891 860 1941 non
881 1890 1001 1961 egere,
1028 1880 1068 1939 ut
1088 1891 1152 1962 pro
1170 1868 1222 1939 in-

144 1999 237 2070 stitia
257 1998 431 2069 iudicetis:
455 1995 517 2067 sed
538 1995 685 2066 deiectat
711 1994 745 2063 in
770 1992 964 2064 communis
984 1990 1109 2086 patriae
1128 2011 1223 2086 qnae-

143 2121 256 2191 stione
276 2119 405 2211 aliquid
427 2118 538 2208 toqui,
566 2128 602 2188 et
626 2140 689 2210 pro
714 2125 811 2209 parte
837 2114 926 2186 virili
953 2137 1010 2186 me
1035 2123 1220 2205 tangente,

142 2264 222 2311 eum
244 2242 330 2310 saeta
363 2261 432 2310 non
466 2240 609 2332 possim,
644 2239 688 2310 ad
720 2240 888 2309 auxilium
909 2237 1079 2310 libertatis
1100 2240 1222 2313 saitem

144 2361 251 2433 verba
267 2363 433 2432 conterre.
455 2363 595 2455 Loquar
615 2361 720 2453 igitur
743 2385 790 2434 en
816 2360 883 2432 fide
909 2362 1114 2456 purissima,
1142 2384 1222 2435 eon-

143 2484 300 2554 scientiae
322 2484 480 2554 serviens
515 2507 583 2554 non
616 2485 748 2574 gloriae,
784 2506 898 2576 neque
932 2484 968 2556 id
997 2483 1158 2577 cupiens,
1187 2493 1223 2555 ut

145 2627 245 2676 meus
279 2627 394 2676 sermo
427 2606 600 2690 laudetur,
636 2628 700 2678 nec
734 2629 943 2701 magnopore
969 2605 1101 2679 curabo
1122 2628 1223 2701 quem

144 2754 222 2803 mea
241 2738 375 2825 pungat
394 2729 518 2813 oratio,
541 2730 643 2802 modo
664 2729 830 2801 iustitiam
853 2752 922 2801 non
947 2728 1110 2801 offendat.
1133 2731 1224 2801 Dura

144 2877 267 2948 nempe
288 2852 440 2925 conditio
470 2865 589 2925 contra
622 2861 778 2947 potentes
808 2853 1006 2944 insurgere,
1029 2854 1223 2945 praesertim

143 2999 261 3058 ear0s3
284 2976 348 3048 sod
370 2977 425 3047 ille
447 2976 603 3048 veritatis
624 2987 679 3047 est
700 2977 849 3059 amicus
873 2975 931 3067 qui
948 2996 1026 3046 eam
1046 2986 1084 3046 et
1103 2975 1222 3049 amieis

140 3110 179 3169 ot
198 3100 305 3171 rebus
326 3098 488 3170 omnibus
514 3099 698 3191 anteponit.
722 3101 842 3192 ltaque
867 3098 1071 3193 postpositis
1096 3098 1224 3172 affecti-

140 3223 209 3293 bus
232 3223 336 3301 meis,
359 3220 522 3310 quamvis
544 3219 626 3288 mihi
644 3220 845 3292 carissimos
866 3230 900 3291 et
921 3222 982 3294 diu
999 3225 1121 3308 cultos,
1144 3222 1224 3295 alie-

142 3345 288 3433 nigenas
312 3342 376 3411 hos
400 3351 566 3435 tyrannos
587 3342 775 3436 interrogo:
798 3344 895 3416 Unde
921 3345 988 3415 sibi
1014 3355 1150 3417 tantum
1170 3368 1224 3419 ur-

142 3462 314 3554 rogantiae
347 3462 382 3531 in
417 3462 502 3533 urbo
536 3487 603 3536 non
637 3469 723 3536 suat
755 3467 923 3537 Mirantur
950 3478 1021 3539 tres
1048 3490 1097 3540 ex
1121 3469 1223 3542 vobis

140 3590 243 3658 forte:
264 3593 409 3677 quartus
430 3586 520 3656 enim
544 3591 662 3680 procul
687 3587 807 3672 dubio,
831 3589 915 3681 quid
942 3592 1077 3683 loquor,
1100 3592 1224 3664 intelli-

141 3713 203 3801 git.
224 3708 324 3792 Quod
345 3711 374 3777 si
401 3710 518 3779 forsan
544 3710 710 3782 irrideant
736 3711 889 3806 (sperant
917 3712 1012 3783 euim
1039 3715 1224 3810 utriusque

141 3831 256 3923 gentis
277 3831 445 3922 originem
467 3832 500 3900 in
518 3832 726 3904 oblivionem
745 3843 857 3906 tractu
875 3836 1041 3927 temporis
1064 3836 1224 3931 abiisse),

142 3976 265 4025 verum
287 3976 382 4039 esso,
408 3958 462 4025 vel
481 3957 588 4026 Roma
606 3960 661 4029 vet
680 3957 777 4028 ltalia
794 3967 891 4040 testo,
904 3959 1119 4052 probabitur.
1138 3961 1226 4032 Mira

143 4100 286 4170 prorsus
304 4090 339 4149 et
352 4078 566 4150 intoleranda
580 4080 759 4172 superbia!
776 4081 940 4172 ltospites
954 4081 1061 4153 exitio
1074 4082 1224 4171 advecti,

142 4201 239 4271 cives
260 4202 420 4294 antiquos
442 4202 486 4272 ab
507 4203 678 4273 honorum
704 4204 878 4275 consortio
904 4204 1102 4278 diutissime
1123 4230 1228 4305 repu-

143 4327 258 4394 lerunt
278 4332 314 4392 et
334 4325 368 4392 in
390 4336 595 4416 perpetuum
628 4329 805 4418 repellent,
837 4326 903 4398 nisi
937 4330 1065 4400 summi
1098 4330 1228 4404 dextra

143 4443 318 4517 Pontificio
338 4454 373 4514 et
394 4446 521 4517 vostris
546 4447 698 4518 consitiis
724 4459 915 4521 arceantur.
936 4451 1006 4523 Nos
1033 4453 1121 4524 torte
1144 4475 1227 4547 peo-
