2738 5062
354 638 445 687 utusu
466 636 962 687 neutriusrsnrrus.-nt‘rsronn
984 638 1024 686 vr.
1165 624 1224 684 ⁶235

149 779 222 849 barn
247 775 428 857 virtutem,
451 771 634 845 laudabam
661 773 889 865 propositum,
913 772 1132 866 mirabarque
1152 775 1225 845 ani-

145 924 240 974 mum
277 898 357 980 viri;
388 894 590 989 gratulabar
622 896 742 979 ltaliae,
777 897 879 968 almae
905 896 1000 967 urbis
1027 896 1223 990 imperium,

144 1023 266 1097 mundi
299 1021 408 1093 totius
442 1019 596 1112 requiem
618 1018 863 1112 praevidebam.
890 1021 954 1092 Tot
977 1042 1025 1091 ex
1051 1019 1225 1091 radicibus

143 1146 451 1240 oriens-gaudium
477 1145 698 1217 dissimulare
722 1167 791 1217 non
816 1144 986 1242 pote'ranr,
1009 1147 1226 1242 videbarque

143 1273 229 1344 mibi
256 1271 366 1343 totius
390 1269 510 1362 gloriae
532 1267 718 1363 particepS,
746 1269 777 1341 si
800 1271 951 1342 currenti
973 1271 1039 1343 sibi
1067 1273 1225 1343 stimulos

144 1394 378 1477 addidissem,
397 1414 496 1486 quos,
516 1404 554 1464 ut
573 1393 683 1463 nuntii
699 1392 777 1465 eius
795 1394 1011 1466 testabantur
1030 1405 1066 1465 et
1087 1397 1223 1476 litterae,

144 1519 180 1589 in
201 1517 322 1591 verbis
342 1516 429 1587 meis
450 1515 670 1589 acutissimos
691 1515 873 1590 sentiebat.
896 1520 1008 1589 Tanto
1027 1540 1094 1610 ego
1114 1518 1226 1611 magis

145 1639 325 1723 ardebam,
344 1638 582 1733 acuebamque
603 1640 769 1725 animum,
787 1641 815 1710 si
833 1641 918 1733 quid
930 1641 1129 1731 excogitare
1147 1663 1227 1733 pos-

147 1788 222 1839 sem
244 1764 342 1858 quod
361 1766 501 1835 fervens
521 1763 605 1836 illud
632 1764 809 1855 ingenium
840 1764 1081 1835 inflammaret:
1108 1774 1144 1834 ot.
1167 1765 1226 1857 qui

146 1888 257 1982 probe
276 1907 418 1959 nossem
439 1887 533 1959 nulla
552 1909 590 1957 rc
612 1888 723 1978 magis
743 1909 849 1981 quam
870 1889 980 1980 gloria
1004 1899 1041 1957 ot
1065 1887 1227 1959 laudibus

146 2031 354 2103 generosum
380 2020 500 2102 pectus
532 2009 765 2093 inardescere,
788 2009 984 2082 inserebam
1009 2012 1129 2082 laudes
1155 2032 1227 2082 ma-

147 2132 295 2227 gnificas
314 2142 350 2203 et
369 2134 556 2205 multorum
574 2134 661 2203 forte
677 2130 803 2204 iudicio
820 2133 957 2219 niminS,
978 2133 1040 2207 sed
1058 2156 1136 2205 mea
1153 2134 1227 2227 opi-

147 2257 253 2329 nione
266 2254 482 2340 verissimas
497 2254 782 2349 praeteritumque
794 2258 1051 2342 commendans
1062 2256 1226 2329 hortabar

148 2378 193 2452 ad
214 2381 359 2473 reliqua.
381 2379 513 2449 Extant
529 2379 659 2472 aliquot
677 2400 766 2450 meae
783 2379 828 2451 ad
842 2379 1121 2477 illumepistolae,
1141 2403 1227 2474 qua-

149 2526 223 2574 rum
247 2523 304 2573 me
324 2501 428 2572 hodie
448 2522 517 2572 non
537 2503 675 2596 penitus
701 2496 827 2596 pudet.¹
844 2503 1010 2574 Divinare
1037 2504 1128 2572 enirn
1155 2524 1224 2572 non

150 2626 257 2696 soleo:
275 2635 380 2714 atque
398 2624 528 2694 utinam
547 2645 612 2695 nec
627 2624 703 2719 ipse
720 2624 825 2694 etiam
842 2624 1047 2695 divinasset.
1072 2627 1226 2695 Profecto

149 2757 262 2818 autem
284 2746 392 2839 quod,
413 2744 497 2817 dum
519 2746 723 2829 scriberem,
746 2744 873 2837 agebat
892 2755 1105 2838 acturusque
1129 2745 1227 2815 vido-

149 2865 263 2950 batur,
297 2888 367 2938 non
402 2887 478 2938 rnen
511 2878 644 2938 tantum
678 2865 741 2936 sed
776 2865 879 2937 totius
914 2866 1055 2935 humani
1089 2866 1226 2956 generis

149 2990 251 3062 laude
271 3000 307 3061 et
327 2990 552 3062 admiratione
575 2986 818 3079 dignissimum
846 2999 940 3069 erat3
968 3010 1012 3058 an
1041 2998 1157 3058 tammr
1182 2989 1227 3058 ob

150 3112 214 3183 boc
234 3135 342 3182 unum
363 3111 550 3184 eradendae
576 3111 645 3182 sint
670 3110 800 3194 nescio,
826 3109 921 3203 quod
942 3110 1087 3204 turpiter
1108 3110 1227 3180 vivere

149 3235 268 3308 maluit
287 3256 392 3328 quam
414 3236 560 3306 honeste
586 3233 682 3305 mori.
706 3233 775 3305 Sed
795 3234 840 3305 de
860 3233 1133 3328 impossibilibus
1159 3255 1227 3305 non

147 3358 437 3429 est·consultati0.
464 3356 539 3427 Etsi
559 3357 650 3428 enim
671 3357 789 3428 delere
812 3357 867 3428 illa
889 3358 991 3429 valde
1013 3359 1130 3442 velirn,
1158 3380 1227 3430 non

149 3488 283 3573 potero:
303 3479 337 3548 in
359 3478 533 3572 publicum
561 3500 718 3571 egressae
740 3482 806 3551 moi
829 3481 914 3552 iuris
935 3502 1016 3552 esse
1036 3479 1225 3552 desierunt.

149 3602 267 3696 ltaque
287 3613 439 3696 emptum
465 3624 602 3695 sequor.
629 3603 773 3675 intravit
797 3606 927 3676 curiam
956 3605 1097 3676 humilis
1124 3615 1227 3696 atque

148 3736 365 3820 contemptus
388 3726 497 3820 isqui
518 3729 627 3799 malos
648 3726 732 3799 orbo
755 3739 825 3800 toto
840 3728 1028 3800 tremefecit
1040 3750 1081 3800 ac
1094 3728 1225 3810 terruit,

150 3846 343 3943 bonosspc
364 3850 545 3922 laetissima
566 3861 670 3945 atque
695 3853 936 3944 expectatione
950 3853 1168 3946 ¹complevit:
1194 3865 1230 3923 et

149 3974 314 4045 universo
326 3973 501 4065 quondam
516 3977 642 4068 populo
660 3994 802 4045 romano
817 3977 1076 4067 italicarumque
1091 3975 1226 4046 urbium

147 4095 353 4185 primatibus
373 4097 574 4183 comitatae,
597 4120 689 4169 nunc
709 4096 847 4168 duobus
869 4098 948 4170 hinc
968 4098 1060 4170 illinc
1080 4098 1226 4192 stipatus

146 4218 354 4294 sateltitibus
369 4219 440 4290 ibat
453 4220 570 4291 infelix
585 4219 683 4315 plebe
699 4219 802 4292 obvia
822 4218 1034 4315 videndique
1054 4223 1157 4294 avida
1178 4226 1227 4291 la-

141 4344 231 4415 ciem
253 4342 346 4424 eius,
374 4343 475 4414 cuius
502 4344 606 4415 modo
640 4355 709 4413 tarn
743 4346 873 4415 clarurn
904 4368 1028 4417 nornen
1059 4347 1224 4418 audierat.

140 4460 229 4540 Erat
256 4477 373 4539 autern
404 4490 425 4536 a
458 4490 598 4539 rontano
633 4489 712 4558 rego
747 4468 789 4538 ad
825 4492 1003 4541 rornauurn
1031 4470 1223 4560 pontilicern
