2738 5062
170 705 229 769 568
490 720 531 767 ne
552 719 653 769 annus
675 719 895 769 recurramus

169 883 309 954 quoque
340 861 481 933 laudem
515 862 651 933 tertiam
685 883 855 954 usurpare
887 862 967 953 quis
1002 861 1176 955 probibet,
1214 878 1252 938 ut
1344 840 1348 847 Ι

169 983 321 1078 optimus
340 986 447 1056 etiam
467 984 518 1055 sis
539 994 689 1089 senator,
707 983 849 1079 quando
868 984 982 1055 omnis
1002 986 1126 1078 patriae
1141 988 1251 1058 sortu-

170 1127 229 1189 na,
252 1125 375 1181 omncs
403 1105 593 1198 primorum
623 1106 775 1179 civitatis
804 1106 989 1178 sententiae
1020 1106 1065 1178 de
1095 1107 1251 1182 consiliis

170 1227 239 1303 tuis
257 1226 437 1320 pendent?
457 1228 543 1299 Tres
562 1229 655 1299 enim
678 1228 714 1299 iu
733 1227 874 1299 bomine
900 1248 1055 1300 summus
1076 1250 1133 1302 res
1154 1243 1252 1302 uter·
1282 1244 1284 1249 '

169 1371 239 1443 que
259 1349 397 1423 illorum
416 1349 627 1442 praestitisse
643 1352 763 1434 fertur,
781 1358 821 1421 ut
836 1360 934 1423 esset
952 1351 1102 1445 optimus
1122 1364 1249 1439 orator,

169 1470 321 1567 ομίωιιε
341 1470 538 1565 imperator,
561 1473 713 1565 optimus
733 1479 885 1543 senator.
907 1472 977 1545 Sed
995 1473 1090 1559 vide,
1111 1497 1183 1560 oro,
1204 1498 1251 1548 nc

169 1618 240 1690 qua
273 1608 306 1669 te
338 1598 459 1688 gloriae
489 1593 661 1687 cupiditas
684 1593 837 1688 obliquis
864 1594 1060 1668 tramitibus
1085 1596 1153 1668 buc
1184 1595 1251 1667 im-

169 1720 285 1812 pellat.
310 1719 467 1792 Profecto
491 1718 584 1791 enim
609 1740 712 1790 nemo
736 1718 795 1790 vel
820 1730 961 1791 senator
981 1721 1038 1791 vel
1062 1720 1251 1813 imperator

168 1838 284 1914 bonus
303 1848 374 1927 est,
393 1863 438 1911 ne
458 1840 573 1913 dicam
594 1843 759 1934 optimus,
774 1840 842 1913 nisi
856 1841 918 1934 qui
934 1841 1030 1914 domi
1045 1842 1250 1934 militiaeque

169 1986 211 2038 ea
236 1963 386 2037 consulit
410 1973 517 2057 atque
541 1965 664 2057 agitat,
688 1986 760 2036 non
783 1984 867 2058 quae
893 1964 960 2036 sibi
985 1965 1158 2057 speciosa,
1185 1967 1251 2039 sed
1349 2036 1351 2040 .

169 2106 250 2179 quae
269 2088 397 2180 populo
416 2096 522 2179 atquc
542 2087 714 2159 exercitui
738 2089 919 2159 fructuosa
943 2095 1037 2159 sunt.
1062 2086 1095 2157 A
1116 2109 1189 2181 quo
1213 2097 1251 2159 tc

168 2230 274 2300 quam
307 2209 510 2300 longissime
543 2208 669 2284 abesse
699 2212 781 2304 quis
814 2231 884 2282 non
915 2210 1028 2297 videt,
1059 2211 1122 2304 qui
1153 2212 1251 2306 pacis

168 2329 350 2403 dulcedine
373 2332 543 2423 relegata,
568 2333 660 2404 ultro
685 2333 721 2403 in
744 2333 893 2426 patriam
917 2333 1047 2405 bellum
1072 2335 1251 2406 amarissi-

168 2475 264 2526 mum
291 2463 398 2544 alque
424 2474 551 2547 anceps
576 2455 786 2527 attraxeris?
810 2458 933 2529 Restat
950 2457 1098 2529 oratoris
1123 2479 1250 2530 nomen

169 2578 294 2660 solum,
327 2575 422 2670 quod
455 2578 571 2670 ipsum
603 2578 695 2648 mala
718 2588 755 2648 et
778 2580 886 2650 noxia
911 2577 1094 2652 suadendo
1120 2581 1250 2651 mereri

166 2699 329 2795 equidem
349 2722 420 2772 non
440 2709 553 2795 potes,
574 2721 666 2784 cum,
689 2700 783 2774 sicut
806 2701 954 2773 summis
977 2700 1176 2774 oratoribus
1195 2701 1251 2772 vi-

168 2846 247 2896 sum
267 2832 334 2905 est,
355 2834 472 2895 orator
489 2825 535 2893 sit
550 2822 606 2893 vir
622 2823 738 2894 bouus
750 2822 960 2917 dicendique
973 2824 1120 2920 peritus.
1137 2823 1251 2896 Video

168 2948 204 3018 in
223 2962 372 3038 quantas
397 2945 579 3037 angustias
604 2955 639 3015 te
664 2957 838 3018 coarctem
862 2949 924 3039 qui
948 2968 997 3018 ex
1020 2946 1182 3020 omuibus
1208 2947 1251 3018 ti-

167 3072 250 3145 tulis
269 3095 359 3167 quos
378 3072 547 3166 sperabas
568 3094 613 3143 ne
635 3094 742 3142 unum
758 3071 902 3165 quidem
921 3071 982 3144 tibi
998 3072 1247 3157 concesserim,

168 3193 235 3267 nisi
266 3216 332 3290 pro
363 3206 462 3289 parte
494 3193 649 3267 dimidia.
682 3193 760 3265 Etsi
792 3194 887 3266 enim
921 3192 1062 3267 dicendi
1097 3193 1248 3289 peritum

168 3339 238 3389 non
258 3316 404 3403 inficicr,
426 3328 598 3395 oratorem
622 3339 725 3411 nego.
750 3317 872 3409 Neque
895 3318 1024 3389 etenim
1049 3326 1109 3387 aut
1133 3314 1248 3386 bonus

167 3440 223 3509 vir
241 3458 280 3510 es
301 3452 459 3513 nutasse
479 3454 588 3537 potes.
609 3439 779 3534 quamdru
800 3449 834 3511 te
853 3437 1001 3533 publicis
1017 3436 1130 3521 bonis,
1146 3437 1248 3507 utla-

167 3562 229 3648 cis,
248 3571 284 3635 et
302 3563 399 3655 pacis
419 3566 573 3637 consiliis
594 3565 783 3637 adversum
804 3562 953 3656 prebes.
974 3562 1002 3632 0
1021 3573 1154 3656 quanto
1172 3562 1249 3634 leli·

167 3684 242 3759 cius
264 3687 321 3757 vel
340 3684 401 3755 tibi
421 3688 479 3756 vel
504 3688 628 3780 patriae
652 3696 771 3758 mutus
790 3705 903 3767 esses,
924 3706 1031 3780 quam
1050 3684 1247 3758 facundiam

167 3809 386 3903 pestilentem
408 3816 502 3880 tauto
523 3808 639 3882 studio
657 3807 908 3902 quaesivisses!
932 3810 1027 3900 Ergo
1048 3806 1077 3878 si
1098 3817 1136 3878 tu
1153 3806 1249 3898 loqui

167 3943 228 4005 aut
247 3935 403 4008 nescires
425 3943 488 4004 aut
506 3933 685 4024 nequires,
704 3953 768 4003 neo
784 3916 961 4004 laboraret
980 3932 1089 4014 ltalia,
1111 3950 1175 4001 nec
1195 3930 1250 4000 lu-

168 4066 279 4144 geret.
303 4059 397 4150 Ergo
422 4057 457 4128 in
483 4057 602 4147 lingua
627 4064 686 4126 tua
709 4053 860 4147 publice
879 4054 1033 4126 miseriae
1052 4051 1155 4125 radix
1174 4059 1247 4135 est,

167 4199 273 4269 quam
293 4180 324 4248 si
344 4183 468 4265 Deum
490 4179 521 4250 si
540 4176 754 4272 proximum,
777 4175 806 4247 si
826 4175 988 4271 patriam,
1016 4175 1047 4247 si
1073 4187 1106 4247 te
1131 4175 1247 4267 ipsum

167 4300 341 4390 diligeres,
360 4302 655 4374 commorsilatam
673 4300 838 4373 dentibus
861 4301 1050 4395 proiecisse
1069 4299 1246 4382 decuerat,

167 4425 381 4520 profuturam
401 4424 514 4517 potius
535 4423 652 4495 corvis
672 4435 732 4495 aut
747 4424 905 4508 canibus,
924 4445 1031 4519 quam
1048 4419 1249 4496 bominibus

167 4545 371 4657 nocituram.
406 4544 457 4615 Tu
489 4552 605 4616 tamen
636 4545 701 4617 boc
726 4546 818 4637 agis,
848 4547 893 4618 ad
926 4548 992 4621 boc
1020 4546 1158 4634 niteris,
1180 4545 1250 4619 boc
