<?xml version="1.0" encoding="UTF-8"?>
<!DOCTYPE html PUBLIC "-//W3C//DTD XHTML 1.0 Transitional//EN"
    "http://www.w3.org/TR/xhtml1/DTD/xhtml1-transitional.dtd">
<html xmlns="http://www.w3.org/1999/xhtml" xml:lang="en" lang="en">
 <head>
  <title>
</title>
<meta http-equiv="Content-Type" content="text/html;charset=utf-8" />
  <meta name='ocr-system' content='tesseract 3.04.00' />
  <meta name='ocr-capabilities' content='ocr_page ocr_carea ocr_par ocr_line ocrx_word'/>
</head>
<body>
  <div class='ocr_page' id='page_1' title='image "./epistolaederebu02fracgoog_0356.png"; bbox 0 0 2738 5062; ppageno 0'>
   <div class='ocr_carea' id='block_1_1' title="bbox 348 703 1221 773">
    <p class='ocr_par' dir='ltr' id='par_1_1' title="bbox 348 703 1221 773">
     <span class='ocr_line' id='line_1_1' title="bbox 348 703 1221 773; baseline 0.001 -9"><span class='ocrx_word' id='word_1_1' title='bbox 348 716 440 764; x_wconf 73' lang='lat' dir='ltr'>trualt</span> <span class='ocrx_word' id='word_1_2' title='bbox 461 713 961 773; x_wconf 76' lang='lat' dir='ltr'>Qut1ttrusuucllrus.—srlsrott</span> <span class='ocrx_word' id='word_1_3' title='bbox 981 717 1022 765; x_wconf 84' lang='lat' dir='ltr'>lx.</span> <span class='ocrx_word' id='word_1_4' title='bbox 1057 724 1062 731; x_wconf 54' lang='lat'>¹</span> <span class='ocrx_word' id='word_1_5' title='bbox 1166 703 1221 765; x_wconf 66' lang='grc'>347</span> 
     </span>
    </p>
   </div>
   <div class='ocr_carea' id='block_1_2' title="bbox 145 848 1225 945">
    <p class='ocr_par' dir='ltr' id='par_1_2' title="bbox 145 848 1225 945">
     <span class='ocr_line' id='line_1_2' title="bbox 145 848 1225 945; baseline -0.002 -21"><span class='ocrx_word' id='word_1_6' title='bbox 145 874 224 924; x_wconf 92' lang='lat' dir='ltr'>mus</span> <span class='ocrx_word' id='word_1_7' title='bbox 259 860 381 945; x_wconf 91' lang='lat' dir='ltr'>sponte</span> <span class='ocrx_word' id='word_1_8' title='bbox 415 848 577 921; x_wconf 83' lang='lat' dir='ltr'><strong>recidam.</strong></span> <span class='ocrx_word' id='word_1_9' title='bbox 600 849 698 920; x_wconf 91' lang='lat' dir='ltr'>Nosti</span> <span class='ocrx_word' id='word_1_10' title='bbox 728 861 842 921; x_wconf 86' lang='lat' dir='ltr'>autem</span> <span class='ocrx_word' id='word_1_11' title='bbox 873 873 893 920; x_wconf 88' lang='lat' dir='ltr'>e</span> <span class='ocrx_word' id='word_1_12' title='bbox 924 859 1058 942; x_wconf 78' lang='lat' dir='ltr'>septem</span> <span class='ocrx_word' id='word_1_13' title='bbox 1079 851 1225 923; x_wconf 87' lang='lat' dir='ltr'>collibus</span> 
     </span>
    </p>
   </div>
   <div class='ocr_carea' id='block_1_3' title="bbox 143 968 1226 1801">
    <p class='ocr_par' dir='ltr' id='par_1_3' title="bbox 143 968 1226 1801">
     <span class='ocr_line' id='line_1_3' title="bbox 143 968 1223 1068; baseline -0.004 -22"><span class='ocrx_word' id='word_1_14' title='bbox 143 974 203 1068; x_wconf 91' lang='lat' dir='ltr'>qui</span> <span class='ocrx_word' id='word_1_15' title='bbox 220 971 382 1044; x_wconf 90' lang='lat' dir='ltr'>omnihus</span> <span class='ocrx_word' id='word_1_16' title='bbox 402 969 574 1043; x_wconf 90' lang='lat' dir='ltr'>montibus</span> <span class='ocrx_word' id='word_1_17' title='bbox 592 992 633 1042; x_wconf 90' lang='lat' dir='ltr'>ac</span> <span class='ocrx_word' id='word_1_18' title='bbox 649 969 802 1042; x_wconf 83' lang='lat' dir='ltr'>vallibus</span> <span class='ocrx_word' id='word_1_19' title='bbox 820 968 1043 1063; x_wconf 72' lang='lat' dir='ltr'>prefuerunt,</span> <span class='ocrx_word' id='word_1_20' title='bbox 1063 972 1223 1065; x_wconf 86' lang='lat' dir='ltr'>quisnam</span> 
     </span>
     <span class='ocr_line' id='line_1_4' title="bbox 143 1091 1223 1188; baseline -0.003 -21"><span class='ocrx_word' id='word_1_21' title='bbox 143 1099 247 1188; x_wconf 81' lang='lat' dir='ltr'>longe</span> <span class='ocrx_word' id='word_1_22' title='bbox 267 1093 489 1186; x_wconf 80' lang='lat' dir='ltr'>gratissimus</span> <span class='ocrx_word' id='word_1_23' title='bbox 511 1093 556 1164; x_wconf 90' lang='lat' dir='ltr'>sit</span> <span class='ocrx_word' id='word_1_24' title='bbox 576 1091 659 1162; x_wconf 88' lang='lat' dir='ltr'>mihi</span> <span class='ocrx_word' id='word_1_25' title='bbox 680 1092 875 1185; x_wconf 90' lang='lat' dir='ltr'>studiisque</span> <span class='ocrx_word' id='word_1_26' title='bbox 897 1093 984 1163; x_wconf 87' lang='lat' dir='ltr'>meis</span> <span class='ocrx_word' id='word_1_27' title='bbox 1008 1093 1223 1188; x_wconf 89' lang='lat' dir='ltr'>aptissimus.</span> 
     </span>
     <span class='ocr_line' id='line_1_5' title="bbox 144 1213 1223 1311; baseline -0.003 -21"><span class='ocrx_word' id='word_1_28' title='bbox 144 1220 265 1311; x_wconf 89' lang='lat' dir='ltr'>ltaque</span> <span class='ocrx_word' id='word_1_29' title='bbox 284 1225 324 1288; x_wconf 92' lang='lat' dir='ltr'>ut</span> <span class='ocrx_word' id='word_1_30' title='bbox 343 1215 385 1287; x_wconf 88' lang='lat' dir='ltr'>ad</span> <span class='ocrx_word' id='word_1_31' title='bbox 410 1214 622 1307; x_wconf 92' lang='lat' dir='ltr'>propositum</span> <span class='ocrx_word' id='word_1_32' title='bbox 645 1213 785 1286; x_wconf 84' lang='lat' dir='ltr'>redeam</span> <span class='ocrx_word' id='word_1_33' title='bbox 806 1225 911 1307; x_wconf 88' lang='lat' dir='ltr'>atque</span> <span class='ocrx_word' id='word_1_34' title='bbox 928 1215 1140 1299; x_wconf 88' lang='lat' dir='ltr'>concludam,</span> <span class='ocrx_word' id='word_1_35' title='bbox 1155 1238 1223 1287; x_wconf 94' lang='lat' dir='ltr'>non</span> 
     </span>
     <span class='ocr_line' id='line_1_6' title="bbox 144 1333 1224 1427; baseline -0.004 -17"><span class='ocrx_word' id='word_1_36' title='bbox 144 1360 289 1411; x_wconf 92' lang='lat' dir='ltr'>moveor</span> <span class='ocrx_word' id='word_1_37' title='bbox 308 1337 494 1409; x_wconf 89' lang='lat' dir='ltr'>sententia:</span> <span class='ocrx_word' id='word_1_38' title='bbox 513 1356 639 1427; x_wconf 78' lang='lat' dir='ltr'>magno</span> <span class='ocrx_word' id='word_1_39' title='bbox 658 1335 754 1406; x_wconf 87' lang='lat' dir='ltr'>urbis</span> <span class='ocrx_word' id='word_1_40' title='bbox 770 1333 945 1407; x_wconf 89' lang='lat' dir='ltr'>desiderio</span> <span class='ocrx_word' id='word_1_41' title='bbox 964 1347 1099 1409; x_wconf 89' lang='lat' dir='ltr'>teneor:</span> <span class='ocrx_word' id='word_1_42' title='bbox 1118 1359 1224 1409; x_wconf 88' lang='lat' dir='ltr'>even-</span> 
     </span>
     <span class='ocr_line' id='line_1_7' title="bbox 146 1457 1225 1552; baseline -0.002 -19"><span class='ocrx_word' id='word_1_43' title='bbox 146 1476 201 1535; x_wconf 90' lang='lat' dir='ltr'>tus</span> <span class='ocrx_word' id='word_1_44' title='bbox 222 1461 257 1533; x_wconf 93' lang='lat' dir='ltr'>in</span> <span class='ocrx_word' id='word_1_45' title='bbox 279 1459 439 1532; x_wconf 89' lang='lat' dir='ltr'>manibus</span> <span class='ocrx_word' id='word_1_46' title='bbox 459 1458 521 1530; x_wconf 90' lang='lat' dir='ltr'>Dei</span> <span class='ocrx_word' id='word_1_47' title='bbox 541 1468 606 1530; x_wconf 91' lang='lat' dir='ltr'>est.</span> <span class='ocrx_word' id='word_1_48' title='bbox 634 1458 734 1530; x_wconf 84' lang='lat' dir='ltr'>Certe</span> <span class='ocrx_word' id='word_1_49' title='bbox 759 1457 789 1529; x_wconf 90' lang='lat' dir='ltr'>si</span> <span class='ocrx_word' id='word_1_50' title='bbox 818 1481 968 1552; x_wconf 89' lang='lat' dir='ltr'>unquam</span> <span class='ocrx_word' id='word_1_51' title='bbox 995 1470 1149 1531; x_wconf 82' lang='lat' dir='ltr'><strong>sanctam</strong></span> <span class='ocrx_word' id='word_1_52' title='bbox 1176 1461 1225 1532; x_wconf 91' lang='lat' dir='ltr'>ci-</span> 
     </span>
     <span class='ocr_line' id='line_1_8' title="bbox 144 1581 1226 1677; baseline 0 -23"><span class='ocrx_word' id='word_1_53' title='bbox 144 1585 287 1656; x_wconf 86' lang='lat' dir='ltr'>vitatem</span> <span class='ocrx_word' id='word_1_54' title='bbox 308 1584 496 1667; x_wconf 84' lang='lat' dir='ltr'>intravero,</span> <span class='ocrx_word' id='word_1_55' title='bbox 519 1602 643 1652; x_wconf 93' lang='lat' dir='ltr'>verum</span> <span class='ocrx_word' id='word_1_56' title='bbox 664 1581 761 1652; x_wconf 92' lang='lat' dir='ltr'>dices</span> <span class='ocrx_word' id='word_1_57' title='bbox 781 1581 875 1674; x_wconf 90' lang='lat' dir='ltr'>quod</span> <span class='ocrx_word' id='word_1_58' title='bbox 897 1581 1055 1677; x_wconf 85' lang='lat' dir='ltr'>superior</span> <span class='ocrx_word' id='word_1_59' title='bbox 1077 1583 1226 1675; x_wconf 83' lang='lat' dir='ltr'>spondet</span> 
     </span>
     <span class='ocr_line' id='line_1_9' title="bbox 144 1706 419 1801; baseline -0.018 -24"><span class='ocrx_word' id='word_1_60' title='bbox 144 1706 301 1801; x_wconf 87' lang='lat' dir='ltr'>epistola.</span> <span class='ocrx_word' id='word_1_61' title='bbox 323 1706 419 1776; x_wconf 86' lang='lat' dir='ltr'>Vale.</span> 
     </span>
    </p>
   </div>
   <div class='ocr_carea' id='block_1_4' title="bbox 651 1883 724 1894">
    <p class='ocr_par' dir='ltr' id='par_1_4' title="bbox 651 1883 724 1894">
     <span class='ocr_line' id='line_1_10' title="bbox 651 1883 724 1894; baseline 0 -2"><span class='ocrx_word' id='word_1_62' title='bbox 651 1883 724 1894; x_wconf 77' lang='lat'>-.</span> 
     </span>
    </p>
   </div>
   <div class='ocr_carea' id='block_1_5' title="bbox 571 2109 802 2175">
    <p class='ocr_par' dir='ltr' id='par_1_5' title="bbox 571 2109 802 2175">
     <span class='ocr_line' id='line_1_11' title="bbox 571 2109 802 2175; baseline 0.013 -3"><span class='ocrx_word' id='word_1_63' title='bbox 571 2109 748 2175; x_wconf 79' lang='lat' dir='ltr'>trlsrotu</span> <span class='ocrx_word' id='word_1_64' title='bbox 769 2111 802 2175; x_wconf 84' lang='lat' dir='ltr'>x.</span> 
     </span>
    </p>
   </div>
   <div class='ocr_carea' id='block_1_6' title="bbox 271 2301 1097 2354">
    <p class='ocr_par' dir='ltr' id='par_1_6' title="bbox 271 2301 1097 2354">
     <span class='ocr_line' id='line_1_12' title="bbox 271 2301 1097 2354; baseline -0.002 -1"><span class='ocrx_word' id='word_1_65' title='bbox 271 2303 463 2354; x_wconf 78' lang='lat' dir='ltr'>FRANCISCUS</span> <span class='ocrx_word' id='word_1_66' title='bbox 485 2301 654 2352; x_wconf 74' lang='lat' dir='ltr'>PETRARGA</span> <span class='ocrx_word' id='word_1_67' title='bbox 676 2302 792 2353; x_wconf 79' lang='lat' dir='ltr'><strong>PONTIO</strong></span> <span class='ocrx_word' id='word_1_68' title='bbox 813 2302 948 2353; x_wconf 79' lang='lat' dir='ltr'>slusoltl</span> <span class='ocrx_word' id='word_1_69' title='bbox 969 2305 995 2353; x_wconf 91' lang='lat' dir='ltr'>S.</span> <span class='ocrx_word' id='word_1_70' title='bbox 1018 2306 1045 2353; x_wconf 85' lang='lat' dir='ltr'>P.</span> <span class='ocrx_word' id='word_1_71' title='bbox 1068 2305 1097 2354; x_wconf 86' lang='lat' dir='ltr'>D.</span> 
     </span>
    </p>
   </div>
   <div class='ocr_carea' id='block_1_7' title="bbox 235 2464 1134 2626">
    <p class='ocr_par' dir='ltr' id='par_1_7' title="bbox 235 2464 1134 2626">
     <span class='ocr_line' id='line_1_13' title="bbox 235 2464 1134 2542; baseline 0.001 -19"><span class='ocrx_word' id='word_1_72' title='bbox 235 2467 364 2523; x_wconf 83' lang='lat' dir='ltr'>Oblatum</span> <span class='ocrx_word' id='word_1_73' title='bbox 378 2466 484 2540; x_wconf 88' lang='lat' dir='ltr'>aliquid</span> <span class='ocrx_word' id='word_1_74' title='bbox 499 2472 610 2538; x_wconf 77' lang='lat' dir='ltr'>gratum</span> <span class='ocrx_word' id='word_1_75' title='bbox 625 2464 725 2536; x_wconf 87' lang='lat' dir='ltr'>habet,</span> <span class='ocrx_word' id='word_1_76' title='bbox 740 2482 825 2540; x_wconf 85' lang='lat' dir='ltr'>seque</span> <span class='ocrx_word' id='word_1_77' title='bbox 843 2483 909 2523; x_wconf 87' lang='lat' dir='ltr'>eum</span> <span class='ocrx_word' id='word_1_78' title='bbox 927 2469 1134 2542; x_wconf 79' lang='lat' dir='ltr'>quamprimum</span> 
     </span>
     <span class='ocr_line' id='line_1_14' title="bbox 537 2553 833 2626; baseline 0.003 -18"><span class='ocrx_word' id='word_1_79' title='bbox 537 2555 693 2610; x_wconf 80' lang='lat' dir='ltr'>invisurum</span> <span class='ocrx_word' id='word_1_80' title='bbox 706 2553 833 2626; x_wconf 76' lang='lat' dir='ltr'>spondet.</span> 
     </span>
    </p>
   </div>
   <div class='ocr_carea' id='block_1_8' title="bbox 132 2784 1343 4570">
    <p class='ocr_par' dir='ltr' id='par_1_8' title="bbox 132 2784 1343 4570">
     <span class='ocr_line' id='line_1_15' title="bbox 156 2784 1220 2879; baseline -0.002 -20"><span class='ocrx_word' id='word_1_81' title='bbox 156 2854 158 2859; x_wconf 86' lang='lat'>.</span> <span class='ocrx_word' id='word_1_82' title='bbox 242 2785 399 2861; x_wconf 77' lang='lat' dir='ltr'>Accensa</span> <span class='ocrx_word' id='word_1_83' title='bbox 423 2785 576 2857; x_wconf 85' lang='lat' dir='ltr'>charitas</span> <span class='ocrx_word' id='word_1_84' title='bbox 599 2785 747 2858; x_wconf 83' lang='lat' dir='ltr'>traenum</span> <span class='ocrx_word' id='word_1_85' title='bbox 775 2784 897 2858; x_wconf 88' lang='lat' dir='ltr'>nescit.</span> <span class='ocrx_word' id='word_1_86' title='bbox 920 2785 974 2869; x_wconf 88' lang='lat' dir='ltr'>Id,</span> <span class='ocrx_word' id='word_1_87' title='bbox 997 2785 1027 2857; x_wconf 88' lang='lat' dir='ltr'>si</span> <span class='ocrx_word' id='word_1_88' title='bbox 1054 2807 1220 2879; x_wconf 89' lang='lat' dir='ltr'>unquam,</span> 
     </span>
     <span class='ocr_line' id='line_1_16' title="bbox 143 2906 1223 3002; baseline -0.003 -21"><span class='ocrx_word' id='word_1_89' title='bbox 143 2930 236 2981; x_wconf 89' lang='lat' dir='ltr'>nunc</span> <span class='ocrx_word' id='word_1_90' title='bbox 254 2908 428 3002; x_wconf 70' lang='lat' dir='ltr'>praecipue</span> <span class='ocrx_word' id='word_1_91' title='bbox 453 2907 488 2979; x_wconf 93' lang='lat' dir='ltr'>in</span> <span class='ocrx_word' id='word_1_92' title='bbox 512 2906 725 2980; x_wconf 87' lang='lat' dir='ltr'>dulcissimis</span> <span class='ocrx_word' id='word_1_93' title='bbox 750 2915 857 3000; x_wconf 86' lang='lat' dir='ltr'>atque</span> <span class='ocrx_word' id='word_1_94' title='bbox 881 2906 1143 2979; x_wconf 87' lang='lat' dir='ltr'>humanissimis</span> <span class='ocrx_word' id='word_1_95' title='bbox 1169 2906 1223 2978; x_wconf 87' lang='lat' dir='ltr'>lit-</span> 
     </span>
     <span class='ocr_line' id='line_1_17' title="bbox 143 3028 1219 3122; baseline -0.004 -19"><span class='ocrx_word' id='word_1_96' title='bbox 143 3030 227 3103; x_wconf 88' lang='lat' dir='ltr'>teris</span> <span class='ocrx_word' id='word_1_97' title='bbox 249 3030 316 3102; x_wconf 90' lang='lat' dir='ltr'>tuis</span> <span class='ocrx_word' id='word_1_98' title='bbox 334 3030 439 3103; x_wconf 87' lang='lat' dir='ltr'>sensi.</span> <span class='ocrx_word' id='word_1_99' title='bbox 458 3029 604 3102; x_wconf 87' lang='lat' dir='ltr'>Mirarer</span> <span class='ocrx_word' id='word_1_100' title='bbox 625 3028 656 3100; x_wconf 89' lang='lat' dir='ltr'>si</span> <span class='ocrx_word' id='word_1_101' title='bbox 672 3028 739 3102; x_wconf 86' lang='lat' dir='ltr'>iste</span> <span class='ocrx_word' id='word_1_102' title='bbox 758 3037 839 3101; x_wconf 91' lang='lat' dir='ltr'>tuus</span> <span class='ocrx_word' id='word_1_103' title='bbox 856 3050 942 3122; x_wconf 79' lang='lat' dir='ltr'>erga</span> <span class='ocrx_word' id='word_1_104' title='bbox 963 3050 1017 3100; x_wconf 91' lang='lat' dir='ltr'>mc</span> <span class='ocrx_word' id='word_1_105' title='bbox 1036 3031 1219 3122; x_wconf 92' lang='lat' dir='ltr'>plusquam</span> 
     </span>
     <span class='ocr_line' id='line_1_18' title="bbox 141 3151 1219 3240; baseline -0.005 -15"><span class='ocrx_word' id='word_1_106' title='bbox 141 3155 317 3227; x_wconf 80' lang='lat' dir='ltr'>fraternus</span> <span class='ocrx_word' id='word_1_107' title='bbox 337 3151 480 3226; x_wconf 81' lang='lat' dir='ltr'>affectus</span> <span class='ocrx_word' id='word_1_108' title='bbox 501 3174 615 3225; x_wconf 90' lang='lat' dir='ltr'>novus</span> <span class='ocrx_word' id='word_1_109' title='bbox 640 3160 751 3240; x_wconf 88' lang='lat' dir='ltr'>esset,</span> <span class='ocrx_word' id='word_1_110' title='bbox 772 3161 809 3224; x_wconf 90' lang='lat' dir='ltr'>et</span> <span class='ocrx_word' id='word_1_111' title='bbox 827 3173 897 3224; x_wconf 94' lang='lat' dir='ltr'>non</span> <span class='ocrx_word' id='word_1_112' title='bbox 922 3175 943 3225; x_wconf 89' lang='lat' dir='ltr'>a</span> <span class='ocrx_word' id='word_1_113' title='bbox 965 3151 1093 3223; x_wconf 89' lang='lat' dir='ltr'>teneris</span> <span class='ocrx_word' id='word_1_114' title='bbox 1118 3151 1219 3221; x_wconf 89' lang='lat' dir='ltr'>annis</span> 
     </span>
     <span class='ocr_line' id='line_1_19' title="bbox 142 3270 1343 3369; baseline -0.004 -24"><span class='ocrx_word' id='word_1_115' title='bbox 142 3275 314 3369; x_wconf 80' lang='lat' dir='ltr'>incoeptus</span> <span class='ocrx_word' id='word_1_116' title='bbox 347 3295 461 3366; x_wconf 91' lang='lat' dir='ltr'>usque</span> <span class='ocrx_word' id='word_1_117' title='bbox 493 3274 539 3346; x_wconf 93' lang='lat' dir='ltr'>ad</span> <span class='ocrx_word' id='word_1_118' title='bbox 571 3274 661 3346; x_wconf 89' lang='lat' dir='ltr'>hanc</span> <span class='ocrx_word' id='word_1_119' title='bbox 685 3283 825 3346; x_wconf 84' lang='lat' dir='ltr'>aetatem</span> <span class='ocrx_word' id='word_1_120' title='bbox 850 3273 976 3366; x_wconf 82' lang='lat' dir='ltr'>iugiter</span> <span class='ocrx_word' id='word_1_121' title='bbox 1001 3270 1219 3344; x_wconf 88' lang='lat' dir='ltr'>increvisset.</span> <span class='ocrx_word' id='word_1_122' title='bbox 1339 3350 1343 3358; x_wconf 49' lang='grc'><strong>,</strong></span> 
     </span>
     <span class='ocr_line' id='line_1_20' title="bbox 141 3393 1222 3490; baseline -0.003 -23"><span class='ocrx_word' id='word_1_123' title='bbox 141 3395 278 3469; x_wconf 88' lang='lat' dir='ltr'>Gratias</span> <span class='ocrx_word' id='word_1_124' title='bbox 295 3417 363 3488; x_wconf 80' lang='lat' dir='ltr'>ago</span> <span class='ocrx_word' id='word_1_125' title='bbox 378 3406 415 3469; x_wconf 91' lang='lat' dir='ltr'>et</span> <span class='ocrx_word' id='word_1_126' title='bbox 430 3395 638 3470; x_wconf 88' lang='lat' dir='ltr'>oblationem</span> <span class='ocrx_word' id='word_1_127' title='bbox 659 3409 751 3468; x_wconf 88' lang='lat' dir='ltr'>tuam</span> <span class='ocrx_word' id='word_1_128' title='bbox 766 3395 912 3470; x_wconf 89' lang='lat' dir='ltr'>fidenter</span> <span class='ocrx_word' id='word_1_129' title='bbox 929 3393 1067 3490; x_wconf 88' lang='lat' dir='ltr'>accipio,</span> <span class='ocrx_word' id='word_1_130' title='bbox 1082 3393 1116 3465; x_wconf 93' lang='lat' dir='ltr'>in</span> <span class='ocrx_word' id='word_1_131' title='bbox 1135 3404 1222 3465; x_wconf 90' lang='lat' dir='ltr'>tem·</span> 
     </span>
     <span class='ocr_line' id='line_1_21' title="bbox 140 3517 1220 3615; baseline -0.004 -23"><span class='ocrx_word' id='word_1_132' title='bbox 140 3540 225 3615; x_wconf 91' lang='lat' dir='ltr'>pore</span> <span class='ocrx_word' id='word_1_133' title='bbox 242 3517 348 3591; x_wconf 89' lang='lat' dir='ltr'>rebus</span> <span class='ocrx_word' id='word_1_134' title='bbox 369 3518 437 3591; x_wconf 90' lang='lat' dir='ltr'>tuis</span> <span class='ocrx_word' id='word_1_135' title='bbox 456 3539 587 3591; x_wconf 89' lang='lat' dir='ltr'>usurus</span> <span class='ocrx_word' id='word_1_136' title='bbox 605 3528 642 3590; x_wconf 90' lang='lat' dir='ltr'>ut</span> <span class='ocrx_word' id='word_1_137' title='bbox 659 3518 829 3613; x_wconf 88' lang='lat' dir='ltr'>propriis:</span> <span class='ocrx_word' id='word_1_138' title='bbox 846 3517 1109 3590; x_wconf 81' lang='lat' dir='ltr'>excusationem</span> <span class='ocrx_word' id='word_1_139' title='bbox 1127 3525 1220 3588; x_wconf 91' lang='lat' dir='ltr'>tuam</span> 
     </span>
     <span class='ocr_line' id='line_1_22' title="bbox 141 3636 1221 3716; baseline -0.005 -3"><span class='ocrx_word' id='word_1_140' title='bbox 141 3640 399 3714; x_wconf 87' lang='lat' dir='ltr'>accusationem</span> <span class='ocrx_word' id='word_1_141' title='bbox 426 3663 537 3714; x_wconf 90' lang='lat' dir='ltr'>meam</span> <span class='ocrx_word' id='word_1_142' title='bbox 559 3641 717 3716; x_wconf 89' lang='lat' dir='ltr'>arbitror.</span> <span class='ocrx_word' id='word_1_143' title='bbox 740 3640 816 3715; x_wconf 93' lang='lat' dir='ltr'>Non</span> <span class='ocrx_word' id='word_1_144' title='bbox 834 3640 926 3714; x_wconf 90' lang='lat' dir='ltr'>enim</span> <span class='ocrx_word' id='word_1_145' title='bbox 955 3652 992 3712; x_wconf 92' lang='lat' dir='ltr'>tu</span> <span class='ocrx_word' id='word_1_146' title='bbox 1010 3639 1056 3712; x_wconf 89' lang='lat' dir='ltr'>ad</span> <span class='ocrx_word' id='word_1_147' title='bbox 1076 3659 1131 3710; x_wconf 90' lang='lat' dir='ltr'>me</span> <span class='ocrx_word' id='word_1_148' title='bbox 1158 3636 1221 3710; x_wconf 87' lang='lat' dir='ltr'>sed</span> 
     </span>
     <span class='ocr_line' id='line_1_23' title="bbox 140 3761 1220 3859; baseline -0.004 -25"><span class='ocrx_word' id='word_1_149' title='bbox 140 3782 208 3854; x_wconf 79' lang='lat' dir='ltr'>ego</span> <span class='ocrx_word' id='word_1_150' title='bbox 227 3761 272 3834; x_wconf 88' lang='lat' dir='ltr'>ad</span> <span class='ocrx_word' id='word_1_151' title='bbox 293 3772 326 3834; x_wconf 85' lang='lat' dir='ltr'>te</span> <span class='ocrx_word' id='word_1_152' title='bbox 349 3761 470 3836; x_wconf 88' lang='lat' dir='ltr'>venire</span> <span class='ocrx_word' id='word_1_153' title='bbox 491 3762 606 3850; x_wconf 88' lang='lat' dir='ltr'>debui,</span> <span class='ocrx_word' id='word_1_154' title='bbox 627 3774 665 3837; x_wconf 90' lang='lat' dir='ltr'>et</span> <span class='ocrx_word' id='word_1_155' title='bbox 686 3763 717 3836; x_wconf 89' lang='lat' dir='ltr'>si</span> <span class='ocrx_word' id='word_1_156' title='bbox 738 3763 928 3859; x_wconf 78' lang='lat' dir='ltr'>longiorem</span> <span class='ocrx_word' id='word_1_157' title='bbox 949 3783 1082 3834; x_wconf 90' lang='lat' dir='ltr'>moram</span> <span class='ocrx_word' id='word_1_158' title='bbox 1106 3772 1220 3831; x_wconf 86' lang='lat' dir='ltr'>traxe-</span> 
     </span>
     <span class='ocr_line' id='line_1_24' title="bbox 141 3879 1222 3981; baseline -0.002 -28"><span class='ocrx_word' id='word_1_159' title='bbox 141 3882 203 3968; x_wconf 91' lang='lat' dir='ltr'>ris,</span> <span class='ocrx_word' id='word_1_160' title='bbox 224 3885 382 3970; x_wconf 86' lang='lat' dir='ltr'>veniam‚</span> <span class='ocrx_word' id='word_1_161' title='bbox 410 3907 514 3978; x_wconf 90' lang='lat' dir='ltr'>quem</span> <span class='ocrx_word' id='word_1_162' title='bbox 541 3908 678 3981; x_wconf 87' lang='lat' dir='ltr'>semper</span> <span class='ocrx_word' id='word_1_163' title='bbox 702 3886 807 3960; x_wconf 88' lang='lat' dir='ltr'>video</span> <span class='ocrx_word' id='word_1_164' title='bbox 830 3887 981 3959; x_wconf 86' lang='lat' dir='ltr'>visurus.</span> <span class='ocrx_word' id='word_1_165' title='bbox 1007 3886 1111 3955; x_wconf 90' lang='lat' dir='ltr'>Plura</span> <span class='ocrx_word' id='word_1_166' title='bbox 1137 3879 1222 3954; x_wconf 90' lang='lat' dir='ltr'>scri-</span> 
     </span>
     <span class='ocr_line' id='line_1_25' title="bbox 141 4003 1223 4102; baseline -0.004 -23"><span class='ocrx_word' id='word_1_167' title='bbox 141 4003 226 4079; x_wconf 87' lang='lat' dir='ltr'>bere</span> <span class='ocrx_word' id='word_1_168' title='bbox 253 4019 309 4079; x_wconf 87' lang='lat' dir='ltr'>est</span> <span class='ocrx_word' id='word_1_169' title='bbox 333 4009 493 4092; x_wconf 81' lang='lat' dir='ltr'>animus,</span> <span class='ocrx_word' id='word_1_170' title='bbox 522 4009 586 4078; x_wconf 90' lang='lat' dir='ltr'>sed</span> <span class='ocrx_word' id='word_1_171' title='bbox 611 4010 721 4079; x_wconf 90' lang='lat' dir='ltr'>nuntii</span> <span class='ocrx_word' id='word_1_172' title='bbox 748 4010 812 4094; x_wconf 91' lang='lat' dir='ltr'>tui,</span> <span class='ocrx_word' id='word_1_173' title='bbox 840 4027 930 4102; x_wconf 88' lang='lat' dir='ltr'>quos</span> <span class='ocrx_word' id='word_1_174' title='bbox 955 4003 1113 4077; x_wconf 86' lang='lat' dir='ltr'>lacundae</span> <span class='ocrx_word' id='word_1_175' title='bbox 1144 4005 1223 4076; x_wconf 88' lang='lat' dir='ltr'>licet</span> 
     </span>
     <span class='ocr_line' id='line_1_26' title="bbox 139 4123 1221 4223; baseline -0.005 -23"><span class='ocrx_word' id='word_1_176' title='bbox 139 4129 297 4223; x_wconf 87' lang='lat' dir='ltr'>epistolae</span> <span class='ocrx_word' id='word_1_177' title='bbox 313 4130 349 4201; x_wconf 92' lang='lat' dir='ltr'>in</span> <span class='ocrx_word' id='word_1_178' title='bbox 369 4131 538 4203; x_wconf 84' lang='lat' dir='ltr'>auxilium</span> <span class='ocrx_word' id='word_1_179' title='bbox 556 4128 694 4213; x_wconf 85' lang='lat' dir='ltr'>misisti,</span> <span class='ocrx_word' id='word_1_180' title='bbox 714 4129 807 4201; x_wconf 90' lang='lat' dir='ltr'>taciti</span> <span class='ocrx_word' id='word_1_181' title='bbox 824 4134 1020 4220; x_wconf 67' lang='lat' dir='ltr'>expmtant</span> <span class='ocrx_word' id='word_1_182' title='bbox 1033 4135 1069 4196; x_wconf 92' lang='lat' dir='ltr'>et</span> <span class='ocrx_word' id='word_1_183' title='bbox 1089 4123 1221 4196; x_wconf 89' lang='lat' dir='ltr'>litteras</span> 
     </span>
     <span class='ocr_line' id='line_1_27' title="bbox 141 4247 1221 4345; baseline -0.002 -26"><span class='ocrx_word' id='word_1_184' title='bbox 141 4249 175 4321; x_wconf 91' lang='lat' dir='ltr'>in</span> <span class='ocrx_word' id='word_1_185' title='bbox 197 4252 335 4326; x_wconf 87' lang='lat' dir='ltr'>silentio</span> <span class='ocrx_word' id='word_1_186' title='bbox 353 4252 570 4345; x_wconf 88' lang='lat' dir='ltr'>suspirantes</span> <span class='ocrx_word' id='word_1_187' title='bbox 588 4261 780 4336; x_wconf 70' lang='lat' dir='ltr'>numerant,</span> <span class='ocrx_word' id='word_1_188' title='bbox 798 4252 995 4342; x_wconf 89' lang='lat' dir='ltr'>coelumque</span> <span class='ocrx_word' id='word_1_189' title='bbox 1013 4247 1221 4341; x_wconf 87' lang='lat' dir='ltr'>suspiciunt;</span> 
     </span>
     <span class='ocr_line' id='line_1_28' title="bbox 132 4354 1218 4467; baseline -0.006 -23"><span class='ocrx_word' id='word_1_190' title='bbox 132 4354 176 4444; x_wconf 72' lang='lat' dir='ltr'>¹et</span> <span class='ocrx_word' id='word_1_191' title='bbox 196 4374 248 4445; x_wconf 87' lang='lat' dir='ltr'>sol</span> <span class='ocrx_word' id='word_1_192' title='bbox 269 4374 367 4467; x_wconf 78' lang='lat' dir='ltr'>sugit</span> <span class='ocrx_word' id='word_1_193' title='bbox 389 4383 424 4445; x_wconf 91' lang='lat' dir='ltr'>et</span> <span class='ocrx_word' id='word_1_194' title='bbox 444 4393 569 4446; x_wconf 88' lang='lat' dir='ltr'>vereor</span> <span class='ocrx_word' id='word_1_195' title='bbox 586 4395 630 4444; x_wconf 93' lang='lat' dir='ltr'>ne</span> <span class='ocrx_word' id='word_1_196' title='bbox 650 4372 734 4443; x_wconf 91' lang='lat' dir='ltr'>dum</span> <span class='ocrx_word' id='word_1_197' title='bbox 755 4371 840 4444; x_wconf 89' lang='lat' dir='ltr'>mihi</span> <span class='ocrx_word' id='word_1_198' title='bbox 861 4369 1044 4465; x_wconf 87' lang='lat' dir='ltr'>obsequor,</span> <span class='ocrx_word' id='word_1_199' title='bbox 1067 4370 1134 4443; x_wconf 89' lang='lat' dir='ltr'>illis</span> <span class='ocrx_word' id='word_1_200' title='bbox 1155 4369 1218 4441; x_wconf 90' lang='lat' dir='ltr'>sim</span> 
     </span>
     <span class='ocr_line' id='line_1_29' title="bbox 140 4493 796 4570; baseline 0.002 -7"><span class='ocrx_word' id='word_1_201' title='bbox 140 4493 393 4570; x_wconf 88' lang='lat' dir='ltr'>incommodus.</span> <span class='ocrx_word' id='word_1_202' title='bbox 416 4495 502 4566; x_wconf 87' lang='lat' dir='ltr'>Vale</span> <span class='ocrx_word' id='word_1_203' title='bbox 524 4493 632 4567; x_wconf 89' lang='lat' dir='ltr'>nostri</span> <span class='ocrx_word' id='word_1_204' title='bbox 654 4514 796 4566; x_wconf 89' lang='lat' dir='ltr'>memor.</span> 
     </span>
    </p>
   </div>
   <div class='ocr_carea' id='block_1_9' title="bbox 0 0 1374 5062">
    <p class='ocr_par' dir='ltr' id='par_1_9' title="bbox 0 0 1374 5062">
     <span class='ocr_line' id='line_1_30' title="bbox 0 0 1374 5062; baseline 0 0"><span class='ocrx_word' id='word_1_205' title='bbox 0 0 1374 5062; x_wconf 95' lang='lat' dir='ltr'> </span> 
     </span>
    </p>
   </div>
  </div>
 </body>
</html>
