2738 5062
349 615 443 663 ursun
464 612 970 665 ocrauusnscruus.-srrsrou.u
994 617 1056 665 vur.
1185 606 1241 667 llll

160 752 372 834 consultare,
394 758 431 821 et
450 747 685 823 ratiocinando
701 748 748 822 ad
766 770 893 822 verum
913 749 992 830 niti.¹
1008 751 1128 843 ltaque
1148 752 1244 845 quod

159 872 385 950 deliberantis
402 882 457 943 est
476 869 668 967 proprium,
690 871 797 944 ruodo
816 872 919 959 banc,
938 871 1043 945 modo
1061 873 1152 945 illam
1171 876 1241 968 pla·

158 1019 237 1071 cere
258 995 478 1080 sententiam,
500 991 595 1087 quod
615 1013 681 1065 suo
697 994 802 1065 etiarn
821 993 962 1067 laudato
978 992 1058 1067 duci
1075 993 1241 1086 Virgilius

143 1120 263 1224 ,idque
282 1140 353 1192 non
374 1120 497 1202 semel,
519 1116 632 1190 dedit:

256 1316 357 1396 Atque
372 1311 511 1379 animum
526 1327 607 1376 nunc
623 1311 683 1374 huc
701 1311 849 1387 celerem,
866 1325 946 1372 nunc
963 1309 1072 1375 dividit
1088 1309 1159 1375 illuc

254 1411 286 1478 lu
302 1418 466 1494 partesque
482 1410 560 1493 rapit
577 1408 678 1473 varias
694 1424 810 1490 perque
827 1407 930 1471 omnia
949 1416 1062 1472 versat.

153 1616 253 1705 Quod
265 1616 298 1689 si
308 1613 354 1688 ad
367 1615 497 1688 amicos
512 1612 648 1686 firmata
661 1623 793 1685 tantum
808 1623 843 1684 et
856 1616 1061 1705 consignata
1075 1617 1237 1708 retulero,

151 1737 289 1812 cautius
306 1735 342 1807 id
357 1736 446 1807 forte
462 1733 648 1819 videbitur,
667 1744 703 1805 et
718 1736 923 1807 constantiae
939 1736 1080 1806 inanem
1100 1736 1238 1809 titulum

152 1857 337 1956 aucupanti
364 1858 541 1929 electionis
562 1857 648 1929 ratio
668 1856 852 1928 constabit.
874 1859 1005 1929 Verum
1031 1859 1124 1929 enirn
1150 1881 1239 1932 vero

149 2005 217 2056 non
243 1981 280 2053 id
308 1992 365 2052 est
393 1979 524 2052 amicos
553 1980 778 2052 consiliorum
810 1981 996 2075 participes
1022 1979 1154 2053 babere
1175 1981 1239 2055 sed

147 2104 317 2179 conscios.
338 2103 415 2194 Ego
434 2121 505 2173 non
524 2102 709 2175 electiones
735 2102 855 2189 modo,
883 2103 948 2176 sed
967 2105 1138 2196 cogitatus
1162 2126 1239 2177 rno-

147 2236 275 2321 tnsque
292 2224 414 2309 animi,
433 2245 523 2317 quos
544 2225 675 2320 primos
695 2237 830 2310 vocant,
853 2227 898 2299 ad
918 2227 1049 2299 amieos
1070 2228 1235 2306 reseram:

144 2371 258 2445 neque
278 2369 397 2420 rerum
420 2368 576 2419 summas
597 2359 703 2440 atque
722 2347 854 2433 exitus,
878 2351 942 2422 sed
967 2351 1157 2444 particulas
1184 2361 1239 2423 at·

143 2492 214 2564 que
233 2470 424 2564 primordia
444 2480 480 2540 et
499 2490 709 2562 progressus
728 2471 956 2566 etquidquid
981 2475 1065 2544 mihi
1085 2496 1150 2568 per
1175 2494 1237 2545 no·

144 2606 237 2669 ctcnr
257 2593 463 2687 obrepserit,
485 2593 605 2666 amicis
626 2594 743 2665 obviis
764 2596 875 2685 primo
892 2614 995 2664 mane
1013 2594 1177 2665 narrabo.
1199 2595 1235 2667 Si

143 2720 189 2793 ad
207 2738 366 2790 mensam
386 2717 483 2788 eunti
506 2716 593 2809 quid
617 2719 714 2790 aliud
739 2717 854 2790 visum
875 2717 953 2798 erit,
975 2737 1127 2807 surgens
1149 2716 1235 2788 ami-

142 2841 195 2914 cis
216 2841 343 2924 dicam,
364 2848 402 2911 et
421 2859 579 2933 pugnare
600 2839 790 2910 sententias
811 2836 973 2931 gaudebo
992 2838 1078 2910 dum
1107 2838 1232 2910 melior

144 2962 281 3044 vincat,
303 2961 396 3054 quod
415 2962 549 3033 facilius
569 2959 639 3044 fiet,
668 2960 698 3030 si
724 2959 769 3031 ab
801 2959 887 3054 ipsis
908 2959 1016 3032 initiis
1036 2960 1231 3032 amicorum

144 3084 237 3158 fides
257 3081 293 3155 in
311 3095 444 3178 partem
465 3085 598 3157 consilii
621 3085 666 3156 sit
685 3085 851 3157 admissa.
871 3085 954 3156 Haec
973 3094 1009 3156 et
1028 3084 1084 3156 bis
1106 3081 1232 3154 similia

144 3229 224 3281 curn
247 3226 344 3301 saepe
361 3226 426 3299 pro
444 3205 635 3298 quotidiani
658 3208 764 3280 moris
784 3207 1012 3281 excusatione
1033 3204 1229 3288 dixissem,

144 3331 230 3403 lorte
249 3327 375 3400 accidit
392 3339 429 3399 ut
445 3327 480 3397 in
497 3329 660 3423 epistolas
679 3329 854 3402 Ciceronis
872 3329 1077 3414 inciderem,
1104 3326 1230 3398 librum

144 3472 309 3543 magnum
329 3451 519 3544 multaeque
539 3451 720 3523 varietatis
745 3462 849 3545 atque
870 3450 1112 3524 huiuscemodi
1132 3448 1231 3522 iami-

143 3574 287 3648 liaribus
308 3577 451 3671 plenum
477 3578 714 3669 refectumque
740 3577 933 3671 colloquiis.
961 3575 1011 3648 lbi
1032 3573 1230 3648 excusatio

143 3719 222 3770 nem
244 3698 391 3770 similem
417 3699 498 3790 legi,
521 3710 557 3771 et
581 3700 774 3773 delectatus
808 3725 899 3785 sum,
933 3700 1147 3790 nescioquo
1173 3695 1229 3768 vel

142 3820 279 3913 ingenii,
302 3820 406 3915 quod,
429 3830 467 3892 ut
487 3831 616 3915 optare,
639 3824 690 3893 sic
709 3845 852 3915 sperare
871 3824 1001 3893 utinam
1019 3821 1151 3900 liceret,
1171 3819 1229 3886 vel

140 3939 296 4034 ipsarum
319 3966 435 4015 rerum
454 3948 528 4015 sola
550 3944 772 4015 similitudine
791 3967 847 4014 me
864 3944 1000 4014 dixisse
1016 3941 1110 4034 quod
1132 3946 1228 4010 tanto

141 4074 221 4160 ante
243 4087 392 4158 magnus
410 4067 466 4138 illo
483 4069 538 4138 vir
556 4068 711 4151 dixerat,
731 4089 810 4138 cum
828 4064 942 4136 adhuc
963 4067 1086 4160 (Deum
1107 4069 1225 4164 testor)

140 4184 186 4256 ab
206 4186 265 4259 illo
285 4189 415 4261 dietum
436 4214 516 4262 esso
539 4191 723 4275 nescirem,
746 4202 780 4262 el
801 4212 933 4273 secum,
959 4189 1050 4260 utin
1072 4191 1232 4281 quodam

140 4309 216 4382 loco
237 4313 285 4382 ait
305 4314 410 4398 idem,
447 4315 481 4384 in
514 4315 637 4387 cadom
672 4314 836 4385 incidisse
869 4314 1030 4405 vestigia.
1059 4314 1160 4396 Quod
1188 4324 1226 4383 ut

139 4433 269 4509 clarius
293 4434 364 4520 liat,
389 4436 464 4530 ipsa
485 4437 659 4510 Ciceronis
680 4437 788 4508 verba
811 4434 1004 4521 subiicianr,
1025 4444 1082 4529 qul
1102 4437 1144 4506 ad
1163 4435 1222 4504 bt-
