2738 5062
387 687 480 737 tinen
499 686 901 738 annuemus-unverouu
924 688 975 737 vu.
1157 677 1215 738 ΗΒ

138 830 203 903 lide
230 846 306 899 non
339 825 535 918 agnoverit,
559 825 706 896 testibus
736 848 776 897 ac
805 824 1044 919 chirographis
1074 827 1216 897 convin-

138 951 279 1025 cendus.
302 949 357 1021 Ne
377 960 493 1021 autem
514 946 687 1043 pessinms
708 947 741 1017 in
762 946 877 1019 dubiis
903 970 1016 1041 augur
1041 949 1084 1020 dc
1109 947 1216 1021 nihilo

138 1075 286 1147 finxisse
307 1083 443 1144 metum
461 1092 618 1155 censear,
641 1081 676 1141 et
696 1071 891 1142 recentibus
909 1074 1078 1143 malorum
1096 1095 1216 1144 exem-

138 1199 203 1294 plis
238 1208 277 1269 et
315 1193 519 1269 auctoritate
555 1192 652 1263 Plinii
689 1194 790 1286 longo
823 1194 1003 1265 clarissimi
1039 1195 1215 1289 scriptoris

137 1342 309 1404 excuser,
323 1318 425 1391 cuius
443 1339 486 1388 ne
507 1328 660 1388 mutasse
679 1316 882 1388 sententiam
904 1318 1008 1401 dicar,
1032 1319 1076 1390 ad
1095 1331 1213 1392 conte·

138 1453 239 1517 xtum
262 1441 374 1515 verba
393 1439 571 1512 subtexui:
592 1439 661 1509 Nec
682 1462 772 1524 vero,
792 1438 914 1532 inquit,
932 1441 1075 1534 simplem
1092 1445 1214 1512 motum

140 1579 198 1638 out
216 1569 258 1636 in
278 1565 350 1659 ἱρεο
367 1575 497 1634 tantum
512 1574 604 1633 mota
615 1565 800 1657 paricidam
816 1575 875 1646 eet,
895 1562 951 1634 sed
964 1587 1029 1658 par
1040 1577 1099 1634 aut
1111 1570 1217 1635 maian

140 1700 313 1762 mmmm.
347 1685 528 1779 Nunquam
552 1689 629 1757 urbs
656 1686 759 1757 lionae
785 1689 917 1758 tremuit
944 1699 980 1758 at
1013 1711 1080 1757 non
1111 1690 1219 1778 saturi

140 1822 280 1886 eventus
291 1811 434 1881 anaim
446 1807 482 1881 id
489 1811 723 1902 nonuncium
740 1822 829 1885 esset.
845 1811 927 1881 Haec
940 1810 1006 1880 ille.
1020 1809 1118 1881 Nunc
1131 1832 1216 1882 vero

141 1937 228 2030 quid
260 1946 394 2008 teocam
424 1942 485 2004 aut
513 1932 598 2025 quid
634 1933 770 2004 dicam‘l
811 1934 862 2003 lta
895 1954 961 2024 ego
994 1944 1028 2003 te
1061 1934 1217 2025 alloquor

140 2060 243 2154 quasi
260 2078 372 2130 uuum
388 2055 579 2148 quemlibet
593 2076 640 2126 ex
656 2054 855 2128 hominibus
872 2056 999 2129 nostris
1016 2054 1218 2150 Rempubli-

144 2201 222 2252 cam
239 2179 468 2251 vehementer
488 2175 695 2248 amantibus.
714 2177 901 2271 Numquid
919 2181 1024 2250 refert
1042 2179 1133 2250 unde
1151 2177 1216 2251 du-

148 2322 210 2374 cas
228 2302 407 2393 originem
428 2299 581 2371 animum
602 2299 713 2393 magis
733 2301 881 2386 intueor,
903 2325 1006 2395 quem
1028 2304 1129 2396 plane
1150 2303 1213 2375 ita·

150 2422 254 2495 licum
272 2433 386 2495 nostra
408 2422 487 2493 lecit
506 2422 665 2494 amicitia.
683 2423 913 2507 Quamobrem
932 2425 1066 2519 applica
1086 2446 1217 2510 aurem,

146 2545 194 2617 mi
212 2546 381 2619 Socrates.
404 2547 455 2616 De
476 2567 611 2618 summo
631 2546 841 2639 Reipublioae
860 2558 949 2619 statu
968 2548 1072 2620 valde
1088 2547 1216 2619 auxius

144 2688 237 2754 sum,
261 2678 298 2740 et
317 2678 445 2740 moesta
471 2668 553 2738 mihi
578 2669 752 2763 praesagia
777 2692 845 2742 non
872 2681 941 2742 tam
967 2672 1086 2741 Romae
1111 2693 1215 2764 quam

144 2792 388 2875 totiusltaliae,
405 2812 519 2882 noque
538 2802 605 2863 tam
626 2803 793 2862 terrarum
811 2814 914 2885 quam
932 2794 1125 2864 animorum
1144 2814 1218 2863 mo-

144 2927 204 2987 tus
224 2912 402 2986 incutiunt.
425 2913 468 2985 Et
492 2937 570 2985 cum
596 2915 704 2983 multa
728 2935 783 2982 rne
811 2923 978 2996 terreant,
1015 2927 1085 2984 tum
1115 2924 1217 2984 vetus

145 3037 235 3110 illud
253 3037 448 3109 vaticinium
472 3046 566 3108 tanto
586 3044 666 3106 aute
686 3035 858 3107 conditam
890 3034 1021 3118 urbem,
1049 3058 1118 3106 non
1142 3037 1218 3129 qui-

144 3158 309 3243 buslibet,
327 3160 391 3233 sed
412 3159 520 3232 sacris
541 3160 708 3228 insertum
728 3155 865 3240 litteris,
879 3156 973 3248 quod
993 3155 1051 3227 uhi
1069 3155 1217 3251 primum

146 3281 236 3375 legi,
257 3285 379 3367 lateor‚
401 3283 467 3354 etsi
489 3281 706 3354 saecularium
729 3280 919 3352 litterarum
939 3291 1021 3374 typo
1042 3279 1217 3371 turgidus

146 3416 251 3499 atque
288 3405 423 3478 illerum
460 3405 628 3490 insolens,
662 3401 828 3474 exhorrui
867 3412 982 3474 tamen
1016 3414 1051 3474 et
1083 3402 1219 3495 gelidus

147 3527 237 3600 circa
257 3527 449 3623 praecordia
470 3527 614 3620 sanguis
636 3527 739 3598 stetit.
760 3526 824 3597 Est
843 3538 957 3597 autem
977 3528 1117 3599 Balaam
1138 3549 1218 3622 pro·

147 3651 276 3745 phetiae
297 3653 427 3723 ultimae
447 3650 675 3722 novissimum
698 3649 860 3735 verbam,
879 3651 988 3744 quod,
1011 3660 1050 3721 ut
1066 3650 1217 3752 lahorem

119 3777 205 3848 .tihi
231 3778 386 3848 aularum
420 3774 607 3848 evolvendi
631 3773 771 3860 librum,
798 3774 1030 3867 praesentibus
1058 3776 1218 3845 inseram.

147 3901 198 3971 lta
217 3899 323 3993 igitur
344 3901 509 3994 scriptum
530 3908 604 3970 est:
631 3898 768 3968 Venient
793 3901 829 3969 in
852 3899 1002 3970 trieribus
1034 3896 1073 3968 de
1104 3898 1218 3982 Italia,

145 4026 347 4116 moerebunt
365 4021 527 4114 Assyrios,
549 4023 786 4112 vusmbuntque
811 4022 977 4106 Hebraeos,
999 4032 1030 4090 ct
1048 4019 1092 4090 od
1110 4032 1220 4089 cantre-

145 4170 235 4218 mum
256 4149 357 4218 etiam
377 4149 442 4240 ipsi
464 4147 628 4239 perihrrnt.
664 4145 831 4229 Quamvis
865 4146 930 4216 hoc
956 4144 1158 4237 iampridem
1185 4144 1238 4239 in·

146 4270 291 4344 Romani
318 4270 451 4363 imperil
484 4269 583 4341 ruina
616 4268 730 4340 videri
764 4267 873 4362 possit
902 4267 1093 4362 impletum,
1117 4277 1220 4360 atquc

145 4397 277 4469 utinam
299 4415 368 4465 non
392 4393 447 4464 hic
472 4393 568 4464 urhis
596 4403 723 4464 tremor
747 4389 848 4460 aliam
870 4390 964 4484 pacis
990 4402 1025 4461 et
1054 4389 1220 4461 libertatis

146 4522 286 4594 nunciet
307 4517 454 4590 ruinam.
481 4517 531 4587 ‘lu
558 4538 644 4588 vcro
667 4536 743 4586 carn
771 4511 909 4584 virtutis
942 4536 983 4585 ac
1015 4511 1220 4585 constantim
