2738 5062
340 632 432 682 ninnn
454 630 920 681 bonusamicus-ammona
941 630 1027 681 xuni.
1165 617 1224 681 569

142 770 366 866 magnificum
401 771 519 857 ducis,
548 769 644 863 quod
677 783 712 843 te
744 791 841 841 more
872 769 1020 863 aucupis
1053 768 1226 839 mulcente

141 917 254 980 aures,
271 895 455 968 credulum
475 895 605 985 vulgus
622 892 658 963 in
675 890 870 965 tendiculas
887 900 965 962 tuas
983 889 1098 974 cadat,
1114 886 1227 982 quod-

140 1042 210 1111 que
229 1016 359 1109 aliquid
379 1036 618 1089 aerumnarum
637 1034 881 1106 novarumque
897 1013 934 1084 in
950 1012 1028 1086 dies
1046 1013 1226 1085 ruinarum

141 1139 250 1213 titulis
272 1140 340 1211 tuis
360 1146 552 1222 accrescat,
571 1136 701 1229 quibus
722 1135 790 1207 iam
812 1157 902 1231 pene
922 1133 1007 1206 nihil
1027 1156 1226 1209 accrescere

140 1262 230 1338 intra
250 1260 459 1335 miserabilis
478 1261 602 1354 patriae
622 1258 712 1332 lines
731 1266 864 1355 potest,
881 1279 963 1351 quae
985 1257 1143 1331 exterius
1164 1280 1227 1331 va-

141 1385 293 1458 stitatem
312 1384 487 1468 miseram,
520 1400 557 1456 et
589 1382 752 1455 hostilem
778 1381 848 1453 tuis
874 1388 1077 1468 attractum,
1104 1394 1145 1456 ut
1173 1381 1226 1455 sic

141 1508 271 1591 dicam,
305 1503 466 1578 manibus
501 1506 713 1590 exercitum,
747 1504 842 1577 intus
874 1526 960 1577 vero
993 1505 1124 1597 linguae
1155 1515 1226 1579 tuae

141 1628 285 1701 arietem
301 1626 460 1720 duraque
475 1628 608 1719 patitur
624 1626 780 1719 imperia.
798 1624 935 1697 Dircaeo
952 1624 1125 1718 siquidem
1142 1625 1226 1697 Am-

140 1750 259 1846 pbioni
278 1772 341 1845 per
360 1749 573 1823 contrarium
597 1747 793 1820 simillimus
817 1747 974 1821 evasisti.
1001 1748 1062 1821 llle
1087 1748 1225 1823 Thebas

142 1896 209 1947 suo
241 1872 371 1946 struxit
402 1856 553 1964 eloquio,
588 1878 627 1943 tu
658 1869 814 1943 Ticinum
841 1873 970 1944 sternis
997 1880 1074 1958 tuo,
1098 1894 1226 1966 perve-

141 2006 285 2080 tustam,
302 2006 339 2067 ut
356 1998 448 2067 lama
463 2004 532 2077 est,
554 1993 877 2088 nobilissimamque
896 1992 1031 2080 urbem,
1049 2005 1085 2066 et
1104 1995 1173 2066 nisi
1190 2006 1225 2068 te

143 2141 249 2190 unum
281 2118 393 2189 civem
419 2118 511 2187 laevo
537 2116 654 2189 sidere
680 2115 878 2207 genuisset,
908 2117 1164 2202 felicissimam
1191 2129 1225 2191 tc

140 2250 257 2311 autom
274 2238 353 2310 cive
372 2239 553 2324 miseram,
569 2251 601 2311 te
620 2239 712 2312 duce
731 2239 980 2312 miserrimam:
998 2240 1066 2313 nisi
1087 2250 1121 2313 te
1140 2239 1227 2314 illud

140 2373 301 2445 excusat,
319 2362 415 2454 quod
435 2361 619 2435 obsessam
640 2362 788 2454 patriam
808 2384 947 2456 magnae
966 2364 1077 2460 partis
1095 2363 1225 2437 civium

140 2485 247 2558 exilio
265 2495 301 2558 et
320 2485 428 2556 multa
453 2483 638 2558 domorum
664 2496 783 2576 strage
808 2486 998 2570 laxaveris,
1025 2497 1131 2577 atque
1155 2507 1226 2559 nna

140 2617 338 2681 contentam
354 2606 489 2678 crebris
507 2608 670 2679 muniens
687 2606 821 2699 plateis
837 2604 1030 2678 obsidionis
1050 2605 1226 2681 horrenda

140 2730 262 2805 solatia
285 2732 438 2801 inustam
459 2739 530 2801 tota
549 2729 585 2798 in
605 2727 694 2798 urbe
720 2726 944 2799 solitudinem
969 2736 1004 2798 et
1029 2726 1225 2801 diversoria

140 2876 227 2926 sane
252 2852 352 2924 bonis
379 2851 556 2935 inamoena
582 2848 776 2942 paraveris.
808 2850 884 2921 Hoc
915 2871 960 2922 ne
992 2862 1124 2935 autem,
1159 2872 1225 2925 seu

140 2975 225 3069 quid
245 2974 355 3059 aliud,
381 2993 514 3066 quaeso,
536 2981 592 3045 est
610 2984 753 3066 propter
773 2973 869 3065 qnod
890 2981 929 3044 ut
950 2972 1043 3045 labia
1065 2984 1123 3045 tua
1141 2995 1225 3068 ape-

140 3098 221 3183 riat,
242 3097 398 3191 quotidie
424 3099 535 3167 Βθιιιιι
558 3096 688 3187 rogas?
713 3094 812 3183 vide,
838 3117 913 3183 oro,
940 3095 1027 3189 quid
1050 3098 1223 3191 postuleS,

139 3220 226 3313 quid
244 3219 447 3315 promittas?
467 3218 559 3293 Petis
576 3231 615 3291 ut
630 3219 779 3314 aperiat,
798 3231 884 3315 puto
900 3241 971 3291 non
986 3232 1027 3293 ut
1042 3220 1225 3291 bominum

140 3341 288 3425 cladem,
316 3341 380 3412 sed
406 3353 444 3413 ut
469 3340 532 3412 Dei
558 3339 698 3413 laudem
730 3340 873 3413 nunciet
903 3362 944 3413 os
979 3352 1089 3415 tuum.
1122 3341 1225 3426 Quod

138 3485 245 3557 quam
265 3460 414 3536 fideliter
436 3463 584 3556 impleas
606 3474 643 3535 tu
662 3442 787 3556 cogita.
817 3463 918 3537 Certe
943 3464 1001 3536 ille
1025 3486 1164 3559 pacem,
1186 3478 1223 3539 tu

139 3587 353 3660 contrarium
377 3586 565 3682 praedicas,
592 3586 637 3658 ad
664 3587 816 3661 litteram
842 3588 1002 3661 fortassis
1024 3587 1223 3680 intelligens

139 3709 389 3799 Evangelicum
408 3708 511 3779 illud:
531 3732 600 3780 nou
617 3711 698 3779 veui
712 3732 830 3803 pacem
846 3713 976 3781 mittere
991 3707 1049 3781 sed
1062 3707 1221 3802 qludiam.

140 3832 209 3901 Cur
228 3851 298 3898 non
320 3830 434 3921 potius
455 3830 500 3899 ad
521 3831 556 3900 id
576 3832 741 3923 respicis,
758 3832 855 3922 quod
872 3832 949 3902 sine
969 3829 1156 3920 allegorico
1172 3838 1224 3903 te·

139 3951 257 4042 gmino
280 3951 374 4021 nuda
398 3951 531 4020 ueritas
558 3953 705 4021 clamat:
732 3952 790 4021 boc
816 3963 863 4020 cst
885 3961 1088 4043 praeccptum
1113 3973 1221 4023 maura

137 4083 175 4142 ut
194 4070 336 4161 diliqotti
362 4072 522 4152 iunicum
543 4070 678 4160 Diliqt'te
698 4072 849 4142 iairuicos
869 4082 1009 4155 cestros,·
1033 4072 1222 4164 Benefocite

139 4199 190 4267 liis
205 4195 262 4287 qui
277 4215 335 4263 cos
353 4191 491 4263 odoraret
496 4219 507 4277 ;
522 4193 644 4263 Pacem
660 4195 773 4265 bobeta
790 4196 880 4265 iuter
895 4217 969 4279 cos;
981 4195 1042 4289 qui
1058 4196 1221 4290 quotiens

140 4320 290 4412 aliquem
324 4318 496 4388 salvasset
529 4316 596 4386 boc
627 4320 700 4389 sere
726 4340 805 4390 cum
832 4318 982 4413 alloquio
1007 4317 1218 4391 dimittebat:

141 4441 222 4513 curte
242 4444 279 4512 in
300 4464 395 4533 poce,
416 4451 452 4511 et
473 4439 518 4511 ad
537 4438 727 4532 discipulos
750 4441 932 4531 ingressus
955 4442 1020 4512 boc
1040 4441 1220 4511 sarlutatio-
