2738 5062
355 739 447 788 urnun
468 731 952 792 suirusuucurus.-ar1sroun
975 742 1005 791 u.
1161 729 1218 791 367

142 885 250 945 aestas
271 875 326 944 illa
352 873 526 958 terribilis,
555 873 694 945 misisse
722 875 825 947 lead
852 875 1011 969 proxima
1037 895 1219 947 servorum

142 994 269 1065 Christi
295 995 368 1065 loca
392 1002 431 1064 ut
455 991 579 1085 aliquis
610 991 671 1063 tibi
696 993 759 1064 loci
785 993 834 1065 tui
860 1006 979 1065 custos
1006 993 1220 1077 mitteretur3

140 1138 212 1209 quo
231 1118 321 1187 lacto
341 1114 450 1187 ivisse
471 1112 708 1199 Carthusiam,
731 1124 767 1187 et
782 1114 828 1184 ab
848 1114 905 1186 illo
927 1116 1102 1208 religionis
1129 1137 1222 1188 nuno

141 1241 272 1310 cultore
288 1239 390 1310 unico
408 1236 442 1306 in
462 1236 572 1320 terris,
591 1235 706 1331 priore
722 1236 795 1319 loci,
810 1236 901 1307 inter
914 1247 984 1308 tres
997 1246 1034 1308 et
1049 1237 1221 1330 octoginta

142 1361 277 1456 priores
295 1360 518 1451 alienigenas,
536 1369 569 1428 te
586 1378 654 1429 non
673 1358 820 1450 priorem
840 1357 1008 1451 singulari
1029 1367 1065 1429 et
1084 1357 1221 1430 insolito

142 1483 274 1554 honore
296 1489 498 1574 susceptum
515 1479 717 1564 obtinuisse,
740 1489 778 1550 ut
799 1480 860 1551 tibi
881 1482 975 1575 prior
994 1502 1035 1552 ac
1060 1479 1219 1553 monachi

142 1600 317 1685 darentur,
337 1620 427 1693 quos
442 1621 463 1670 e
480 1599 633 1672 diversis
649 1599 878 1671 conventibus
896 1599 1073 1691 elegisses
1092 1600 1221 1694 quibus

142 1722 320 1794 desertum
336 1733 447 1793 morte
464 1733 601 1793 luorum
618 1721 866 1792 monasterium
884 1723 1101 1806 reformares,
1117 1732 1220 1815 teque

143 1844 210 1918 lroc
240 1846 340 1918 velut
369 1843 499 1915 eximio
526 1840 701 1934 triumpho
733 1843 951 1914 laetissimum
978 1841 1146 1914 rediisse:
1173 1844 1221 1914 ita

143 1975 204 2037 tua
214 1987 308 2052 cura,
321 1975 381 2038 tua
398 1962 575 2058 snpientia,
590 1974 649 2034 tua
662 1961 732 2036 lide
744 1965 869 2039 Montis
885 1965 965 2036 llivi
982 1965 1219 2038 venerandum

143 2088 225 2160 olim
245 2096 367 2180 postea
384 2084 563 2158 desertum
583 2084 778 2157 coenobium
801 2087 1040 2168 instauratum,
1060 2086 1218 2178 interque

143 2207 362 2281 difficultates
383 2206 468 2278 istas
494 2215 600 2299 atque
618 2207 706 2279 alias
733 2209 859 2280 multas
882 2208 941 2282 tibi
960 2220 997 2282 et
1018 2206 1126 2280 robur
1145 2227 1221 2279 cor-

145 2330 239 2423 poris
273 2325 421 2399 solidum
454 2335 490 2397 ct
512 2329 750 2400 valetudinem
783 2330 946 2424 optimam
976 2338 1152 2414 constare,
1185 2339 1222 2400 ct

143 2451 248 2543 quale
273 2448 472 2541 religiosum
498 2447 599 2520 decet
622 2452 746 2522 lormae
769 2450 888 2524 decus.
911 2453 999 2538 Quae
1026 2473 1083 2525 res
1107 2473 1161 2523 me
1185 2450 1219 2521 in

145 2584 320 2667 stuporem
341 2580 461 2662 ageret
480 2569 547 2642 nisi
565 2570 702 2656 scirem,
719 2584 758 2644 ut
777 2573 826 2647 ait
844 2571 1002 2666 quidam,
1025 2573 1119 2644 viros
1141 2595 1221 2644 san-

143 2707 217 2768 ctos
230 2694 378 2766 virtutes
391 2692 496 2764 etiam
510 2691 706 2765 aedificasse
720 2695 790 2787 (sict
805 2713 1006 2789 corporeas:
1020 2692 1111 2765 hona
1123 2693 1222 2785 equi-

141 2815 221 2888 dem·
234 2814 397 2889 valetudo
409 2814 513 2886 animi
529 2834 623 2908 saepe
636 2815 872 2887 valetudinem
886 2813 1043 2909 corporis
1054 2811 1221 2906 viresque

144 2937 378 3009 membrorum
405 2959 446 3010 ac
469 2937 589 3011 vultus
611 2937 764 3030 speciem
793 2946 918 3009 tuetur.
943 2934 1118 3009 Caeterum
1143 2935 1220 3007 hec

144 3057 212 3128 illis
236 3067 272 3129 et
302 3057 367 3129 alia
398 3059 443 3131 de
470 3069 502 3130 te
534 3059 643 3129 multa
670 3057 891 3131 narrantibus
926 3079 1006 3131 cum
1035 3056 1220 3151 epimopue

145 3179 235 3250 laetis
256 3179 405 3251 lacrimis
426 3179 573 3252 madens
599 3202 654 3251 me
679 3181 862 3276 aspiceret,
883 3190 920 3253 et
942 3200 1010 3273 ego
1030 3177 1150 3252 nescio
1173 3200 1219 3251 au

146 3302 247 3374 siccis
263 3301 371 3374 oculis
388 3301 452 3373 sed
468 3311 562 3374 certe
579 3301 672 3375 sicco
688 3303 792 3375 corde
808 3324 878 3375 nou
894 3322 1021 3386 essem,
1040 3300 1086 3372 illi
1103 3299 1222 3375 subito

125 3413 178 3492 'in
190 3444 248 3495 me
258 3423 355 3495 rcrsi
373 3443 437 3495 seu
455 3423 575 3496 divino
593 3423 735 3506 monitu,
759 3444 820 3496 seu
837 3424 989 3516 quodam
1012 3420 1138 3493 mentis
1157 3442 1221 3494 ao·

143 3545 244 3636 gorio
269 3545 304 3614 in
329 3546 427 3616 vultu
455 3565 535 3617 meo
566 3554 600 3616 te
624 3555 806 3617 cernentes
838 3546 895 3641 pio
929 3567 984 3617 me
1017 3544 1148 3637 gemitu
1179 3566 1221 3616 ac

143 3667 270 3758 gaudio
282 3668 471 3763 complexi:
489 3668 518 3737 0
535 3668 626 3753 felix,
641 3666 809 3760 inquiunt,
829 3668 945 3739 fratris
963 3668 1099 3761 pietate.
1115 3667 1221 3737 Multa

141 3789 305 3884 deinceps
325 3788 392 3859 alia
416 3787 582 3869 dixerunt
602 3811 683 3882 quae
710 3789 858 3862 tacendo
884 3789 1008 3861 melius
1033 3808 1221 3883 expresse-

143 3911 219 3983 rim.
238 3913 289 3983 Tu
307 3914 400 3994 valc3
418 3922 454 3983 et
470 3923 610 4005 propter
629 3911 723 4003 quod
744 3912 820 3983 haec
841 3911 957 3982 omnia
978 3911 1104 4001 scripta
1126 3921 1218 3994 sunt,

140 4033 195 4103 iac
215 4032 370 4116 obsecro,
390 4034 435 4103 mi
456 4035 570 4116 irater,
593 4041 631 4101 ut
647 4014 784 4121 qualem
806 4025 951 4124 coepisti,
967 4032 1069 4102 talem
1085 4040 1117 4103 tc
1131 4054 1220 4124 prae

142 4162 215 4224 stes
236 4153 270 4224 in
292 4153 408 4226 finem.
