<?xml version="1.0" encoding="UTF-8"?>
<!DOCTYPE html PUBLIC "-//W3C//DTD XHTML 1.0 Transitional//EN"
    "http://www.w3.org/TR/xhtml1/DTD/xhtml1-transitional.dtd">
<html xmlns="http://www.w3.org/1999/xhtml" xml:lang="en" lang="en">
 <head>
  <title>
</title>
<meta http-equiv="Content-Type" content="text/html;charset=utf-8" />
  <meta name='ocr-system' content='tesseract 3.04.00' />
  <meta name='ocr-capabilities' content='ocr_page ocr_carea ocr_par ocr_line ocrx_word'/>
</head>
<body>
  <div class='ocr_page' id='page_1' title='image "./epistolaederebu02fracgoog_0088.png"; bbox 0 0 2738 5062; ppageno 0'>
   <div class='ocr_carea' id='block_1_1' title="bbox 429 727 1237 787">
    <p class='ocr_par' dir='ltr' id='par_1_1' title="bbox 429 727 1237 787">
     <span class='ocr_line' id='line_1_1' title="bbox 429 727 1237 787; baseline 0.01 -12"><span class='ocrx_word' id='word_1_1' title='bbox 429 727 520 776; x_wconf 73' lang='lat' dir='ltr'><strong>clusit</strong></span> <span class='ocrx_word' id='word_1_2' title='bbox 541 728 687 779; x_wconf 76' lang='lat' dir='ltr'><strong>DECIMUS.</strong></span> <span class='ocrx_word' id='word_1_3' title='bbox 699 749 740 762; x_wconf 93' lang='lat'><strong>··-</strong></span> <span class='ocrx_word' id='word_1_4' title='bbox 750 730 903 781; x_wconf 78' lang='lat' dir='ltr'><strong>EPISTULA</strong></span> <span class='ocrx_word' id='word_1_5' title='bbox 925 734 966 782; x_wconf 90' lang='lat' dir='ltr'><strong>lll.</strong></span> <span class='ocrx_word' id='word_1_6' title='bbox 1200 728 1237 787; x_wconf 64' lang='lat' dir='ltr'><strong>&#39;l&#39;ll</strong></span> 
     </span>
    </p>
   </div>
   <div class='ocr_carea' id='block_1_2' title="bbox 138 862 1334 4623">
    <p class='ocr_par' dir='ltr' id='par_1_2' title="bbox 144 862 1334 4133">
     <span class='ocr_line' id='line_1_2' title="bbox 154 862 1235 964; baseline 0.005 -27"><span class='ocrx_word' id='word_1_7' title='bbox 154 866 224 937; x_wconf 90' lang='lat' dir='ltr'><strong>curi</strong></span> <span class='ocrx_word' id='word_1_8' title='bbox 256 862 420 936; x_wconf 90' lang='lat' dir='ltr'><strong>doctriua</strong></span> <span class='ocrx_word' id='word_1_9' title='bbox 449 874 517 948; x_wconf 91' lang='lat' dir='ltr'><strong>cst,</strong></span> <span class='ocrx_word' id='word_1_10' title='bbox 546 864 788 956; x_wconf 81' lang='lat' dir='ltr'><strong>imaginarium</strong></span> <span class='ocrx_word' id='word_1_11' title='bbox 814 866 898 939; x_wconf 81' lang='lat' dir='ltr'><strong>vitae</strong></span> <span class='ocrx_word' id='word_1_12' title='bbox 919 877 1043 942; x_wconf 87' lang='lat' dir='ltr'><strong>testem</strong></span> <span class='ocrx_word' id='word_1_13' title='bbox 1064 892 1235 964; x_wconf 84' lang='lat' dir='ltr'><strong>quaerere.</strong></span> 
     </span>
     <span class='ocr_line' id='line_1_3' title="bbox 150 986 1237 1089; baseline 0.007 -29"><span class='ocrx_word' id='word_1_14' title='bbox 150 989 271 1061; x_wconf 80' lang='lat' dir='ltr'><strong>Amico</strong></span> <span class='ocrx_word' id='word_1_15' title='bbox 292 986 466 1072; x_wconf 90' lang='lat' dir='ltr'><strong>scribens,</strong></span> <span class='ocrx_word' id='word_1_16' title='bbox 488 986 548 1073; x_wconf 91' lang='lat' dir='ltr'><strong>sic,</strong></span> <span class='ocrx_word' id='word_1_17' title='bbox 575 986 695 1081; x_wconf 91' lang='lat' dir='ltr'><strong>inquit,</strong></span> <span class='ocrx_word' id='word_1_18' title='bbox 711 990 898 1077; x_wconf 87' lang='lat' dir='ltr'><strong>lacomnia,</strong></span> <span class='ocrx_word' id='word_1_19' title='bbox 915 1001 1090 1086; x_wconf 82' lang='lat' dir='ltr'>tamquam</span> <span class='ocrx_word' id='word_1_20' title='bbox 1107 1006 1237 1089; x_wconf 75' lang='lat' dir='ltr'>spectet</span> 
     </span>
     <span class='ocr_line' id='line_1_4' title="bbox 149 1110 1234 1210; baseline 0.005 -25"><span class='ocrx_word' id='word_1_21' title='bbox 149 1113 337 1206; x_wconf 84' lang='lat' dir='ltr'><strong>Epicurus.</strong></span> <span class='ocrx_word' id='word_1_22' title='bbox 373 1110 505 1181; x_wconf 84' lang='lat' dir='ltr'>Seneca</span> <span class='ocrx_word' id='word_1_23' title='bbox 530 1132 623 1194; x_wconf 89' lang='lat' dir='ltr'><strong>vero,</strong></span> <span class='ocrx_word' id='word_1_24' title='bbox 652 1118 690 1180; x_wconf 92' lang='lat' dir='ltr'><strong>ut</strong></span> <span class='ocrx_word' id='word_1_25' title='bbox 717 1110 915 1185; x_wconf 78' lang='lat' dir='ltr'><strong>illustrioris</strong></span> <span class='ocrx_word' id='word_1_26' title='bbox 947 1115 1014 1185; x_wconf 87' lang='lat' dir='ltr'><strong>viri</strong></span> <span class='ocrx_word' id='word_1_27' title='bbox 1048 1119 1234 1210; x_wconf 81' lang='lat' dir='ltr'><strong>praesentia</strong></span> 
     </span>
     <span class='ocr_line' id='line_1_5' title="bbox 148 1229 1236 1330; baseline 0.003 -26"><span class='ocrx_word' id='word_1_28' title='bbox 148 1231 272 1304; x_wconf 79' lang='lat' dir='ltr'><strong>Lucilii</strong></span> <span class='ocrx_word' id='word_1_29' title='bbox 294 1231 349 1303; x_wconf 90' lang='lat' dir='ltr'><strong>sui</strong></span> <span class='ocrx_word' id='word_1_30' title='bbox 372 1229 479 1302; x_wconf 88' lang='lat' dir='ltr'><strong>vitam</strong></span> <span class='ocrx_word' id='word_1_31' title='bbox 500 1232 631 1317; x_wconf 80' lang='lat' dir='ltr'><strong>formet,</strong></span> <span class='ocrx_word' id='word_1_32' title='bbox 654 1244 770 1304; x_wconf 91' lang='lat' dir='ltr'><strong>monet</strong></span> <span class='ocrx_word' id='word_1_33' title='bbox 790 1245 829 1306; x_wconf 93' lang='lat' dir='ltr'><strong>ut</strong></span> <span class='ocrx_word' id='word_1_34' title='bbox 847 1235 1011 1308; x_wconf 90' lang='lat' dir='ltr'><strong>Catonem</strong></span> <span class='ocrx_word' id='word_1_35' title='bbox 1029 1238 1142 1330; x_wconf 80' lang='lat' dir='ltr'><strong>eligat,</strong></span> <span class='ocrx_word' id='word_1_36' title='bbox 1162 1240 1236 1310; x_wconf 92' lang='lat' dir='ltr'><strong>Sci-</strong></span> 
     </span>
     <span class='ocr_line' id='line_1_6' title="bbox 148 1352 1334 1451; baseline 0.01 -30"><span class='ocrx_word' id='word_1_37' title='bbox 148 1353 304 1447; x_wconf 85' lang='lat' dir='ltr'><strong>pionem,</strong></span> <span class='ocrx_word' id='word_1_38' title='bbox 330 1352 477 1424; x_wconf 81' lang='lat' dir='ltr'><strong>Laelium</strong></span> <span class='ocrx_word' id='word_1_39' title='bbox 505 1355 562 1425; x_wconf 89' lang='lat' dir='ltr'><strong>vel</strong></span> <span class='ocrx_word' id='word_1_40' title='bbox 588 1355 691 1425; x_wconf 90' lang='lat' dir='ltr'><strong>alium</strong></span> <span class='ocrx_word' id='word_1_41' title='bbox 717 1356 906 1449; x_wconf 89' lang='lat' dir='ltr'><strong>quemlibet</strong></span> <span class='ocrx_word' id='word_1_42' title='bbox 931 1370 1094 1451; x_wconf 85' lang='lat' dir='ltr'><strong>spectatae</strong></span> <span class='ocrx_word' id='word_1_43' title='bbox 1118 1359 1232 1432; x_wconf 80' lang='lat' dir='ltr'><strong>virum</strong></span> <span class='ocrx_word' id='word_1_44' title='bbox 1331 1444 1334 1451; x_wconf 26' lang='lat'>¹</span> 
     </span>
     <span class='ocr_line' id='line_1_7' title="bbox 147 1474 1234 1571; baseline 0.006 -25"><span class='ocrx_word' id='word_1_45' title='bbox 147 1477 263 1548; x_wconf 85' lang='lat' dir='ltr'><strong>iamae.</strong></span> <span class='ocrx_word' id='word_1_46' title='bbox 284 1474 362 1547; x_wconf 90' lang='lat' dir='ltr'><strong>Non</strong></span> <span class='ocrx_word' id='word_1_47' title='bbox 384 1485 500 1569; x_wconf 87' lang='lat' dir='ltr'><strong>potest</strong></span> <span class='ocrx_word' id='word_1_48' title='bbox 517 1495 586 1546; x_wconf 93' lang='lat' dir='ltr'><strong>non</strong></span> <span class='ocrx_word' id='word_1_49' title='bbox 603 1478 740 1569; x_wconf 88' lang='lat' dir='ltr'><strong>placere</strong></span> <span class='ocrx_word' id='word_1_50' title='bbox 760 1478 929 1551; x_wconf 88' lang='lat' dir='ltr'><strong>sententia</strong></span> <span class='ocrx_word' id='word_1_51' title='bbox 951 1502 971 1550; x_wconf 94' lang='lat' dir='ltr'><strong>a</strong></span> <span class='ocrx_word' id='word_1_52' title='bbox 992 1480 1128 1571; x_wconf 83' lang='lat' dir='ltr'><strong>magnis</strong></span> <span class='ocrx_word' id='word_1_53' title='bbox 1148 1481 1234 1554; x_wconf 89' lang='lat' dir='ltr'><strong>viris</strong></span> 
     </span>
     <span class='ocr_line' id='line_1_8' title="bbox 148 1597 1232 1695; baseline 0.005 -27"><span class='ocrx_word' id='word_1_54' title='bbox 148 1598 302 1671; x_wconf 88' lang='lat' dir='ltr'><strong>laudata.</strong></span> <span class='ocrx_word' id='word_1_55' title='bbox 316 1597 405 1668; x_wconf 90' lang='lat' dir='ltr'><strong>Nam</strong></span> <span class='ocrx_word' id='word_1_56' title='bbox 422 1608 457 1668; x_wconf 87' lang='lat' dir='ltr'><strong>et</strong></span> <span class='ocrx_word' id='word_1_57' title='bbox 470 1597 586 1669; x_wconf 87' lang='lat' dir='ltr'><strong>Marco</strong></span> <span class='ocrx_word' id='word_1_58' title='bbox 600 1599 710 1670; x_wconf 80' lang='lat' dir='ltr'><strong>&#39;fullio</strong></span> <span class='ocrx_word' id='word_1_59' title='bbox 722 1599 895 1693; x_wconf 82' lang='lat' dir='ltr'><strong>placuisse</strong></span> <span class='ocrx_word' id='word_1_60' title='bbox 909 1623 985 1674; x_wconf 87' lang='lat' dir='ltr'><strong>eam</strong></span> <span class='ocrx_word' id='word_1_61' title='bbox 1000 1600 1112 1686; x_wconf 86' lang='lat' dir='ltr'><strong>video,</strong></span> <span class='ocrx_word' id='word_1_62' title='bbox 1128 1623 1232 1695; x_wconf 91' lang='lat' dir='ltr'><strong>quam</strong></span> 
     </span>
     <span class='ocr_line' id='line_1_9' title="bbox 147 1718 1232 1807; baseline 0.003 -16"><span class='ocrx_word' id='word_1_63' title='bbox 147 1718 281 1804; x_wconf 88' lang='lat' dir='ltr'><strong>Quinto</strong></span> <span class='ocrx_word' id='word_1_64' title='bbox 311 1718 469 1791; x_wconf 85' lang='lat' dir='ltr'><strong>Ciceroni</strong></span> <span class='ocrx_word' id='word_1_65' title='bbox 495 1719 593 1790; x_wconf 83' lang='lat' dir='ltr'><strong>tratri</strong></span> <span class='ocrx_word' id='word_1_66' title='bbox 619 1741 684 1792; x_wconf 92' lang='lat' dir='ltr'><strong>suo</strong></span> <span class='ocrx_word' id='word_1_67' title='bbox 710 1720 878 1806; x_wconf 88' lang='lat' dir='ltr'><strong>scribens,</strong></span> <span class='ocrx_word' id='word_1_68' title='bbox 907 1723 985 1794; x_wconf 90' lang='lat' dir='ltr'><strong>licet</strong></span> <span class='ocrx_word' id='word_1_69' title='bbox 1005 1724 1082 1794; x_wconf 88' lang='lat' dir='ltr'><strong>aliis</strong></span> <span class='ocrx_word' id='word_1_70' title='bbox 1103 1722 1232 1807; x_wconf 89' lang='lat' dir='ltr'><strong>verbis,</strong></span> 
     </span>
     <span class='ocr_line' id='line_1_10' title="bbox 148 1840 1235 1938; baseline 0.004 -27"><span class='ocrx_word' id='word_1_71' title='bbox 148 1840 313 1914; x_wconf 86' lang='lat' dir='ltr'><strong>inseruit:</strong></span> <span class='ocrx_word' id='word_1_72' title='bbox 330 1841 446 1936; x_wconf 82' lang='lat' dir='ltr'><strong>placet</strong></span> <span class='ocrx_word' id='word_1_73' title='bbox 460 1861 546 1933; x_wconf 79' lang='lat' dir='ltr'><strong>ergo</strong></span> <span class='ocrx_word' id='word_1_74' title='bbox 562 1843 745 1914; x_wconf 88' lang='lat' dir='ltr'><strong>consilium</strong></span> <span class='ocrx_word' id='word_1_75' title='bbox 762 1843 903 1935; x_wconf 86' lang='lat' dir='ltr'><strong>Epicuri</strong></span> <span class='ocrx_word' id='word_1_76' title='bbox 920 1845 1010 1915; x_wconf 90' lang='lat' dir='ltr'><strong>inter</strong></span> <span class='ocrx_word' id='word_1_77' title='bbox 1027 1846 1103 1917; x_wconf 88' lang='lat' dir='ltr'><strong>illos</strong></span> <span class='ocrx_word' id='word_1_78' title='bbox 1120 1867 1141 1916; x_wconf 90' lang='lat' dir='ltr'><strong>a</strong></span> <span class='ocrx_word' id='word_1_79' title='bbox 1156 1845 1235 1938; x_wconf 89' lang='lat' dir='ltr'><strong>qui-</strong></span> 
     </span>
     <span class='ocr_line' id='line_1_11' title="bbox 147 1963 1232 2058; baseline 0 -23"><span class='ocrx_word' id='word_1_80' title='bbox 147 1963 217 2038; x_wconf 88' lang='lat' dir='ltr'><strong>bus</strong></span> <span class='ocrx_word' id='word_1_81' title='bbox 239 1963 406 2058; x_wconf 87' lang='lat' dir='ltr'><strong>scriptum</strong></span> <span class='ocrx_word' id='word_1_82' title='bbox 432 1972 537 2056; x_wconf 86' lang='lat' dir='ltr'><strong>atque</strong></span> <span class='ocrx_word' id='word_1_83' title='bbox 561 1963 744 2058; x_wconf 90' lang='lat' dir='ltr'><strong>probatum</strong></span> <span class='ocrx_word' id='word_1_84' title='bbox 772 1976 837 2036; x_wconf 87' lang='lat' dir='ltr'><strong>est.</strong></span> <span class='ocrx_word' id='word_1_85' title='bbox 863 1965 970 2037; x_wconf 92' lang='lat' dir='ltr'><strong>Nobis</strong></span> <span class='ocrx_word' id='word_1_86' title='bbox 997 1967 1062 2037; x_wconf 91' lang='lat' dir='ltr'><strong>hae</strong></span> <span class='ocrx_word' id='word_1_87' title='bbox 1086 1977 1161 2037; x_wconf 89' lang='lat' dir='ltr'><strong>arte</strong></span> <span class='ocrx_word' id='word_1_88' title='bbox 1186 1969 1232 2036; x_wconf 92' lang='lat' dir='ltr'><strong>nil</strong></span> 
     </span>
     <span class='ocr_line' id='line_1_12' title="bbox 146 2085 1232 2180; baseline 0.003 -23"><span class='ocrx_word' id='word_1_89' title='bbox 146 2097 205 2159; x_wconf 89' lang='lat' dir='ltr'><strong>est</strong></span> <span class='ocrx_word' id='word_1_90' title='bbox 236 2107 337 2180; x_wconf 90' lang='lat' dir='ltr'><strong>opus.</strong></span> <span class='ocrx_word' id='word_1_91' title='bbox 364 2087 503 2158; x_wconf 78' lang='lat' dir='ltr'><strong>Testem</strong></span> <span class='ocrx_word' id='word_1_92' title='bbox 529 2085 648 2158; x_wconf 90' lang='lat' dir='ltr'><strong>fictum</strong></span> <span class='ocrx_word' id='word_1_93' title='bbox 678 2109 745 2158; x_wconf 92' lang='lat' dir='ltr'><strong>non</strong></span> <span class='ocrx_word' id='word_1_94' title='bbox 771 2088 980 2180; x_wconf 73' lang='lat' dir='ltr'><strong>quaerimus,</strong></span> <span class='ocrx_word' id='word_1_95' title='bbox 1008 2110 1086 2160; x_wconf 94' lang='lat' dir='ltr'><strong>cum</strong></span> <span class='ocrx_word' id='word_1_96' title='bbox 1111 2089 1232 2160; x_wconf 87' lang='lat' dir='ltr'><strong>vivum</strong></span> 
     </span>
     <span class='ocr_line' id='line_1_13' title="bbox 147 2208 1233 2306; baseline -0.003 -21"><span class='ocrx_word' id='word_1_97' title='bbox 147 2222 256 2306; x_wconf 85' lang='lat' dir='ltr'><strong>atque</strong></span> <span class='ocrx_word' id='word_1_98' title='bbox 280 2232 406 2282; x_wconf 88' lang='lat' dir='ltr'><strong>verum</strong></span> <span class='ocrx_word' id='word_1_99' title='bbox 432 2220 711 2305; x_wconf 76' lang='lat' dir='ltr'><strong>praesentemque</strong></span> <span class='ocrx_word' id='word_1_100' title='bbox 736 2231 876 2305; x_wconf 89' lang='lat' dir='ltr'><strong>semper</strong></span> <span class='ocrx_word' id='word_1_101' title='bbox 900 2210 1076 2283; x_wconf 81' lang='lat' dir='ltr'><strong>Christum</strong></span> <span class='ocrx_word' id='word_1_102' title='bbox 1103 2208 1233 2282; x_wconf 86' lang='lat' dir='ltr'><strong>habea-</strong></span> 
     </span>
     <span class='ocr_line' id='line_1_14' title="bbox 150 2329 1234 2420; baseline -0.002 -15"><span class='ocrx_word' id='word_1_103' title='bbox 150 2352 246 2405; x_wconf 90' lang='lat' dir='ltr'><strong>mus.</strong></span> <span class='ocrx_word' id='word_1_104' title='bbox 276 2332 364 2403; x_wconf 84' lang='lat' dir='ltr'><strong>Nam</strong></span> <span class='ocrx_word' id='word_1_105' title='bbox 391 2341 427 2403; x_wconf 92' lang='lat' dir='ltr'><strong>et</strong></span> <span class='ocrx_word' id='word_1_106' title='bbox 450 2333 482 2401; x_wconf 87' lang='lat' dir='ltr'><strong>si</strong></span> <span class='ocrx_word' id='word_1_107' title='bbox 500 2329 697 2402; x_wconf 83' lang='lat' dir='ltr'><strong>adscendero</strong></span> <span class='ocrx_word' id='word_1_108' title='bbox 722 2332 758 2402; x_wconf 84' lang='lat' dir='ltr'><strong>in</strong></span> <span class='ocrx_word' id='word_1_109' title='bbox 784 2335 917 2420; x_wconf 78' lang='lat' dir='ltr'><strong>celum,</strong></span> <span class='ocrx_word' id='word_1_110' title='bbox 943 2335 1011 2405; x_wconf 82' lang='lat' dir='ltr'><strong>illic</strong></span> <span class='ocrx_word' id='word_1_111' title='bbox 1045 2345 1104 2418; x_wconf 81' lang='lat' dir='ltr'><strong>est,</strong></span> <span class='ocrx_word' id='word_1_112' title='bbox 1139 2346 1170 2404; x_wconf 90' lang='lat' dir='ltr'><strong>ct</strong></span> <span class='ocrx_word' id='word_1_113' title='bbox 1202 2336 1234 2404; x_wconf 83' lang='lat' dir='ltr'><strong>si</strong></span> 
     </span>
     <span class='ocr_line' id='line_1_15' title="bbox 150 2451 1230 2550; baseline 0.003 -26"><span class='ocrx_word' id='word_1_114' title='bbox 150 2451 346 2525; x_wconf 78' lang='lat' dir='ltr'><strong>descendero</strong></span> <span class='ocrx_word' id='word_1_115' title='bbox 369 2455 405 2524; x_wconf 84' lang='lat' dir='ltr'><strong>in</strong></span> <span class='ocrx_word' id='word_1_116' title='bbox 431 2452 735 2544; x_wconf 61' lang='lat' dir='ltr'><strong>interponendum.</strong></span> <span class='ocrx_word' id='word_1_117' title='bbox 761 2457 885 2529; x_wconf 91' lang='lat' dir='ltr'><strong>Omnia</strong></span> <span class='ocrx_word' id='word_1_118' title='bbox 911 2458 1016 2550; x_wconf 80' lang='lat' dir='ltr'><strong>igitur</strong></span> <span class='ocrx_word' id='word_1_119' title='bbox 1035 2479 1151 2529; x_wconf 88' lang='lat' dir='ltr'><strong>coram</strong></span> <span class='ocrx_word' id='word_1_120' title='bbox 1173 2457 1230 2527; x_wconf 96' lang='lat' dir='ltr'><strong>illo</strong></span> 
     </span>
     <span class='ocr_line' id='line_1_16' title="bbox 150 2577 1233 2672; baseline 0.001 -23"><span class='ocrx_word' id='word_1_121' title='bbox 150 2600 222 2651; x_wconf 90' lang='lat' dir='ltr'><strong>nou</strong></span> <span class='ocrx_word' id='word_1_122' title='bbox 243 2577 343 2671; x_wconf 88' lang='lat' dir='ltr'><strong>quasi</strong></span> <span class='ocrx_word' id='word_1_123' title='bbox 366 2586 554 2671; x_wconf 81' lang='lat' dir='ltr'><strong>spectante,</strong></span> <span class='ocrx_word' id='word_1_124' title='bbox 578 2577 640 2650; x_wconf 88' lang='lat' dir='ltr'><strong>sed</strong></span> <span class='ocrx_word' id='word_1_125' title='bbox 661 2599 746 2651; x_wconf 88' lang='lat' dir='ltr'><strong>vere</strong></span> <span class='ocrx_word' id='word_1_126' title='bbox 765 2588 944 2672; x_wconf 82' lang='lat' dir='ltr'><strong>spectante</strong></span> <span class='ocrx_word' id='word_1_127' title='bbox 964 2581 1143 2651; x_wconf 86' lang='lat' dir='ltr'><strong>iaciamus.</strong></span> <span class='ocrx_word' id='word_1_128' title='bbox 1165 2579 1233 2650; x_wconf 92' lang='lat' dir='ltr'><strong>Pu-</strong></span> 
     </span>
     <span class='ocr_line' id='line_1_17' title="bbox 146 2698 1232 2776; baseline -0.004 0"><span class='ocrx_word' id='word_1_129' title='bbox 146 2700 247 2776; x_wconf 88' lang='lat' dir='ltr'><strong>debit</strong></span> <span class='ocrx_word' id='word_1_130' title='bbox 264 2721 335 2773; x_wconf 89' lang='lat' dir='ltr'><strong>non</strong></span> <span class='ocrx_word' id='word_1_131' title='bbox 354 2698 459 2772; x_wconf 91' lang='lat' dir='ltr'><strong>modo</strong></span> <span class='ocrx_word' id='word_1_132' title='bbox 479 2708 617 2772; x_wconf 86' lang='lat' dir='ltr'><strong>actuum</strong></span> <span class='ocrx_word' id='word_1_133' title='bbox 641 2701 704 2774; x_wconf 90' lang='lat' dir='ltr'><strong>sed</strong></span> <span class='ocrx_word' id='word_1_134' title='bbox 726 2723 930 2774; x_wconf 77' lang='lat' dir='ltr'><strong>omanorum</strong></span> <span class='ocrx_word' id='word_1_135' title='bbox 946 2703 1051 2775; x_wconf 89' lang='lat' dir='ltr'><strong>etiam</strong></span> <span class='ocrx_word' id='word_1_136' title='bbox 1072 2703 1232 2773; x_wconf 83' lang='lat' dir='ltr'><strong>volunta·</strong></span> 
     </span>
     <span class='ocr_line' id='line_1_18' title="bbox 147 2821 1231 2917; baseline -0.003 -21"><span class='ocrx_word' id='word_1_137' title='bbox 147 2834 236 2910; x_wconf 91' lang='lat' dir='ltr'><strong>tum,</strong></span> <span class='ocrx_word' id='word_1_138' title='bbox 258 2844 347 2917; x_wconf 88' lang='lat' dir='ltr'><strong>quas</strong></span> <span class='ocrx_word' id='word_1_139' title='bbox 374 2844 444 2895; x_wconf 91' lang='lat' dir='ltr'><strong>non</strong></span> <span class='ocrx_word' id='word_1_140' title='bbox 464 2830 596 2895; x_wconf 89' lang='lat' dir='ltr'><strong>tantum</strong></span> <span class='ocrx_word' id='word_1_141' title='bbox 618 2821 736 2908; x_wconf 89' lang='lat' dir='ltr'><strong>lictus,</strong></span> <span class='ocrx_word' id='word_1_142' title='bbox 760 2822 947 2895; x_wconf 89' lang='lat' dir='ltr'><strong>sedetiam</strong></span> <span class='ocrx_word' id='word_1_143' title='bbox 968 2844 1054 2895; x_wconf 90' lang='lat' dir='ltr'><strong>vere</strong></span> <span class='ocrx_word' id='word_1_144' title='bbox 1073 2843 1231 2916; x_wconf 89' lang='lat' dir='ltr'><strong>praesens</strong></span> 
     </span>
     <span class='ocr_line' id='line_1_19' title="bbox 146 2944 1231 3040; baseline -0.003 -22"><span class='ocrx_word' id='word_1_145' title='bbox 146 2947 320 3040; x_wconf 87' lang='lat' dir='ltr'><strong>Epicurus</strong></span> <span class='ocrx_word' id='word_1_146' title='bbox 340 2945 450 3032; x_wconf 83' lang='lat' dir='ltr'><strong>testis,</strong></span> <span class='ocrx_word' id='word_1_147' title='bbox 468 2966 536 3017; x_wconf 93' lang='lat' dir='ltr'><strong>non</strong></span> <span class='ocrx_word' id='word_1_148' title='bbox 555 2955 676 3040; x_wconf 89' lang='lat' dir='ltr'><strong>posset</strong></span> <span class='ocrx_word' id='word_1_149' title='bbox 692 2965 891 3035; x_wconf 76' lang='lat' dir='ltr'><strong>agnoscere.</strong></span> <span class='ocrx_word' id='word_1_150' title='bbox 912 2944 1016 3015; x_wconf 83' lang='lat' dir='ltr'><strong>Novit</strong></span> <span class='ocrx_word' id='word_1_151' title='bbox 1037 2952 1152 3012; x_wconf 89' lang='lat' dir='ltr'><strong>autem</strong></span> <span class='ocrx_word' id='word_1_152' title='bbox 1170 2964 1231 3015; x_wconf 88' lang='lat' dir='ltr'><strong>eas</strong></span> 
     </span>
     <span class='ocr_line' id='line_1_20' title="bbox 149 3065 1231 3159; baseline -0.003 -20"><span class='ocrx_word' id='word_1_153' title='bbox 149 3070 208 3141; x_wconf 91' lang='lat' dir='ltr'><strong>ille</strong></span> <span class='ocrx_word' id='word_1_154' title='bbox 233 3069 331 3142; x_wconf 83' lang='lat' dir='ltr'><strong>cuius</strong></span> <span class='ocrx_word' id='word_1_155' title='bbox 365 3069 475 3141; x_wconf 89' lang='lat' dir='ltr'><strong>oculis</strong></span> <span class='ocrx_word' id='word_1_156' title='bbox 501 3067 585 3140; x_wconf 88' lang='lat' dir='ltr'><strong>nihil</strong></span> <span class='ocrx_word' id='word_1_157' title='bbox 607 3074 663 3137; x_wconf 92' lang='lat' dir='ltr'><strong>est</strong></span> <span class='ocrx_word' id='word_1_158' title='bbox 688 3065 907 3159; x_wconf 89' lang='lat' dir='ltr'><strong>impervium.</strong></span> <span class='ocrx_word' id='word_1_159' title='bbox 941 3066 1107 3135; x_wconf 87' lang='lat' dir='ltr'><strong>Putemus</strong></span> <span class='ocrx_word' id='word_1_160' title='bbox 1137 3065 1231 3136; x_wconf 91' lang='lat' dir='ltr'><strong>illum</strong></span> 
     </span>
     <span class='ocr_line' id='line_1_21' title="bbox 147 3183 1232 3281; baseline -0.004 -20"><span class='ocrx_word' id='word_1_161' title='bbox 147 3198 231 3261; x_wconf 90' lang='lat' dir='ltr'><strong>aute</strong></span> <span class='ocrx_word' id='word_1_162' title='bbox 261 3191 381 3261; x_wconf 90' lang='lat' dir='ltr'><strong>oculos</strong></span> <span class='ocrx_word' id='word_1_163' title='bbox 413 3200 551 3261; x_wconf 87' lang='lat' dir='ltr'><strong>nostros</strong></span> <span class='ocrx_word' id='word_1_164' title='bbox 578 3186 729 3281; x_wconf 90' lang='lat' dir='ltr'><strong>positum</strong></span> <span class='ocrx_word' id='word_1_165' title='bbox 755 3186 927 3257; x_wconf 89' lang='lat' dir='ltr'><strong>clamare:</strong></span> <span class='ocrx_word' id='word_1_166' title='bbox 948 3183 1041 3266; x_wconf 87' lang='lat' dir='ltr'><strong>Quid</strong></span> <span class='ocrx_word' id='word_1_167' title='bbox 1066 3183 1182 3277; x_wconf 69' lang='lat' dir='ltr'><strong>agitis</strong></span> <span class='ocrx_word' id='word_1_168' title='bbox 1210 3208 1232 3257; x_wconf 94' lang='lat' dir='ltr'><strong>o</strong></span> 
     </span>
     <span class='ocr_line' id='line_1_22' title="bbox 145 3307 1231 3404; baseline -0.006 -21"><span class='ocrx_word' id='word_1_169' title='bbox 145 3309 229 3384; x_wconf 64' lang='lat' dir='ltr'><strong>mci</strong></span> <span class='ocrx_word' id='word_1_170' title='bbox 250 3322 287 3382; x_wconf 90' lang='lat' dir='ltr'><strong>et</strong></span> <span class='ocrx_word' id='word_1_171' title='bbox 311 3311 460 3403; x_wconf 76' lang='lat' dir='ltr'><strong>ingrati?</strong></span> <span class='ocrx_word' id='word_1_172' title='bbox 485 3311 561 3402; x_wconf 79' lang='lat' dir='ltr'><strong>Ego</strong></span> <span class='ocrx_word' id='word_1_173' title='bbox 587 3331 650 3404; x_wconf 87' lang='lat' dir='ltr'><strong>pro</strong></span> <span class='ocrx_word' id='word_1_174' title='bbox 675 3307 776 3381; x_wconf 90' lang='lat' dir='ltr'><strong>vobis</strong></span> <span class='ocrx_word' id='word_1_175' title='bbox 803 3317 948 3379; x_wconf 92' lang='lat' dir='ltr'><strong>mortem</strong></span> <span class='ocrx_word' id='word_1_176' title='bbox 977 3316 1101 3403; x_wconf 87' lang='lat' dir='ltr'><strong>sponte</strong></span> <span class='ocrx_word' id='word_1_177' title='bbox 1127 3307 1231 3379; x_wconf 89' lang='lat' dir='ltr'><strong>susti-</strong></span> 
     </span>
     <span class='ocr_line' id='line_1_23' title="bbox 146 3428 1230 3524; baseline -0.002 -20"><span class='ocrx_word' id='word_1_178' title='bbox 146 3433 222 3518; x_wconf 86' lang='lat' dir='ltr'><strong>nui,</strong></span> <span class='ocrx_word' id='word_1_179' title='bbox 249 3454 315 3505; x_wconf 89' lang='lat' dir='ltr'><strong>vos</strong></span> <span class='ocrx_word' id='word_1_180' title='bbox 340 3430 424 3502; x_wconf 90' lang='lat' dir='ltr'><strong>mihi</strong></span> <span class='ocrx_word' id='word_1_181' title='bbox 452 3432 604 3504; x_wconf 91' lang='lat' dir='ltr'><strong>laborem</strong></span> <span class='ocrx_word' id='word_1_182' title='bbox 630 3432 798 3524; x_wconf 82' lang='lat' dir='ltr'><strong>exiguum</strong></span> <span class='ocrx_word' id='word_1_183' title='bbox 825 3431 985 3522; x_wconf 77' lang='lat' dir='ltr'><strong>negatis?</strong></span> <span class='ocrx_word' id='word_1_184' title='bbox 1010 3428 1086 3502; x_wconf 85' lang='lat' dir='ltr'><strong>haec</strong></span> <span class='ocrx_word' id='word_1_185' title='bbox 1111 3441 1230 3502; x_wconf 85' lang='lat' dir='ltr'><strong>vestra</strong></span> 
     </span>
     <span class='ocr_line' id='line_1_24' title="bbox 148 3552 1285 3649; baseline -0.001 -24"><span class='ocrx_word' id='word_1_186' title='bbox 148 3555 382 3649; x_wconf 87' lang='lat' dir='ltr'><strong>pietas‘lhaec</strong></span> <span class='ocrx_word' id='word_1_187' title='bbox 413 3555 543 3649; x_wconf 89' lang='lat' dir='ltr'><strong>accepti</strong></span> <span class='ocrx_word' id='word_1_188' title='bbox 570 3552 727 3626; x_wconf 85' lang='lat' dir='ltr'><strong>beneficii</strong></span> <span class='ocrx_word' id='word_1_189' title='bbox 752 3553 920 3626; x_wconf 86' lang='lat' dir='ltr'><strong>memoria</strong></span> <span class='ocrx_word' id='word_1_190' title='bbox 945 3557 1021 3625; x_wconf 78' lang='lat' dir='ltr'><strong>cst?</strong></span> <span class='ocrx_word' id='word_1_191' title='bbox 1052 3553 1118 3637; x_wconf 90' lang='lat' dir='ltr'><strong>Qui</strong></span> <span class='ocrx_word' id='word_1_192' title='bbox 1145 3564 1231 3624; x_wconf 90' lang='lat' dir='ltr'><strong>nutu</strong></span> <span class='ocrx_word' id='word_1_193' title='bbox 1276 3572 1285 3592; x_wconf 83' lang='lat'><strong>·</strong></span> 
     </span>
     <span class='ocr_line' id='line_1_25' title="bbox 147 3673 1231 3770; baseline -0.004 -21"><span class='ocrx_word' id='word_1_194' title='bbox 147 3674 275 3750; x_wconf 87' lang='lat' dir='ltr'><strong>ooelum</strong></span> <span class='ocrx_word' id='word_1_195' title='bbox 297 3686 478 3770; x_wconf 83' lang='lat' dir='ltr'><strong>terrasque</strong></span> <span class='ocrx_word' id='word_1_196' title='bbox 497 3686 533 3748; x_wconf 89' lang='lat' dir='ltr'><strong>et</strong></span> <span class='ocrx_word' id='word_1_197' title='bbox 549 3676 657 3747; x_wconf 90' lang='lat' dir='ltr'><strong>maria</strong></span> <span class='ocrx_word' id='word_1_198' title='bbox 679 3673 846 3767; x_wconf 79' lang='lat' dir='ltr'><strong>guberno,</strong></span> <span class='ocrx_word' id='word_1_199' title='bbox 865 3675 923 3768; x_wconf 90' lang='lat' dir='ltr'><strong>qui</strong></span> <span class='ocrx_word' id='word_1_200' title='bbox 945 3674 1087 3746; x_wconf 87' lang='lat' dir='ltr'><strong>lulmina</strong></span> <span class='ocrx_word' id='word_1_201' title='bbox 1104 3675 1149 3745; x_wconf 91' lang='lat' dir='ltr'><strong>de</strong></span> <span class='ocrx_word' id='word_1_202' title='bbox 1166 3698 1231 3745; x_wconf 92' lang='lat' dir='ltr'><strong>nu-</strong></span> 
     </span>
     <span class='ocr_line' id='line_1_26' title="bbox 147 3796 1231 3892; baseline -0.005 -21"><span class='ocrx_word' id='word_1_203' title='bbox 147 3796 254 3872; x_wconf 88' lang='lat' dir='ltr'><strong>bibus</strong></span> <span class='ocrx_word' id='word_1_204' title='bbox 274 3798 373 3885; x_wconf 88' lang='lat' dir='ltr'><strong>iacio,</strong></span> <span class='ocrx_word' id='word_1_205' title='bbox 400 3799 460 3892; x_wconf 90' lang='lat' dir='ltr'><strong>qui</strong></span> <span class='ocrx_word' id='word_1_206' title='bbox 486 3798 628 3870; x_wconf 88' lang='lat' dir='ltr'><strong>alternis</strong></span> <span class='ocrx_word' id='word_1_207' title='bbox 653 3797 791 3870; x_wconf 87' lang='lat' dir='ltr'><strong>vicibus</strong></span> <span class='ocrx_word' id='word_1_208' title='bbox 820 3806 1043 3890; x_wconf 86' lang='lat' dir='ltr'><strong>tempestates</strong></span> <span class='ocrx_word' id='word_1_209' title='bbox 1069 3818 1110 3867; x_wconf 93' lang='lat' dir='ltr'><strong>ac</strong></span> <span class='ocrx_word' id='word_1_210' title='bbox 1136 3817 1231 3867; x_wconf 89' lang='lat' dir='ltr'><strong>sere·</strong></span> 
     </span>
     <span class='ocr_line' id='line_1_27' title="bbox 146 3919 1231 4014; baseline -0.005 -20"><span class='ocrx_word' id='word_1_211' title='bbox 146 3943 231 3994; x_wconf 90' lang='lat' dir='ltr'><strong>unm</strong></span> <span class='ocrx_word' id='word_1_212' title='bbox 254 3920 394 4006; x_wconf 90' lang='lat' dir='ltr'><strong>reveho,</strong></span> <span class='ocrx_word' id='word_1_213' title='bbox 416 3922 476 4014; x_wconf 81' lang='lat' dir='ltr'><strong>qui</strong></span> <span class='ocrx_word' id='word_1_214' title='bbox 496 3920 586 3992; x_wconf 90' lang='lat' dir='ltr'><strong>diem</strong></span> <span class='ocrx_word' id='word_1_215' title='bbox 605 3930 811 4013; x_wconf 87' lang='lat' dir='ltr'><strong>noctemque</strong></span> <span class='ocrx_word' id='word_1_216' title='bbox 830 3921 903 3992; x_wconf 89' lang='lat' dir='ltr'><strong>suis</strong></span> <span class='ocrx_word' id='word_1_217' title='bbox 922 3919 1110 3992; x_wconf 89' lang='lat' dir='ltr'><strong>luminibus</strong></span> <span class='ocrx_word' id='word_1_218' title='bbox 1128 3942 1231 3992; x_wconf 84' lang='lat' dir='ltr'><strong>exor-</strong></span> 
     </span>
     <span class='ocr_line' id='line_1_28' title="bbox 144 4040 1231 4133; baseline -0.006 -15"><span class='ocrx_word' id='word_1_219' title='bbox 144 4066 198 4131; x_wconf 90' lang='lat' dir='ltr'><strong>no,</strong></span> <span class='ocrx_word' id='word_1_220' title='bbox 219 4053 257 4116; x_wconf 87' lang='lat' dir='ltr'><strong>et</strong></span> <span class='ocrx_word' id='word_1_221' title='bbox 271 4042 373 4115; x_wconf 89' lang='lat' dir='ltr'><strong>vario</strong></span> <span class='ocrx_word' id='word_1_222' title='bbox 395 4042 560 4116; x_wconf 86' lang='lat' dir='ltr'><strong>horarum</strong></span> <span class='ocrx_word' id='word_1_223' title='bbox 580 4063 726 4114; x_wconf 83' lang='lat' dir='ltr'><strong>numero</strong></span> <span class='ocrx_word' id='word_1_224' title='bbox 748 4041 909 4114; x_wconf 89' lang='lat' dir='ltr'><strong>tenebras</strong></span> <span class='ocrx_word' id='word_1_225' title='bbox 925 4045 1107 4133; x_wconf 89' lang='lat' dir='ltr'><strong>lucemque</strong></span> <span class='ocrx_word' id='word_1_226' title='bbox 1120 4040 1231 4112; x_wconf 91' lang='lat' dir='ltr'><strong>dime-</strong></span> 
     </span>
    </p>

    <p class='ocr_par' dir='ltr' id='par_1_3' title="bbox 138 4142 1294 4623">
     <span class='ocr_line' id='line_1_29' title="bbox 144 4142 1294 4263; baseline -0.003 -27"><span class='ocrx_word' id='word_1_227' title='bbox 144 4167 217 4253; x_wconf 90' lang='lat' dir='ltr'><strong>tior,</strong></span> <span class='ocrx_word' id='word_1_228' title='bbox 236 4165 300 4263; x_wconf 91' lang='lat' dir='ltr'><strong>qui</strong></span> <span class='ocrx_word' id='word_1_229' title='bbox 320 4173 528 4260; x_wconf 89' lang='lat' dir='ltr'><strong>perpetuum</strong></span> <span class='ocrx_word' id='word_1_230' title='bbox 546 4165 631 4237; x_wconf 89' lang='lat' dir='ltr'><strong>solis</strong></span> <span class='ocrx_word' id='word_1_231' title='bbox 648 4163 854 4258; x_wconf 91' lang='lat' dir='ltr'><strong>obsequium</strong></span> <span class='ocrx_word' id='word_1_232' title='bbox 873 4163 1035 4235; x_wconf 90' lang='lat' dir='ltr'><strong>duodeno</strong></span> <span class='ocrx_word' id='word_1_233' title='bbox 1054 4165 1229 4236; x_wconf 88' lang='lat' dir='ltr'><strong>stellarum</strong></span> <span class='ocrx_word' id='word_1_234' title='bbox 1287 4142 1294 4151; x_wconf 53' lang='grc'>’</span> 
     </span>
     <span class='ocr_line' id='line_1_30' title="bbox 142 4284 1230 4382; baseline -0.008 -18"><span class='ocrx_word' id='word_1_235' title='bbox 142 4290 265 4365; x_wconf 77' lang='lat' dir='ltr'><strong>ordine</strong></span> <span class='ocrx_word' id='word_1_236' title='bbox 292 4290 339 4363; x_wconf 88' lang='lat' dir='ltr'><strong>ad</strong></span> <span class='ocrx_word' id='word_1_237' title='bbox 365 4298 554 4382; x_wconf 87' lang='lat' dir='ltr'><strong>quaternas</strong></span> <span class='ocrx_word' id='word_1_238' title='bbox 577 4298 769 4381; x_wconf 90' lang='lat' dir='ltr'><strong>temporum</strong></span> <span class='ocrx_word' id='word_1_239' title='bbox 794 4284 983 4356; x_wconf 86' lang='lat' dir='ltr'><strong>varietates</strong></span> <span class='ocrx_word' id='word_1_240' title='bbox 1006 4284 1166 4369; x_wconf 87' lang='lat' dir='ltr'><strong>adhibeo,</strong></span> <span class='ocrx_word' id='word_1_241' title='bbox 1194 4295 1230 4357; x_wconf 90' lang='lat' dir='ltr'><strong>et</strong></span> 
     </span>
     <span class='ocr_line' id='line_1_31' title="bbox 139 4408 1227 4502; baseline -0.008 -15"><span class='ocrx_word' id='word_1_242' title='bbox 139 4414 281 4490; x_wconf 77' lang='lat' dir='ltr'><strong>fastidio</strong></span> <span class='ocrx_word' id='word_1_243' title='bbox 300 4413 499 4495; x_wconf 89' lang='lat' dir='ltr'><strong>consulens,</strong></span> <span class='ocrx_word' id='word_1_244' title='bbox 522 4419 624 4502; x_wconf 80' lang='lat' dir='ltr'><strong>grata</strong></span> <span class='ocrx_word' id='word_1_245' title='bbox 643 4430 760 4481; x_wconf 91' lang='lat' dir='ltr'><strong>rerum</strong></span> <span class='ocrx_word' id='word_1_246' title='bbox 782 4417 819 4479; x_wconf 90' lang='lat' dir='ltr'><strong>et</strong></span> <span class='ocrx_word' id='word_1_247' title='bbox 837 4408 1032 4481; x_wconf 89' lang='lat' dir='ltr'><strong>incessabili</strong></span> <span class='ocrx_word' id='word_1_248' title='bbox 1059 4409 1227 4490; x_wconf 86' lang='lat' dir='ltr'><strong>novitate,</strong></span> 
     </span>
     <span class='ocr_line' id='line_1_32' title="bbox 138 4528 1227 4623; baseline -0.013 -14"><span class='ocrx_word' id='word_1_249' title='bbox 138 4539 217 4613; x_wconf 87' lang='lat' dir='ltr'><strong>anni</strong></span> <span class='ocrx_word' id='word_1_250' title='bbox 244 4535 419 4611; x_wconf 86' lang='lat' dir='ltr'><strong>circulum</strong></span> <span class='ocrx_word' id='word_1_251' title='bbox 446 4532 693 4615; x_wconf 89' lang='lat' dir='ltr'><strong>circumvolve,</strong></span> <span class='ocrx_word' id='word_1_252' title='bbox 721 4530 781 4623; x_wconf 89' lang='lat' dir='ltr'><strong>qui</strong></span> <span class='ocrx_word' id='word_1_253' title='bbox 808 4553 876 4604; x_wconf 91' lang='lat' dir='ltr'><strong>non</strong></span> <span class='ocrx_word' id='word_1_254' title='bbox 903 4533 1005 4605; x_wconf 88' lang='lat' dir='ltr'><strong>modo</strong></span> <span class='ocrx_word' id='word_1_255' title='bbox 1030 4528 1227 4604; x_wconf 88' lang='lat' dir='ltr'><strong>calcabilem</strong></span> 
     </span>
    </p>
   </div>
   <div class='ocr_carea' id='block_1_3' title="bbox 0 0 1374 5062">
    <p class='ocr_par' dir='ltr' id='par_1_4' title="bbox 0 0 1374 5062">
     <span class='ocr_line' id='line_1_33' title="bbox 0 0 1374 5062; baseline 0 1"><span class='ocrx_word' id='word_1_256' title='bbox 0 0 1374 5062; x_wconf 95' lang='lat' dir='ltr'><strong> </strong></span> 
     </span>
    </p>
   </div>
  </div>
 </body>
</html>
