2738 5062
530 913 716 978 nullust}
747 911 951 977 PETRARCAE

346 1140 415 1216 DE
468 1136 653 1216 REBUS
710 1131 1138 1214 FAMILIARIBUS

439 1334 587 1403 LIBER
626 1328 1068 1428 suxrttsuncmrtts

637 1830 817 1895 EPlsloln
838 1832 857 1893 1.

235 2015 428 2066 Funuclscus
450 2014 618 2063 sarulsus
639 2011 832 2061 TALARANDO
853 2011 903 2060 ΕΡ.
926 2010 1052 2059 mutuo
1072 2010 1113 2059 ΕΤ
1134 1998 1270 2063 Gemuit!

423 2118 473 2166 ΕΡ.
496 2115 674 2166 ronrubust
695 2114 925 2165 cluniensibus
946 2113 972 2163 S.
994 2115 1022 2163 P.
1043 2114 1074 2163 b.

250 2288 390 2343 Aveniouc
405 2304 435 2343 se
449 2287 563 2342 missurn
580 2287 639 2340 lleri
655 2287 733 2357 petit,
750 2292 781 2341 nt
795 2285 834 2340 od
845 2285 949 2341 sontem
964 2285 1067 2356 Sergiae
1081 2280 1166 2340 rebus
1182 2286 1243 2342 sois

318 2376 444 2431 consulut
457 2375 492 2430 ob
507 2381 625 2430 mortem
639 2375 722 2429 villici
737 2374 780 2429 sui
795 2374 870 2430 omni
884 2373 1008 2429 custodis
1020 2372 1170 2429 destitutis.

305 2611 341 2680 Si
361 2610 418 2682 ille
434 2609 759 2701 Carthaginensium
781 2609 914 2704 primus
935 2620 1045 2681 terror
1064 2609 1205 2682 Murcus
1224 2610 1290 2683 At·

208 2735 300 2806 tilius
322 2734 477 2826 Regulus
499 2755 664 2825 magnum
686 2742 722 2804 et
737 2752 866 2828 anceps
891 2732 926 2802 in
947 2731 1061 2803 Africa
1084 2731 1289 2824 reipublicae

209 2858 390 2949 negocium
412 2876 539 2947 gerens
564 2876 750 2927 causamn
776 2865 899 2927 senatu
919 2854 1080 2948 petendae
1106 2853 1288 2927 missionis

211 2980 301 3049 illam
324 2999 393 3048 non
418 2977 559 3048 erubuit
584 2977 706 3049 litteris
728 2977 895 3062 inserere,
921 2976 1016 3070 quod
1035 2977 1170 3048 villicus
1197 2998 1288 3048 suus

207 3101 268 3193 qui
288 3121 397 3193 pauca
423 3099 488 3170 sibi
516 3098 705 3171 suburbani
739 3100 813 3192 agri
841 3101 960 3191 iugera
984 3101 1139 3171 coluerat
1161 3096 1289 3170 deces-

209 3226 331 3305 sisset;
362 3221 446 3315 qnid
470 3220 675 3292 erubescam
700 3243 766 3312 ego
792 3221 916 3312 privati
943 3221 1130 3301 modicum,
1158 3218 1288 3312 publici

209 3344 343 3434 negocii
364 3344 448 3412 nibil
469 3363 592 3433 agens,
615 3341 766 3426 evehis,
789 3344 962 3434 geminum
984 3343 1092 3414 decus
1111 3341 1286 3426 ecclesiae,

210 3462 411 3532 missionem
445 3461 600 3553 flagitare
632 3461 791 3534 eamdem
835 3461 881 3532 eb
905 3483 1059 3546 causam,
1081 3460 1177 3554 quod
1196 3460 1290 3532 villi-

209 3603 431 3673 uusquequo
456 3604 556 3652 meus
582 3582 685 3652 vobis
707 3606 773 3654 non
799 3583 952 3673 ignotus,
980 3584 1039 3676 qni
1066 3583 1149 3653 mibi
1175 3605 1291 3678 pauca

210 3704 328 3776 itidem
354 3699 436 3771 sicci
462 3701 553 3773 ruris
582 3703 700 3795 iugera
733 3702 877 3787 colebat,
905 3704 1069 3777 hesterno
1097 3705 1154 3776 die
1178 3704 1293 3777 obiit?

212 3827 332 3917 Neque
349 3820 441 3892 enim
459 3843 593 3907 vereor,
608 3846 651 3895 ne
668 3825 747 3917 quis
765 3837 919 3897 vestrum
934 3849 1026 3899 nnnc
1043 3828 1126 3898 nini
1145 3850 1293 3924 respon-

211 3949 293 4020 deat
306 3947 399 4040 qnod
414 3958 495 4018 tunc
509 3956 651 4018 senatus
670 3946 795 4031 Auito,
812 3948 997 4042 iubeatque
1010 3949 1131 4043 coeptis
1148 3950 1295 4025 insiste-

213 4092 259 4154 re,
273 4085 309 4141 et
321 4071 355 4140 in
372 4092 410 4141 se
422 4091 541 4141 curum
560 4069 690 4141 deserti
709 4072 800 4142 ruris
812 4072 973 4167 excipiat.
988 4071 1083 4143 lllins
1098 4072 1190 4144 enim
1205 4096 1295 4167 ager

212 4193 331 4262 liemon
348 4202 437 4262 erat:
457 4214 555 4262 meus
577 4191 621 4262 od
642 4194 767 4264 iontem
787 4195 920 4285 Surgiae
938 4216 1007 4265 non
1029 4194 1093 4266 nisi
1115 4195 1211 4266 tenui
1231 4218 1297 4270 vo-

214 4313 268 4383 bis
289 4313 450 4404 cognitus
470 4315 559 4407 loma
583 4316 688 4386 locus.
711 4315 852 4388 Accedit
872 4317 967 4409 quod
994 4317 1103 4388 maior
1128 4319 1294 4408 qnaedam

215 4436 298 4506 mihi
317 4434 556 4507 sollicitudinis
577 4450 771 4508 causaest:
795 4439 1022 4531 nequeenim,
1043 4448 1081 4508 ut
1098 4438 1163 4522 ille,
1184 4438 1298 4511 incul-
