2738 5062
178 719 237 780 566
519 730 559 779 ns
581 730 681 778 annus
703 729 923 778 raurursnreus

178 874 291 945 relatu
321 873 462 954 mirum,
492 871 646 943 terribile
671 871 842 962 cogitatu,
869 872 903 941 in
936 894 979 943 co
1004 870 1066 943 tibi
1087 893 1259 947 summam

178 995 382 1067 meritorum
400 1000 437 1064 et
461 994 635 1067 felicitatis
660 1005 696 1065 et
719 993 842 1086 gloriae
867 993 969 1064 sitam
995 1003 1111 1086 putas,
1138 994 1168 1066 si
1192 996 1260 1068 hoc

178 1116 298 1190 videet
329 1128 417 1188 aetas
451 1127 587 1200 nostra,
621 1116 689 1188 hoc
715 1115 903 1210 posteritas
927 1115 1059 1200 audiat,
1081 1126 1116 1188 te
1141 1117 1259 1193 multis

178 1238 344 1332 gentibus
369 1251 405 1311 et
430 1241 492 1312 toti
517 1261 619 1332 peno
653 1239 760 1310 ltaliae
794 1239 1016 1332 pestiferum,
1037 1240 1164 1332 populo
1196 1262 1260 1311 au·

179 1373 249 1435 tem
271 1375 331 1435 tuo
351 1364 528 1434 funestum
553 1372 590 1433 el
613 1363 764 1433 fortasse
788 1361 945 1433 ultimum
969 1359 1099 1433 bellum
1119 1361 1261 1453 ingenio

179 1486 323 1569 fovisse,
358 1484 545 1557 exacuisse
574 1483 746 1567 consiliis,
774 1485 915 1574 eloquio
947 1482 1262 1567 inflammassent

180 1607 241 1680 tibi
259 1631 365 1702 quem
393 1620 617 1702 sequestrum
643 1608 740 1701 pacis
764 1618 801 1679 et
823 1609 954 1709 quietis
979 1618 1157 1679 auctorem
1183 1628 1261 1679 cre-

178 1730 263 1816 didi,
285 1733 352 1805 iam
375 1733 500 1804 merito
520 1730 588 1803 dici
611 1730 723 1827 possit
752 1730 849 1824 quod
880 1729 948 1824 ipsi
981 1731 1064 1801 olim
1103 1730 1260 1805 leremiae

179 1856 353 1927 immerito
384 1854 515 1926 dictum
549 1864 620 1925 est:
651 1851 809 1944 siquidem
840 1854 935 1929 domo
964 1853 1114 1922 hicnon
1143 1855 1261 1942 pnoerit

174 1999 290 2070 pacem
317 1981 439 2070 populo
469 1975 526 2047 sed
555 1978 690 2059 molam,
724 1976 819 2047 Heu!
848 1992 928 2047 o'are
954 1973 1040 2045 milri
1064 1975 1099 2045 in
1120 1948 1260 2048 Christo

177 2101 293 2184 freter,
323 2124 431 2194 qnam
452 2097 555 2173 valde
589 2118 715 2173 vereor
747 2121 792 2170 ne
825 2096 885 2171 tibi
910 2118 1052 2193 quoquo
1074 2096 1261 2171 conveniat

178 2223 273 2314 quod
295 2225 351 2294 ille
371 2225 426 2295 vir
447 2224 588 2319 sapiens
609 2224 656 2297 ait
682 2223 716 2292 in
743 2219 937 2317 parabolis:
958 2224 1012 2292 nir
1034 2223 1153 2313 impias
1178 2219 1261 2309 fodit

177 2345 304 2414 rrmlnm
334 2355 365 2429 el
397 2347 434 2414 in
467 2347 560 2419 lolir's
586 2350 655 2419 eins
680 2347 767 2435 ipnis
787 2343 948 2417 ardescit:
968 2345 1063 2415 lanio
1086 2360 1260 2435 perversus

176 2468 311 2557 suscitat
331 2466 401 2535 lites
421 2476 452 2535 et
467 2468 621 2537 undosus
640 2479 772 2561 separat
788 2469 968 2562 principes.
989 2467 1034 2537 Et
1049 2464 1145 2559 quod
1162 2464 1260 2537 aliter

177 2589 227 2661 ait
245 2591 281 2661 ln
302 2589 564 2663 Ecclesiastico:
585 2591 680 2662 lnmo
700 2589 880 2661 iracimdur
895 2587 1036 2661 intendit
1052 2591 1143 2659 litem
1159 2600 1190 2658 et
1205 2589 1260 2657 nir

173 2725 330 2805 peccator
353 2716 494 2786 tardabit
517 2717 657 2799 amicos,
679 2721 711 2785 c't
734 2716 772 2786 in
797 2711 902 2785 medio
927 2713 1118 2783 dolentium
1144 2732 1261 2806 pacem

178 2834 329 2905 immittet
348 2836 569 2907 inimicitiam.
604 2836 692 2908 Nam
718 2834 748 2907 si
774 2835 887 2927 aequis
912 2832 1056 2906 auribus
1077 2842 1113 2907 et
1138 2845 1261 2927 pacato

179 2958 295 3028 animo
315 2957 438 3031 audire
457 2980 581 3031 vorum
603 2971 702 3054 potes
723 2957 768 3031 ab
788 2957 916 3043 amico,
934 2958 1016 3050 quis
1035 2965 1092 3028 est
1113 2976 1260 3050 usquam

179 3081 359 3153 hominnm
384 3081 445 3174 qui
469 3080 620 3164 dubitet,
646 3081 731 3173 quin
759 3080 789 3153 si
815 3090 853 3151 tn
879 3101 968 3153 unus
989 3100 1189 3161 necesses,
1212 3089 1262 3150 tot

178 3203 359 3277 homiuum
380 3205 486 3276 millia
506 3225 589 3298 quae
609 3203 701 3276 lianc
720 3225 789 3276 non
811 3201 914 3275 modo
931 3203 1052 3288 ltaliae,
1072 3203 1133 3275 sed
1154 3204 1260 3275 totius

177 3326 274 3397 orbis
299 3327 566 3419 pulcherrimam
593 3338 699 3420 atque
723 3325 889 3418 optimam
915 3336 1049 3419 partem
1071 3306 1200 3406 tenent,
1223 3325 1259 3394 iu

179 3449 362 3539 tranquilla
394 3461 429 3520 et
459 3461 636 3544 exoptata.
657 3471 742 3542 pace
774 3472 866 3523 nunc
891 3451 1070 3521 viverent:
1088 3447 1260 3541 quidquid

178 3591 241 3661 per
265 3569 444 3661 squalidos
468 3583 504 3644 et
527 3573 675 3644 incultos
699 3593 806 3664 agros
838 3591 1014 3642 armorum
1048 3581 1108 3645 aot
1141 3569 1261 3661 siguo·

179 3713 256 3763 rum
283 3691 415 3773 volitat,
441 3692 615 3785 quidquid
646 3693 883 3766 incendiorum
916 3690 1068 3764 desertis
1100 3693 1260 3763 villarum

180 3818 279 3890 tectis
299 3824 488 3901 exaestuat,
509 3815 680 3910 quidquid
703 3813 898 3887 formidinis
930 3837 972 3888 ac
1002 3817 1097 3907 fugae
1125 3816 1260 3910 amplas

179 3962 220 4015 ao
239 3941 374 4013 nobiles
393 3940 536 4013 alteruis
558 3939 710 4014 motibus
732 3938 839 4011 nrbes
859 3939 982 4031 qualit,
1003 3937 1177 4032 quidquid
1198 3937 1261 4009 de·

179 4062 284 4152 nique
305 4064 486 4155 sangoinis
508 4063 575 4134 hoo
591 4061 681 4134 bello
699 4062 788 4132 ultro
805 4061 962 4155 citroque
979 4063 1097 4132 lusum
1111 4059 1261 4131 funden-

179 4181 333 4273 dnmque
352 4198 423 4270 est,
446 4197 556 4257 totum
577 4207 597 4256 e
618 4195 755 4256 tuorum
782 4184 1003 4256 consiliorum
1030 4183 1198 4256 scatebris
1221 4193 1260 4253 et

178 4303 316 4379 facundi
338 4309 488 4396 pectoris
509 4309 603 4379 fonte
620 4307 850 4399 processerit?
870 4307 916 4377 Ol
932 4308 1068 4379 felicem
1082 4316 1125 4390 te,
1139 4305 1196 4398 qui
1211 4305 1260 4376 ad

179 4427 269 4499 hanc
289 4426 340 4499 rei
360 4426 518 4499 militaris
539 4429 685 4517 gloriam
706 4429 782 4499 sine
798 4430 869 4500 ullo
886 4451 1062 4502 armornm
1078 4427 1260 4514 exercitio,

180 4550 344 4634 sedendo,
367 4549 541 4638 loquendo
558 4550 773 4641 perveneris,
791 4560 830 4621 ut
847 4574 937 4624 unns
955 4552 1058 4626 lieres
1075 4574 1263 4626 enumero
