2738 5062
141 634 198 694 llll
472 648 514 699 nn
536 647 635 696 unucs
656 648 878 698 ruurnrunrnus
942 626 945 633 ’

141 792 224 854 strae
245 783 382 853 virtutis
403 803 517 853 messe
536 781 764 853 laetissimus?
780 784 842 852 Cui
861 806 1012 876 unquam
1031 794 1101 856 tarn
1119 787 1214 858 lerti-

141 906 184 976 lis
207 918 242 976 ct
263 918 331 975 lem
354 906 436 975 lolix
456 906 608 976 fronduit
628 906 783 995 agellus?
802 907 899 977 Adeo
919 907 1046 1000 quippe
1058 910 1212 981 nativam

143 1029 206 1098 soli
226 1028 387 1099 duritiem
412 1040 530 1100 vestra
563 1030 645 1101 vicit
677 1030 860 1113 industria,
883 1041 922 1101 ut
941 1052 1005 1102 nec
1029 1030 1124 1102 Alcis
1149 1055 1215 1125 ego

142 1149 210 1220 iam
232 1174 296 1222 nec
313 1152 435 1223 Siculis
460 1152 618 1243 frugibus
640 1153 830 1237 invideam,
852 1162 887 1223 et
907 1153 1138 1245 Campanum,
1160 1156 1217 1227 Li-

142 1269 215 1343 beri
235 1275 438 1367 Cererisque
452 1283 637 1360 certameu,
652 1296 699 1345 ex
712 1275 888 1345 uberrima
908 1297 947 1346 ac
964 1275 1215 1348 iucundissima

144 1395 234 1467 ruris
254 1396 322 1466 mei
344 1397 492 1469 statione
514 1396 717 1489 despiciam,
745 1396 934 1489 quamlibet
958 1398 1049 1489 regis
1075 1401 1218 1492 opulen-

144 1519 225 1588 tiam
247 1518 361 1589 animo
379 1539 639 1612 supergressus.
659 1519 709 1588 lta
725 1519 816 1588 cuim
836 1519 917 1588 mihi
934 1519 1114 1611 contingat
1124 1520 1218 1593 hunc

144 1648 275 1710 tantum
293 1640 504 1735 Reipublicae
526 1643 695 1723 savorem,
723 1641 781 1733 qui
802 1663 893 1711 nunc
914 1652 1044 1712 vestrae
1069 1640 1218 1713 liberali-

144 1762 225 1833 tatis
246 1774 300 1834 est
320 1763 494 1857 proprius,
517 1763 702 1856 aliquando
719 1773 755 1832 et
771 1762 882 1833 meriti
902 1763 970 1832 mci
987 1784 1077 1846 esse,
1097 1776 1136 1836 ut
1152 1785 1218 1857 ego

145 1889 254 1957 multo
274 1887 383 1981 pluris
403 1889 490 1958 facio
511 1897 666 1958 vestrum
686 1888 751 1958 hoc
771 1885 815 1957 de
835 1907 892 1957 me
913 1888 979 1956 tale
999 1885 1166 1958 indicium
1185 1900 1220 1961 et

144 2008 533 2080 honorificentissimum
567 2009 650 2080 illud
681 2009 832 2100 elogium
853 2010 988 2079 muneri
1014 2021 1135 2082 vestro
1160 2010 1222 2083 ad-

147 2130 273 2215 ditum,
289 2154 391 2222 quam
414 2154 482 2201 non
504 2132 606 2202 modo
623 2131 820 2202 restitutum
838 2152 900 2202 sau
917 2131 1038 2200 verius
1055 2130 1219 2203 donatum

142 2256 285 2345 agrum,
311 2252 372 2322 sed
389 2252 558 2345 quidquid
579 2254 719 2345 insuper
740 2253 866 2325 seritur
886 2255 940 2324 vel
959 2262 1077 2324 aratur
1099 2254 1133 2324 in
1154 2255 1222 2327 cir-

148 2376 258 2448 cuitu:
280 2375 373 2467 quod
398 2374 491 2445 hund
526 2375 664 2445 difficile
696 2397 751 2445 mc
784 2396 1036 2469 persuasurum
1063 2399 1142 2449 reor
1162 2377 1220 2462 iis,

148 2497 276 2590 quilius
298 2499 365 2568 ulla
387 2519 503 2567 rerum
523 2519 677 2567 nucarum
697 2497 798 2568 luerit
813 2518 859 2567 ex
877 2499 1144 2573 conversatione
1160 2522 1224 2573 no-

151 2619 235 2690 titia.
256 2618 347 2703 Ouid
363 2621 454 2689 enim
475 2618 558 2688 milri
576 2631 744 2713 praestare
760 2628 872 2711 potest
889 2618 966 2690 haec
984 2619 1115 2692 infinita
1132 2623 1224 2695 divi-

149 2745 274 2816 tiarum
296 2743 386 2826 sitis,
409 2754 513 2836 atquc
525 2743 629 2815 auxia
647 2743 767 2814 finium
784 2754 819 2814 et
835 2765 982 2836 operosa
999 2747 1224 2837 propagatio?

150 2867 250 2939 Certe
262 2890 331 2961 qno
349 2867 493 2939 ulterius
508 2878 634 2939 metam
646 2865 767 2950 smero,
787 2868 995 2961 longiusque
1007 2889 1222 2960 processero,

149 3011 192 3062 co
211 2990 323 3083 magis
345 2990 530 3083 intelligam
551 3000 720 3084 qnantum
741 2999 862 3074 restet,
878 3000 913 3061 et
933 2990 1060 3062 clarius
1078 2993 1225 3084 nequid-

149 3137 254 3206 quam
276 3117 381 3187 laxati
403 3115 493 3186 ruris
520 3116 717 3205 augustias,
745 3137 869 3207 meque
896 3114 1032 3207 inopom
1058 3138 1228 3209 recogno-

151 3258 257 3307 scam.
280 3237 308 3305 Ο
330 3256 563 3327 supervacuos
584 3235 730 3322 labores
749 3259 826 3307 cnm
844 3238 927 3308 nihil
949 3238 1104 3310 avaritiae
1128 3241 1225 3310 sulli-

151 3359 234 3430 ciat!
255 3358 381 3441 Quanti
403 3367 457 3426 cst
482 3358 576 3449 quod
608 3369 741 3430 naturee
768 3361 907 3446 sufficit,
941 3372 1108 3455 quantum
1130 3364 1226 3456 quod

152 3484 333 3575 sepulcro?
351 3481 547 3570 Regnorum
566 3479 693 3553 finibus
713 3507 781 3556 uon
802 3494 981 3557 contentos
1000 3486 1119 3559 breuis
1139 3509 1227 3558 urna

152 3603 334 3687 concludit,
351 3602 506 3695 sineque
521 3614 637 3675 tamen
651 3618 685 3677 cl
697 3607 785 3677 benc
799 3609 919 3679 vivere
935 3621 969 3680 et
982 3610 1125 3681 feliciter
1139 3612 1226 3682 mori

152 3729 238 3799 lioet.
260 3728 445 3820 Equidem,
469 3728 708 3819 gloriosissimi
736 3731 847 3814 circe,
870 3732 1083 3824 indulgeulia
1109 3745 1227 3805 vestra

154 3849 229 3920 haec
257 3861 294 3920 nt
320 3849 422 3921 vobis
444 3850 685 3944 sempiternam
710 3853 860 3936 laudem,
890 3853 939 3923 sic
960 3853 1043 3923 milri
1066 3855 1226 3927 solatium

154 3995 222 4044 non
240 3976 411 4047 mediocre
430 3975 574 4071 peperit,
590 3976 725 4047 dulcem
744 3998 785 4047 ac
801 3975 1034 4070 prndilecran
1054 3977 1088 4045 in
1107 3977 1228 4048 sedem

154 4097 326 4184 restituto,
349 4100 383 4169 in
404 4122 472 4193 qua
494 4109 604 4193 paler,
623 4121 726 4183 avus,
746 4122 785 4169 ac
806 4121 958 4192 proavus
976 4120 1085 4182 meus,
1105 4101 1174 4185 vir,
1190 4110 1229 4172 ut

155 4219 341 4291 litterarum
365 4223 474 4315 inops,
498 4223 547 4292 sic
568 4221 744 4315 praedives
766 4221 907 4313 ingenii,
932 4221 965 4290 in
987 4243 1056 4313 qua
1077 4222 1228 4315 denique

156 4341 303 4413 maiores
322 4344 390 4412 urei
412 4345 541 4435 reliqui,
562 4367 630 4415 uon
648 4357 716 4414 tarn
734 4344 878 4415 lumosis
899 4342 1108 4434 imaginibus
1125 4366 1229 4436 quam

155 4465 247 4535 clara
267 4463 334 4535 lide
356 4466 543 4560 conspicui,
564 4469 665 4557 longa
684 4469 770 4539 serie
792 4476 992 4538 senuerunt.
1012 4468 1087 4557 Ego
1104 4479 1229 4550 autem,
