2738 5062
142 431 201 494 232
478 442 519 492 nn
540 440 641 492 nunus
662 440 883 493 summamus

142 581 244 651 altior
261 578 363 651 visus
383 577 449 649 sim
469 598 575 670 quam
592 574 653 670 qni
669 576 782 649 videri
800 577 933 671 possim
948 574 996 650 ab
1011 576 1054 650 iis
1068 577 1131 673 qni
1149 577 1217 650 sibi

141 703 328 776 videantur
346 698 529 772 altissimi?
547 698 688 771 Gaudeo
708 699 786 769 talis
805 719 900 784 esse,
922 699 953 772 si
974 720 1052 772 enm
1073 700 1169 785 talis3
1188 702 1218 773 si

143 825 270 908 minus,
289 820 410 916 quidni
428 821 507 891 talis
520 820 594 892 fieri
608 830 737 916 optem,
752 818 834 892 dnm
848 821 993 894 altitudo
1006 842 1076 894 non
1092 821 1220 895 obscu-

142 946 226 1015 ritas
248 964 354 1034 causa
387 943 456 1014 sit?
487 943 636 1015 lavata
670 944 791 1038 paucis
815 941 942 1028 videri,
976 954 1219 1039 quantoquea

141 1064 362 1162 paucioribus
388 1064 523 1148 videor,
550 1074 645 1136 tanto
670 1065 746 1159 ipse
771 1064 855 1136 mibi
877 1066 990 1138 carior
1016 1089 1107 1138 snm.
1134 1067 1220 1140 Nolo

143 1190 294 1283 dignitas
307 1198 368 1261 aut
381 1208 466 1281 opes
480 1186 646 1259 adiuvent
661 1189 850 1279 legentem:
863 1188 1007 1283 perinde
1020 1189 1219 1282 pontificem

143 1323 203 1386 ant
221 1334 340 1405 regem
361 1311 530 1383 intentum
551 1310 703 1380 animum
725 1309 854 1382 babere
879 1313 959 1384 volo
983 1321 1090 1405 atque
1113 1312 1219 1385 alium

142 1434 344 1530 quemlibet,
366 1454 478 1527 eoque
498 1430 625 1523 magis,
648 1430 786 1503 silente
806 1432 920 1504 minus
945 1431 1053 1504 habet
1076 1434 1219 1528 ingenii.

141 1560 349 1653 Exemplum
363 1578 471 1627 unum
489 1552 595 1625 rebus
611 1563 744 1646 aptum,
758 1552 852 1647 quod
866 1563 947 1627 tunc
959 1576 1068 1650 prope
1080 1558 1220 1651 urgenti

141 1683 255 1755 acrius
267 1679 422 1774 opposui,
437 1687 602 1773 repetam.
617 1675 804 1748 Meministi
817 1686 856 1748 nt
865 1675 1065 1750 Alexander
1075 1678 1220 1752 Macedo

141 1804 386 1898 geometricum
404 1811 651 1895 praeceptorem
669 1810 768 1893 roget
783 1799 945 1893 qnaednm
964 1800 1153 1873 secretiora
1165 1822 1220 1874 ar-

142 1927 186 1996 tis
206 1924 298 1995 illins
319 1923 365 1993 ab
383 1945 425 1994 eo
447 1922 512 1993 sibi
532 1923 660 1994 clarius
680 1922 817 2018 exponi,
837 1921 977 2015 etquid
997 1922 1055 1993 ille
1074 1944 1219 2017 respon-

143 2046 233 2119 deat.
251 2046 346 2128 ilaec,
365 2044 484 2136 inquit,
504 2065 607 2138 aeque
621 2044 782 2117 omnibus
799 2043 949 2116 obscura
963 2054 1055 2116 sunt.
1069 2045 1219 2138 Elegan-

143 2168 296 2240 tissime:
336 2186 426 2236 non‘
441 2165 534 2236 enim
570 2165 750 2252 diadema,
789 2166 853 2239 sed
888 2167 1066 2260 ingenium
1105 2166 1220 2243 studio

141 2288 350 2362 adiutorium
366 2288 499 2359 confert
514 2288 560 2359 ad
576 2288 837 2381 intelligentiam
855 2288 1118 2384 scripturarum:
1136 2290 1221 2369 ulio-

143 2413 227 2507 quin
243 2410 429 2508 optabilius
446 2432 590 2504 regnum
607 2413 705 2483 soret.
724 2412 832 2483 Multa
849 2422 932 2483 sunt
948 2412 1007 2484 nbi
1026 2436 1096 2488 non
1117 2417 1220 2490 modo

141 2536 227 2608 nibil
248 2533 405 2628 prodest,
426 2532 489 2605 sed
510 2532 615 2604 etiam
635 2535 781 2623 multum
801 2534 903 2608 obest
923 2536 1088 2609 maiestas
1105 2549 1141 2610 et
1156 2539 1220 2609 im·

143 2658 287 2752 perium.
309 2657 436 2749 Magno
452 2654 592 2749 quidem
614 2665 651 2728 et
671 2657 821 2753 superbo
839 2661 965 2731 lectore
982 2682 1052 2732 non
1071 2682 1151 2734 snm
1168 2660 1219 2734 di·

142 2804 243 2875 gnus.
265 2781 390 2853 Credo:
408 2803 474 2852 nec
489 2802 556 2872 ego
572 2780 789 2853 fastidiosum
807 2781 985 2873 ingenium
1001 2795 1039 2854 et
1051 2783 1217 2857 delicatas

142 2926 245 2977 aures
266 2903 391 2976 ambio.
414 2903 449 2972 Si
469 2900 515 2973 ab
535 2902 723 2974 humilibus
749 2904 847 2995 legor
871 2914 907 2974 et
930 2925 999 2975 non
1025 2905 1215 3001 improbor,

141 3028 254 3100 habeo
275 3024 380 3096 studii
400 3025 468 3093 mai
485 3025 617 3095 fructus
633 3025 796 3109 eximios;
815 3048 883 3098 non
900 3026 1019 3100 laboro
1036 3039 1076 3101 ut
1091 3028 1218 3102 obscu-

141 3169 202 3218 rus
223 3145 317 3230 fiam,
341 3145 404 3216 sed
424 3152 463 3215 nt
481 3145 610 3216 clarus:
631 3155 712 3240 opto
730 3149 823 3220 enim
844 3150 1002 3243 intelligi,
1022 3150 1084 3223 sed
1098 3151 1144 3224 ab
1156 3152 1217 3224 ha-

141 3266 303 3339 bentibus
324 3267 546 3352 intellectum,
568 3276 603 3340 et
621 3269 668 3340 ab
688 3270 729 3341 iis
750 3271 835 3365 ipsis
852 3296 921 3346 non
940 3273 1015 3346 sine
1033 3275 1158 3361 studio,
1176 3298 1216 3349 ac

140 3389 265 3461 mentis
290 3389 480 3461 intentione
505 3411 573 3461 non
597 3392 717 3476 anxia,
741 3394 805 3466 sed
824 3395 987 3470 iucunda.
1012 3398 1162 3471 Divitem
1185 3399 1214 3472 si

141 3515 212 3586 buc
233 3522 357 3606 sponte
376 3511 571 3600 diverterit,
593 3537 661 3587 non
686 3518 847 3604 excludo,
870 3521 954 3593 dum
975 3524 1113 3596 noverit
1133 3525 1216 3597 nibil

141 3636 198 3708 bic
218 3637 373 3708 conferre
393 3634 546 3708 divitias.
568 3635 659 3719 Quid
679 3642 811 3713 multa?
834 3643 870 3714 Si
890 3645 987 3716 alteri
1009 3645 1213 3732 scriberem,

140 3770 210 3830 tam
231 3761 387 3832 animose
410 3780 478 3830 non
511 3782 667 3854 agerem3
700 3785 793 3836 nnnc
821 3766 1004 3839 Francisco
1024 3740 1113 3840 meo*
1130 3769 1214 3842 scri-

141 3878 244 3967 bens,
259 3882 343 3952 mibi
361 3881 486 3955 scribo.
501 3884 587 3955 Volo
603 3898 720 3975 egent
737 3888 843 3959 lector
860 3910 968 3976 meus,
981 3890 1143 3983 quisquis
1160 3890 1213 3974 sit

141 4025 197 4074 me
217 4026 336 4087 unum,
358 4027 427 4076 non
448 4004 529 4078 filiae
551 4008 705 4101 nuptias,
733 4030 802 4083 non
827 4011 947 4083 amicae
971 4022 1118 4098 noctem,
1145 4036 1213 4088 non

141 4124 252 4196 bostis
286 4123 443 4210 insidiaS,
478 4148 546 4198 non
579 4129 829 4218 vadimonium,
868 4156 937 4206 non
975 4135 1117 4208 domum
1153 4150 1213 4210 aut

142 4269 264 4340 agrum
289 4257 349 4319 ant
376 4246 577 4321 thesaurum
605 4273 708 4326 suum
741 4252 880 4346 cogitet,
913 4269 949 4327 et
982 4261 1101 4331 saltem
1127 4260 1208 4333 dum
