2738 5062
375 679 465 728 arnan
487 678 696 727 uuaruucntus.
710 680 908 728 -nrtsaona
932 682 993 728 ttu.
1168 671 1220 729 lttt

144 815 276 887 Lucius
300 815 507 907 Torquatus,
543 816 679 886 lllarcus
705 815 789 885 Cato
821 816 990 887 Uticensis
1016 827 1051 887 et
1084 817 1222 887 Marcus

145 939 238 1019 Piso,
268 959 350 1008 cum
371 936 499 1029 quibus
524 935 692 1007 bonorum
714 933 801 1008 finos
826 959 972 1030 operosa
992 937 1224 1031 disputatione

146 1059 319 1133 firmabat.
341 1058 473 1131 Aderat
505 1071 621 1130 orator
651 1060 873 1142 Hortensius,
901 1060 1020 1132 aderat
1040 1063 1222 1155 Epicurus.

146 1184 331 1255 Adversus
352 1184 497 1254 alterum
513 1183 729 1253 ciceroniana
747 1181 974 1277 philosophiae
993 1186 1079 1270 laus,
1098 1184 1225 1256 adver-

147 1328 208 1377 sus
244 1308 394 1377 alterum
425 1305 600 1377 infamatio
633 1305 831 1399 voluptatis.
859 1306 1013 1378 Aderant
1036 1309 1164 1379 Laelius
1188 1319 1225 1379 et

147 1431 276 1526 Scipio,
295 1453 374 1501 cunr
392 1429 520 1523 quibus
537 1442 572 1501 et
590 1451 684 1501 verae
704 1431 864 1502 amicitiae
883 1442 918 1501 et
937 1431 1077 1524 optimae
1097 1432 1225 1525 Reipu-

148 1551 248 1625 blicae
264 1555 408 1624 sormam
428 1552 542 1623 dabat.
563 1551 613 1623 Ac
631 1575 674 1624 ne
696 1553 730 1623 in
751 1551 923 1623 inlinitum
945 1553 1068 1646 rapiar,
1087 1555 1223 1625 externi

149 1696 251 1767 reges
272 1675 416 1746 aderant
435 1674 587 1746 romanis
604 1675 741 1747 civibus
763 1677 966 1761 intermixti,
994 1700 1082 1770 quos
1108 1679 1143 1750 in
1168 1701 1224 1751 ca-

147 1796 311 1891 pitalibus
341 1796 458 1869 causis
492 1797 610 1870 Cicero
644 1798 736 1869 idem
768 1797 887 1869 divina
906 1820 1051 1890 prorsus
1071 1801 1223 1872 oratione

146 1919 361 1992 defenderat.
383 1919 484 2003 Quod
514 1930 630 1991 autem
656 1920 859 1991 nominatim
880 1920 924 1992 ad
951 1920 1100 1993 libellum
1127 1933 1224 1995 tuum

144 2042 280 2126 attinet
301 2043 419 2126 amice,
441 2055 476 2115 et
496 2043 576 2114 ltlilo
596 2044 778 2129 defensus,
793 2053 828 2114 et
840 2045 1038 2117 Laterensis
1055 2045 1222 2131 offensus,

141 2178 181 2238 et
200 2167 296 2261 Sylla
319 2175 524 2250 excusatus,
546 2174 582 2236 ot
602 2166 787 2259 Pompeius
808 2167 967 2241 laudatus
987 2171 1141 2243 aderant.
1163 2172 1223 2245 His

141 2287 309 2382 equidem
334 2287 480 2382 aliisque
502 2287 537 2360 id
562 2310 674 2380 genus
700 2289 883 2364 comitibus
911 2296 1093 2387 tranquilla
1116 2306 1152 2367 et
1171 2296 1225 2366 iu-

143 2410 262 2485 cunda
278 2421 313 2482 et
329 2410 412 2482 felix
429 2410 608 2482 rusticatio
627 2434 704 2484 mea
720 2414 791 2500 luit,
811 2417 916 2488 modo
932 2417 1127 2490 diuturnior
1139 2417 1225 2489 tuis-

144 2542 211 2605 set.
236 2533 321 2604 Mox
346 2532 437 2604 enim
459 2532 542 2603 mihi
568 2533 692 2605 iterum
713 2536 821 2607 invito
841 2559 953 2608 uncus
984 2537 1131 2610 iniectus
1154 2550 1220 2624 est,

143 2666 388 2748 retractusque
405 2676 482 2726 sum
499 2657 544 2727 ad
561 2657 698 2741 inferos,
719 2656 810 2729 unde
824 2659 900 2730 haec
915 2659 974 2730 tibi
987 2682 1079 2731 nunc
1098 2661 1221 2732 scribo.

144 2778 263 2851 Turba
288 2779 369 2849 fecit
392 2779 655 2872 occupationum
681 2789 720 2851 ut
743 2802 807 2851 nec
831 2801 938 2873 puero
965 2803 1043 2852 meo
1069 2781 1222 2852 libellum

149 2914 245 2976 tuum
268 2901 518 2974 transcribendi
539 2903 651 2994 copia,
678 2924 741 2972 nec
767 2902 813 2970 illi
839 2902 964 2973 iterum
991 2901 1157 2974 redeundi
1178 2903 1224 2976 ad

147 3038 181 3096 te
206 3025 352 3096 facultas
384 3024 498 3106 luerit,
533 3043 645 3115 neque
668 3021 765 3116 prius
791 3022 943 3093 suturam
976 3044 1091 3115 spero,
1119 3046 1224 3116 quam

144 3147 251 3219 ambo
277 3145 405 3239 pariter
435 3145 469 3214 in
500 3145 629 3218 ltaliam
664 3143 862 3216 redeamus:
887 3165 992 3237 quem
1020 3144 1115 3217 diem
1140 3146 1224 3216 mihi

144 3269 379 3366 propinquum
406 3269 573 3362 spondeo,
598 3269 627 3339 si
648 3261 858 3340 Forensem¹
885 3266 983 3362 prius
1008 3280 1164 3342 nostrum
1190 3269 1224 3339 in

142 3394 329 3489 praelatum
350 3391 511 3464 Helicona
529 3392 739 3486 perduxero,
763 3390 902 3483 quando
919 3413 998 3462 eum
1016 3393 1164 3464 otiosum
1184 3415 1225 3465 ac

143 3538 299 3588 vacuum
324 3514 357 3584 in
384 3513 440 3585 his
465 3512 665 3605 regionibus
686 3524 809 3584 nactus
834 3514 946 3585 suero:
974 3524 1011 3585 ut
1037 3513 1226 3608 siquando

143 3638 293 3733 posthac
308 3640 365 3708 vel
381 3637 439 3708 sati
461 3637 511 3719 vi,
534 3638 590 3708 vel
612 3636 727 3708 studio
747 3637 925 3708 varietatis
944 3640 1225 3733 propellendique

145 3762 274 3835 fastidii
301 3783 369 3833 non
403 3760 542 3854 quidem
569 3760 651 3843 huc,
679 3760 772 3852 quod
798 3783 853 3832 me
879 3763 1016 3833 volente
1048 3783 1222 3855 nunquam

146 3886 229 3970 erit,
251 3885 314 3956 sed
336 3884 414 3955 illuc
432 3884 519 3954 sorte
541 3894 771 3967 retranseam,
793 3892 887 3954 tanto
909 3894 998 3955 teste
1018 3884 1051 3955 in
1072 3886 1225 3957 medium

146 4008 323 4105 producto,
345 4007 434 4077 inter
452 4009 581 4078 amieos
602 4004 732 4098 patrios
753 4005 987 4078 excusabilior
1015 4008 1089 4076 sim.
1111 4009 1205 4078 Vale.

291 4152 424 4208 Kalendis
438 4152 549 4224 Aprilis.

226 4319 234 4350 ¹
252 4316 313 4368 lleic
327 4316 352 4367 in
365 4317 452 4368 codlce
468 4314 593 4368 llarciauo
606 4316 645 4379 (7,)
656 4328 733 4365 manu
745 4315 831 4366 lacobi
844 4315 978 4367 Florentini
993 4317 1096 4381 legitur:
1111 4317 1226 4381 loqudur

151 4399 179 4448 de
196 4398 463 4449 commoneremus
482 4398 583 4449 boeotia
594 4397 624 4448 dc
638 4397 777 4453 Florentio,
796 4396 837 4459 qui
850 4399 903 4446 crat
916 4400 967 4447 tum
984 4398 1105 4448 laesione
1117 4411 1172 4446 rum
1185 4395 1227 4444 do·

151 4480 218 4530 mino
229 4479 322 4542 Anuelo
333 4481 363 4530 de
374 4479 481 4529 Arciotis
492 4478 610 4542 Epismpo
623 4476 776 4529 Florentino.
