2738 5062
335 622 426 672 trusa
447 622 942 677 scommatibus-sersaoni
965 632 993 678 r.
1164 622 1220 684 227

147 758 192 827 nii
208 756 308 829 aliud
321 779 427 853 quam
443 758 596 832 charitas
613 761 813 834 amicorum.
832 766 909 857 Ego
925 765 1017 836 enim
1035 787 1162 858 magna
1176 790 1223 840 ex

141 891 243 974 parte
263 881 334 952 iam
360 881 492 954 dudum
519 884 765 977 cupiditatibus
791 884 894 957 fiucrn
919 887 1222 980 testimouium

141 1001 361 1097 deponendis
386 1025 427 1076 ac
452 1006 657 1099 spargendis
684 1029 788 1101 quarn
820 1008 1052 1102 aggregandis
1077 1013 1224 1085 fortunae

141 1126 267 1222 spatiis
278 1126 479 1219 occupatior
496 1150 584 1199 surn.
602 1129 700 1201 Nunc
718 1131 800 1201 rnihi
817 1133 864 1203 nil
887 1132 1025 1226 penitus
1041 1154 1224 1208 commune

139 1270 224 1320 curn
244 1251 344 1321 curia
364 1260 433 1332 est;
454 1272 632 1344 uunquam
651 1253 904 1326 concordarunt
928 1279 1062 1342 mores;
1084 1261 1113 1329 si
1139 1261 1224 1353 quid

139 1371 346 1465 cupiditatis
366 1372 488 1457 inerat,
513 1375 673 1457 evanuit3
699 1397 793 1469 quae,
822 1376 880 1447 ubi
910 1400 991 1473 spes
1018 1383 1221 1465 accesserit,

141 1495 280 1568 odiosis
296 1497 333 1567 in
349 1497 433 1568 loeis
452 1517 546 1593 saepe
560 1518 623 1570 nos
637 1499 780 1570 detinet:
795 1521 878 1594 spes
890 1502 983 1572 ouirn
1001 1514 1037 1574 et
1053 1504 1223 1598 cupiditas
1332 1582 1336 1591 ,

143 1629 307 1693 (umnam
328 1620 494 1705 efficiunt,
517 1643 586 1715 qua
603 1622 742 1694 vinctus
759 1622 933 1695 humanus
953 1627 1089 1697 animus
1108 1639 1226 1698 extra-

144 1764 215 1836 que
236 1741 381 1814 rationis
402 1742 584 1836 imperium
602 1753 735 1838 raptus,
755 1747 862 1816 muita
882 1767 1007 1839 aspera
1027 1760 1062 1818 ct
1083 1748 1225 1839 indigna

146 1864 352 1960 perpetitur.
374 1865 461 1936 Veni
481 1887 548 1956 ego
566 1889 635 1939 non
655 1867 853 1960 eupiditate,
876 1889 945 1938 uon
967 1890 1029 1963 spe
1049 1871 1133 1951 ulta,
1162 1871 1225 1941 sed

145 1986 316 2061 charitate
333 1999 477 2075 tractus,
491 2001 531 2062 ut
543 1990 628 2063 dixi.
643 1990 859 2061 Veni'autem
873 1991 937 2063 loci
950 2013 1091 2083 gnarus
1106 2012 1225 2064 causae

148 2114 304 2197 nescius,
326 2134 395 2184 non
415 2112 544 2184 obiitus
567 2124 681 2183 tamen
698 2112 781 2184 ittud
798 2113 936 2217 donaei:
964 2113 1071 2209 Turpe
1090 2128 1137 2186 est
1156 2139 1225 2197 mom

148 2237 210 2320 ire
228 2234 286 2306 sed
299 2237 394 2326 ferri,
414 2247 445 2305 et
460 2238 497 2306 im
511 2234 616 2306 medic
632 2259 744 2306 rerum
762 2238 891 2307 turbine
904 2249 1087 2332 stupentem
1100 2237 1224 2310 dicere:

151 2360 210 2430 buc
230 2382 289 2453 epo
314 2357 586 2449 quemadmodum
606 2359 706 2430 oeni?
730 2359 953 2433 Memineram
975 2364 1087 2455 plane,
1109 2362 1224 2434 detre-

151 2482 323 2576 ctantique
356 2481 486 2554 abitum
519 2480 567 2552 nil
598 2480 755 2555 crebrius
789 2483 1004 2556 occursabat.
1040 2486 1110 2556 Sed
1141 2484 1223 2577 quid

152 2607 312 2698 agerem?
330 2606 407 2676 Duo
428 2605 474 2676 itti
498 2605 669 2700 principes
694 2608 860 2678 Ecclesiae
885 2628 941 2678 rue
960 2607 1116 2677 certatim
1142 2628 1226 2676 evo

153 2726 289 2811 cabant,
313 2748 410 2821 quos,
434 2729 530 2799 vetut
562 2728 652 2798 duos
677 2739 794 2798 tauros
815 2727 1061 2809 validissimus
1089 2730 1225 2820 lateque

154 2850 278 2922 Christi
299 2860 484 2941 regnantes
506 2850 540 2919 in
562 2849 710 2943 pascuis,
733 2870 821 2939 grex
841 2847 1035 2919 dominicus
1056 2871 1147 2920 nune
1164 2850 1227 2919 ba-

153 2973 218 3056 bet,
240 2996 389 3070 quorum
412 2996 466 3045 me
485 2976 573 3045 alter
594 2971 772 3044 veteribus
795 2970 988 3056 beneficiis,
1008 2974 1094 3042 alter
1111 2973 1227 3066 inspe-

152 3113 223 3171 rata
248 3108 285 3170 et
309 3120 400 3169 nova
420 3097 527 3189 ignoti
548 3095 697 3167 bominis
718 3095 973 3180 benevolentia,
996 3097 1098 3166 sarnae
1118 3094 1226 3164 sotius

151 3219 385 3293 testimonium
418 3229 575 3301 secutuS,
610 3217 856 3289 obstrinxerat.
879 3216 1047 3310 Superbia
1071 3216 1149 3287 visa
1173 3226 1228 3286 est

151 3364 256 3415 voces
277 3341 412 3413 itlorurn
434 3363 615 3434 spernere,
636 3362 726 3434 quos
743 3362 845 3432 reges
867 3361 908 3411 ac
929 3340 1100 3434 principos
1120 3362 1226 3412 vene-

151 3468 285 3541 rantur,
319 3467 355 3529 et
385 3457 579 3558 praesertim
613 3477 720 3528 voces
752 3457 881 3550 quibus
914 3457 1042 3528 summi
1076 3458 1226 3550 pastoris

151 3577 266 3651 inesse
292 3579 465 3651 diceretur
491 3577 698 3650 auctoritas:
720 3600 946 3672 quamquam,
970 3580 1000 3651 si
1021 3580 1089 3652 iarn
1110 3600 1225 3650 essem

150 3714 188 3774 ut
203 3700 280 3774 fieri
301 3702 403 3795 cupio
422 3713 458 3773 et
477 3701 569 3773 nitor
590 3710 638 3786 et,
661 3712 699 3773 ut
718 3725 842 3773 verum
864 3704 986 3785 fatear,
1012 3701 1125 3775 adhuc
1148 3721 1226 3794 spc-

151 3849 201 3909 ro,
224 3826 342 3919 sperni
363 3827 479 3897 omnia
503 3834 679 3920 poterant,
708 3829 780 3898 sola
807 3839 845 3899 ut
870 3830 970 3921 quies
997 3828 1102 3898 animi
1130 3829 1226 3898 salva

150 3929 255 4021 esset.
266 3948 399 4020 Audias
408 3959 521 4020 tarnen
534 3971 603 4021 non
612 3950 706 4041 quod
720 3950 777 4042 agi
791 3949 919 4035 debuit,
931 3950 994 4020 sed
1006 3948 1099 4041 quud
1112 3960 1227 4020 actum

150 4083 214 4145 est.
248 4073 295 4143 Et
323 4072 407 4165 quid
439 4077 562 4166 putas?
588 4073 707 4142 Omnis
740 4071 943 4143 insidiarum
973 4091 1088 4143 scaena
1117 4073 1228 4164 prirno

151 4196 234 4268 mihi
253 4195 366 4293 patuit
385 4195 548 4269 adventu.
571 4195 671 4279 Quod
693 4195 722 4265 si
742 4214 864 4265 omnes
890 4192 1075 4286 ambagum
1101 4197 1228 4265 formas

153 4340 354 4393 enumerem
367 4319 507 4414 quibus,
520 4343 588 4392 uon
604 4319 678 4390 sine
691 4315 924 4407 indignatione
937 4339 1012 4389 mea
1026 4339 1139 4411 nequo
1154 4317 1227 4386 sine

154 4444 342 4516 amicorum
369 4442 540 4534 suspiriis
566 4463 655 4512 unus
680 4438 762 4511 mt'bi
789 4438 846 4508 ubi
874 4440 1013 4510 minime
1038 4438 1226 4509 voluissem
