2738 5062
172 654 212 714 96
506 665 547 713 DE
569 663 669 713 REBUS
691 662 914 714 Flttlhlnltluus

174 810 211 874 ut
230 823 299 873 non
319 799 503 885 immerito,
524 822 602 871 cum
626 797 724 870 virile
743 796 810 870 hoc
830 807 865 869 ct
885 794 1108 889 magnificum
1126 806 1245 869 vatum

172 945 284 1016 genus
317 945 443 1015 magno
472 944 608 1017 semper
633 923 669 992 in
693 921 804 1016 pretio
828 920 944 1002 luerit,
971 918 1056 992 illud
1081 919 1246 994 humilius

173 1048 321 1139 stiloquc
346 1045 481 1118 mollius
516 1046 650 1118 severis
683 1044 855 1116 indicibus
888 1042 1038 1116 iulamiae
1063 1041 1246 1116 hahentur.

172 1168 301 1256 llahes,
323 1173 442 1253 irater,
464 1167 688 1262 quantumin
715 1179 785 1238 tam
811 1166 911 1238 brevi
932 1165 1097 1258 temporis
1120 1166 1244 1263 spatio,

173 1303 312 1385 tamque
333 1301 428 1364 arcto
447 1289 635 1362 verborum
655 1288 785 1360 amhitu
806 1289 910 1375 licuit,
931 1297 1003 1360 tres
1016 1287 1094 1359 illas
1108 1288 1186 1361 vias
1199 1292 1249 1361 la·

172 1415 404 1499 mosissimas,
428 1437 490 1508 per
510 1435 597 1506 quas
620 1413 771 1484 humana
791 1411 976 1484 curiositas
1008 1411 1111 1484 aliter
1143 1421 1249 1507 atquc

173 1540 271 1610 aliter
291 1541 507 1630 multumque
526 1535 678 1609 diversis
703 1536 867 1629 passibus
892 1536 1034 1621 incedit,
1062 1535 1097 1607 in
1118 1536 1249 1630 quihus

173 1661 334 1734 omnihus
357 1659 549 1732 studiorum
570 1659 698 1730 eminet
717 1657 850 1730 infinita
882 1657 1068 1731 dissensio.
1089 1660 1163 1732 Has
1187 1681 1249 1732 au·

173 1794 243 1854 tem
264 1782 351 1866 vias,
372 1804 518 1875 quarum
540 1789 576 1853 et
595 1780 801 1852 Aristoteles
818 1790 854 1852 et
870 1781 1157 1876 philosophorum
1173 1782 1249 1875 plu-

172 1928 230 1980 res
251 1905 455 1989 meminere,
477 1926 540 1975 nec
560 1903 671 1997 poetis
697 1902 834 1995 ignotas
860 1903 1016 1987 noveris,
1042 1901 1112 1973 etsi
1136 1902 1172 1974 in
1197 1902 1249 1975 eis

173 2026 400 2119 designandis
421 2048 516 2098 more
537 2047 602 2097 suo
617 2035 848 2097 exerceantur
864 2025 1043 2097 occultius.
1058 2024 1133 2096 Hoc
1151 2024 1250 2119 equi-

172 2151 252 2223 dem
273 2148 451 2242 importari
471 2147 582 2219 voluit
601 2171 664 2241 per
683 2158 857 2220 certamen
876 2147 959 2220 illud
973 2146 1078 2219 trium
1090 2145 1247 2231 dearum,

173 2270 208 2341 in
240 2293 309 2362 quo
340 2273 570 2366 voluptuosus
598 2271 724 2342 arbiter
751 2274 882 2344 electus
908 2273 994 2343 lalso
1019 2270 1160 2367 penitus
1185 2270 1249 2344 red

173 2392 308 2482 vulgari
327 2392 451 2463 iudicio
467 2392 637 2462 Venerem
656 2389 775 2462 lunoni
793 2391 945 2485 praetulit
957 2412 998 2463 ac
1015 2391 1197 2479 Minerva,
1215 2404 1250 2465 et

174 2514 323 2609 pretium
350 2513 461 2585 iudice
487 2512 629 2605 dignum
651 2512 714 2584 luit
733 2516 895 2607 voluptas
924 2516 1050 2588 blanda
1075 2515 1140 2587 sed
1171 2514 1251 2589 hre-

175 2639 242 2721 vis;
263 2639 363 2711 dulce
383 2636 600 2734 principium,
622 2635 730 2706 amari
750 2635 879 2707 exitus.
902 2638 947 2708 Et
966 2636 1148 2731 deprimis
1171 2638 1251 2732 qui-

174 2764 253 2836 dem
274 2761 412 2834 duabus
433 2761 501 2831 viis
521 2761 605 2831 nihil
626 2770 681 2831 est
705 2761 800 2855 quod
832 2761 949 2832 mirer.
971 2763 1021 2832 De
1054 2763 1158 2835 tertia
1181 2784 1250 2835 non

175 2886 289 2959 mirari
309 2906 444 2979 nequeo
465 2885 554 2956 inter
574 2904 635 2956 eos
656 2884 764 2979 ipsos
785 2883 845 2978 qui
866 2906 972 2955 unam
996 2893 1116 2956 tenent
1141 2886 1247 2972 viam,

173 3032 320 3102 eamque
340 3018 408 3082 tam
429 3019 559 3081 certam
581 3010 629 3103 (et
649 3008 684 3078 in
700 3030 742 3079 ea
760 3009 836 3103 ipsa
854 3028 924 3079 uno
941 3006 1080 3079 nomine
1099 3009 1251 3101 glorian·

174 3142 244 3216 tur,
267 3131 497 3223 dicunturque
517 3128 724 3223 philosophi)
749 3151 830 3200 esse
856 3129 1126 3204 innumerabiles
1150 3152 1251 3227 paene

175 3266 288 3325 sectas
310 3251 567 3334 dissidentium,
590 3271 679 3342 quas
700 3250 814 3323 scions
835 3264 1016 3347 praetereo:
1035 3255 1131 3347 quod
1146 3265 1183 3328 et
1199 3256 1251 3327 ni·

175 3374 254 3443 miae
274 3371 376 3441 nimis
398 3382 493 3456 sunt,
514 3383 550 3442 et
570 3394 590 3442 a
610 3374 726 3445 Marco
750 3375 920 3461 Varrone,
943 3397 984 3448 ac
1005 3388 1082 3470 post
1102 3399 1186 3449 eum
1205 3376 1251 3449 ah

176 3494 370 3586 Augustino
391 3495 628 3568 curiosissime
649 3500 852 3571 recollectae.
867 3499 953 3571 lllud
967 3522 1052 3571 vcro
1068 3522 1137 3573 non
1159 3522 1250 3597 prae-

177 3626 281 3700 tereo,
304 3616 337 3685 in
359 3617 413 3688 his
433 3616 518 3710 ipsis
541 3618 643 3690 tantis
664 3618 812 3712 ingeniis
825 3620 980 3714 virisque
993 3632 1063 3694 tam
1080 3622 1250 3714 gravibus

177 3750 306 3813 tanum
326 3762 407 3812 esse
427 3741 644 3828 discordiam,
667 3752 706 3813 ut
724 3745 811 3815 alter
828 3745 975 3822 alterum
992 3753 1133 3838 spernat
1146 3766 1188 3816 ac
1203 3744 1249 3816 ri·

176 3864 270 3947 dcat,
293 3864 485 3958 quodcum
508 3866 623 3938 multis
644 3867 768 3961 possit,
785 3889 853 3937 uno
867 3866 1115 3940 monstrabitur
1127 3889 1250 3939 exem·

133 4060 138 4079 ,
177 3991 243 4080 plo.
266 3990 425 4062 Socrates
447 3991 503 4062 illc
524 4015 625 4084 quem
647 3992 796 4085 primum
822 3991 976 4062 omnium
1001 3994 1114 4064 lerunt
1139 3992 1250 4085 philo-
1294 4004 1301 4013 '

178 4112 334 4205 sophiam
355 4116 452 4185 volut
470 4137 491 4186 e
510 4116 598 4187 coelo
618 4114 652 4185 in
671 4125 782 4186 terras
805 4115 967 4201 traxisse,
986 4127 1020 4188 et
1037 4139 1058 4188 a
1075 4114 1247 4187 sideribus

177 4234 361 4307 abductam
375 4237 463 4307 inter
475 4236 632 4308 homines
646 4237 812 4321 hahitare,
826 4239 940 4332 deque
954 4238 1130 4310 hominum
1145 4238 1249 4311 mori·

178 4357 243 4430 bus
260 4380 302 4429 ac
319 4359 425 4430 rebus
441 4358 614 4433 disserere
631 4361 798 4453 coegisse,
817 4361 862 4433 ab
877 4361 1062 4433 Aristotele
1074 4359 1246 4443 irridetur,

153 4482 234 4575 Ι(1111
257 4506 337 4555 cum
357 4483 457 4577 quasi
482 4484 561 4557 vilis
587 4484 712 4576 negotii
737 4482 963 4556 exercitorem
997 4507 1038 4557 ac
1070 4504 1249 4557 mercena-
