2738 5062
144 752 201 810 :rou
480 765 519 811 ns
542 764 642 811 uanus
664 763 884 812 uarrrnraurous·

144 901 277 971 venturi
300 899 420 970 imbris
441 900 631 972 admonuit.
653 899 833 971 Pereuntis
859 918 955 969 aurae
982 899 1085 971 llatus
1110 898 1224 971 ambi·

142 1043 230 1115 gnos
251 1030 429 1094 contracto
451 1022 528 1094 sinu
549 1022 706 1095 carbasis
728 1021 870 1094 sedulus
897 1031 1003 1095 nauta
1028 1023 1222 1117 recolligit:

140 1154 174 1215 et
194 1144 388 1237 digressuri
410 1157 596 1238 properant
614 1145 730 1231 amici,
744 1147 921 1239 multaque
940 1145 1007 1217 sub
1023 1157 1223 1217 extremum

141 1266 303 1338 continua
322 1268 477 1338 oratione
495 1266 689 1339 fabulantes
708 1268 839 1338 nullum
858 1276 1070 1339 momentum
1089 1276 1225 1363 tempo-
1256 1296 1262 1305 ·

142 1387 190 1459 ris
212 1389 325 1483 perire
347 1391 473 1460 sinunt.
496 1388 552 1462 Sic
573 1389 608 1460 in
628 1389 733 1461 rebus
767 1391 838 1461 iero
867 1388 1029 1459 omnibus
1050 1389 1222 1463 invenies.

141 1512 310 1582 Amamus
331 1510 420 1583 bona
443 1520 561 1582 nostra
581 1511 665 1583 dum
681 1512 726 1584 ad
739 1512 872 1583 exitum
894 1509 1107 1605 praecipitata
1127 1512 1225 1585 lesti-

142 1645 235 1705 nant.
259 1632 351 1704 Idem
375 1620 638 1706 senescentibus
663 1634 809 1716 cunctis,
845 1633 912 1704 nisi
947 1634 1044 1705 senio
1076 1634 1222 1721 deliris,

142 1755 283 1827 evenire
304 1757 459 1827 noveris:
482 1768 617 1850 tempus
635 1765 766 1840 amant,
780 1766 816 1826 et
833 1756 932 1827 cuius
949 1755 1118 1849 primitias
1135 1757 1225 1828 elfu-

142 1878 268 1949 derunt
298 1877 459 1969 reliquias
492 1880 623 1969 legunt.
654 1879 698 1948 Et
732 1877 816 1947 milri
849 1898 990 1970 quoque
1012 1888 1148 1970 tempus
1169 1888 1226 1949 est

141 1999 256 2072 carius
277 2021 382 2090 quarn
406 1999 549 2083 solebat,
572 2008 607 2071 et
631 2020 710 2069 cum
733 1999 885 2071 velocius
913 2009 986 2069 tum
1012 1997 1224 2092 irreparabi-

143 2124 209 2193 lius
230 2131 383 2216 apparet.
397 2120 507 2193 Video
520 2125 638 2214 lugam
658 2123 733 2194 sine
747 2120 873 2206 reditu,
892 2141 1045 2213 agnosco
1058 2122 1223 2204 fallacias,

144 2242 397 2334 blanditiasque
421 2254 611 2335 permetuo;
634 2246 746 2316 sentio
771 2267 827 2316 me
853 2266 916 2339 per
942 2245 1098 2336 singulas
1119 2245 1225 2318 boras

141 2362 186 2434 ad
205 2370 399 2432 extremam
422 2363 489 2447 ire,
510 2361 669 2457 nitorque
690 2364 785 2457 quod
811 2364 983 2456 reliquum
1008 2373 1063 2435 est
1088 2365 1123 2435 in
1149 2386 1225 2437 mc·

141 2484 245 2554 liores
265 2505 350 2556 usus
371 2493 522 2554 vertere:
545 2483 649 2576 idque
669 2507 723 2556 me
741 2485 880 2557 tandem
898 2486 1102 2557 effecturum
1116 2462 1226 2561 multo

142 2608 221 2677 ticet
241 2605 358 2677 labore
384 2628 451 2677 non
472 2607 638 2700 despero:
659 2607 752 2699 quod
788 2607 817 2678 si
850 2607 896 2678 ab
929 2608 1164 2680 adolescentia
1191 2610 1225 2681 in

142 2730 295 2802 animum
321 2729 489 2813 venisset,
512 2751 653 2825 possem
679 2732 765 2802 forte
791 2753 951 2816 securus,
980 2731 1130 2825 peractis
1156 2732 1225 2804 iam

142 2854 226 2924 vitae
247 2851 459 2936 muneribus,
481 2852 616 2938 vivere,
643 2875 713 2946 quo
741 2853 824 2924 nihil
845 2864 900 2925 est
925 2852 1073 2925 dulcius.
1095 2852 1165 2925 Sed
1188 2862 1228 2925 nt

142 2975 187 3047 ad
220 2997 293 3047 rem
327 2996 485 3068 pergam,
509 2976 634 3068 scripsi
661 2975 720 3047 tibi
746 2996 922 3069 persaepe,
945 2997 1155 3069 semperque
1180 2985 1225 3061 te,

143 3118 204 3168 scu
226 3096 416 3191 occupatio,
440 3117 503 3167 sen
525 3095 671 3167 tarditas
693 3118 800 3169 causa
826 3105 895 3180 est,
918 3116 998 3166 nam
1025 3094 1226 3189 snperbiam

142 3220 176 3290 in
198 3231 336 3312 pectore
356 3229 425 3290 tam
442 3219 553 3291 amico
571 3217 741 3311 suspicari
759 3238 911 3311 nequeo,
927 3239 1067 3311 semper
1081 3216 1226 3311 inquam

141 3339 187 3411 ad
207 3339 489 3432 respondendum
516 3337 642 3410 durum
664 3349 769 3432 atque
787 3339 962 3412 difficilem
985 3340 1121 3411 inveni:
1145 3362 1227 3413 cum

143 3472 274 3542 minen,
298 3470 335 3531 ut
360 3459 436 3532 iure
461 3484 539 3534 meo
564 3473 677 3533 tecum
702 3460 803 3554 quasi
830 3483 966 3533 mecum
992 3461 1144 3554 glorier,
1171 3482 1228 3535 ro-

143 3605 227 3676 gum
247 3604 288 3653 ac
308 3581 436 3653 ducum
456 3603 551 3675 saepe
572 3583 709 3655 interim
731 3584 864 3656 litteras
884 3595 920 3656 et
941 3585 1068 3680 scripta
1090 3606 1228 3658 merno-

145 3706 220 3777 rim.
242 3704 279 3776 ld
301 3723 497 3775 memorans
518 3705 660 3797 fatigato
680 3705 917 3800 nequidquam
942 3709 1075 3779 calamo
1098 3686 1169 3778 tuis
1189 3705 1226 3777 in

145 3827 249 3901 rebus
269 3826 373 3898 terias
393 3825 531 3899 dabam.
557 3828 654 3900 Utin
675 3849 764 3922 opus
787 3828 926 3907 redeam
949 3832 1042 3903 clara
1064 3839 1135 3901 tuae
1156 3829 1228 3899 vir·

145 3949 227 4022 tutis
253 3953 343 4023 lama
367 3951 550 4045 compellit.
577 3952 776 4025 Secundum
803 3953 1010 4026 sententiam
1037 3974 1153 4024 meam
1178 3954 1227 4025 lo

143 4096 244 4166 quor:
266 4075 360 4170 apud
382 4072 448 4146 bos
468 4073 560 4146 enirn
581 4075 755 4170 principes
777 4075 882 4146 huius
902 4074 1024 4147 mundi
1041 4076 1163 4167 gravis
1176 4075 1228 4145 in·

144 4196 248 4268 lamia
267 4210 302 4269 et
321 4196 531 4290 inexpiabile
551 4199 664 4270 scelus
689 4208 755 4268 est.
782 4195 917 4281 Quibus
942 4197 988 4267 ita
1014 4218 1226 4290 wasconum

145 4320 284 4391 noveris
305 4318 474 4412 quidquid
497 4320 530 4389 in
552 4340 645 4391 novo
665 4318 797 4412 geritur
818 4328 955 4404 senatu,
978 4340 1228 4413 quorumcum-

143 4464 213 4535 que
232 4463 350 4535 opera,
377 4441 521 4512 consilio
553 4451 611 4514 tuo
645 4439 728 4513 fieri.
751 4441 802 4512 lla
822 4440 866 4513 de
888 4440 1026 4533 ingenio
1047 4453 1108 4515 tuo
1132 4440 1229 4538 apud

143 4585 264 4637 omnes
285 4564 464 4639 estimatio
493 4572 560 4645 cst;
587 4562 680 4657 apud
709 4583 764 4632 me
799 4571 916 4632 autem
948 4583 991 4632 eo
1025 4564 1227 4655 maiorque
