2738 5062
333 721 425 771 nrnnn
447 721 967 773 suerruusnncruus.-nersronu
990 727 1030 774 rr.
1160 716 1220 776 llo

140 861 349 931 convellunt.
368 857 450 940 Sed,
471 858 524 929 vir
544 861 687 952 optime,
711 858 796 951 quid
815 864 940 953 agarn‘.l
958 861 1070 934 Viden
1096 875 1136 959 ut
1157 887 1221 936 un-

139 983 281 1053 dantem
302 979 414 1075 plenis
435 979 605 1051 imbribus
631 1003 754 1052 urnam
780 1002 937 1077 praeoeps
963 994 1078 1056 vertat
1103 984 1221 1079 dqua-

141 1104 236 1173 rius‘l
256 1104 414 1174 lemnon
436 1102 565 1195 pluviae
591 1102 654 1174 sed
677 1104 818 1174 llumina
840 1107 928 1175 eoelo
953 1115 1070 1177 ruunt:
1097 1108 1221 1180 semita

140 1228 253 1297 omnis
274 1228 309 1296 in
330 1248 434 1298 usum
457 1226 622 1297 tumentis
648 1226 738 1297 alvei
759 1247 864 1298 versa
884 1234 953 1310 est,
982 1238 1020 1298 ut
1047 1250 1116 1299 non
1134 1251 1222 1300 eun-

139 1348 223 1420 dum
235 1348 438 1432 viatoribus,
454 1346 518 1419 sed
539 1348 728 1419 natandum
749 1352 804 1419 sit.
823 1349 951 1419 Verum
969 1349 1055 1442 quid
1075 1352 1222 1443 loquor‘l

142 1471 194 1540 dh
228 1470 390 1541 demens!
420 1468 484 1552 Qui
516 1469 608 1538 enim
639 1468 767 1561 quietis
799 1469 1027 1540 avidissimus
1060 1470 1129 1542 diei
1158 1470 1222 1542 vix

143 1596 244 1664 unius
275 1594 340 1663 iter
374 1592 512 1671 horreo,
538 1589 673 1662 dierum
705 1591 949 1684 profectionem
981 1592 1069 1662 inire
1100 1591 1223 1664 iubeor

142 1717 342 1798 multorum,
370 1722 539 1806 notasque
570 1712 653 1782 mihi
680 1714 824 1783 nimium
845 1712 965 1805 Alpes,
990 1710 1104 1784 media
1130 1735 1222 1785 nunc

142 1838 267 1931 hyeme
286 1835 443 1907 transire.
463 1835 523 1905 llle
536 1855 593 1905 me
608 1834 668 1918 ire,
683 1835 741 1926 qui
763 1844 796 1904 te
809 1836 926 1906 forsan
939 1834 1043 1906 eundi
1057 1834 1222 1927 cupidum

143 1967 234 2029 stare
261 1956 376 2029 iubet:
398 1957 446 2028 ita
471 1976 579 2050 prope
606 1958 721 2027 nullus
747 1967 928 2028 contentus
964 1958 1060 2028 vivit.
1091 1956 1223 2029 Parebo

143 2087 271 2159 tamen,
291 2089 330 2150 ut
350 2078 410 2171 qui
432 2077 563 2148 iubenti
590 2078 637 2148 nil
659 2079 800 2171 penitus,
819 2099 950 2169 negare
970 2080 1090 2162 velim;
1116 2079 1224 2170 idque

142 2224 183 2272 eo
204 2202 396 2295 promptius
414 2224 485 2294 quo
507 2223 561 2272 me
580 2212 616 2272 ut
634 2201 773 2296 proprie
789 2199 953 2283 dixerim,
973 2223 1042 2271 non
1057 2201 1156 2273 iubet
1167 2201 1224 2272 ille

144 2323 206 2394 sed
226 2335 338 2415 rogat,
354 2324 526 2394 fortunam
546 2344 644 2395 suam
662 2323 824 2415 quamvis
841 2322 1046 2395 altissimam
1064 2322 1225 2395 humani-

146 2455 213 2517 tate
229 2447 287 2516 illa
300 2446 479 2517 notissima
494 2468 757 2542 supergressus.
776 2447 950 2532 Quantum
969 2458 1139 2541 praeterea
1152 2448 1227 2519 via-

145 2594 221 2641 rum
248 2571 342 2662 rigor
361 2578 396 2641 et
416 2570 582 2642 brumalis
610 2580 716 2643 terret
740 2572 925 2665 asperitas,
953 2577 1087 2641 tantum
1114 2570 1252 2662 prole.

144 2694 265 2764 etionis
286 2715 393 2765 causa
412 2693 574 2773 delectae
595 2715 638 2765 eo
654 2695 746 2765 enirn
760 2692 804 2764 ad
818 2713 938 2784 pacem
952 2690 1041 2761 inter
1058 2687 1227 2782 potentis·

146 2815 251 2887 simos
272 2814 362 2885 duos
388 2813 496 2886 ltaliae
525 2818 669 2911 populos
690 2811 963 2894 reformandam,
985 2818 1055 2879 lam
1082 2807 1227 2879 feliciter

146 2938 276 3007 utinam
295 2957 400 3028 quam
422 2934 578 3007 libenter.
599 2937 683 3007 Cum
706 2943 821 3004 autem
839 2953 906 3024 ego
923 2932 1025 3003 simul
1043 2941 1079 3001 et
1097 2940 1226 3022 tempe-

149 3058 217 3128 ries
235 3079 342 3128 verna
363 3057 580 3140 redierimus
600 3058 648 3127 nil
672 3056 756 3127 milri
774 3056 897 3149 -proeul
918 3052 1024 3125 dubio
1044 3051 1142 3147 prius
1162 3051 1228 3122 erit

149 3201 252 3271 quam
271 3191 309 3251 ut
329 3182 402 3251 loco
423 3180 550 3273 insigni
574 3181 650 3252 viso
670 3190 705 3252 et
721 3179 832 3250 amieo
852 3176 984 3271 optimo
1005 3176 1131 3258 reviso,
1151 3175 1229 3245 hinc

149 3301 233 3373 illud
253 3301 414 3396 impleam
432 3303 526 3396 quod
544 3303 696 3395 promisi.
720 3303 814 3372 Vale.

565 3698 743 3800 nrrsrom
767 3733 822 3797 vn.

290 3918 485 3969 ruldctscvs
506 3921 676 3970 PE'l'llAllCll
697 3921 869 3970 BERNARDO
891 3919 1093 3968 dNGUlSSOLAE

469 4024 604 4072 Puruslnl
627 4025 764 4071 cellensi
785 4025 810 4072 S.
833 4025 860 4071 P.
882 4024 912 4070 D.

207 4191 390 4252 Commendat
405 4190 526 4244 amioum
540 4189 569 4243 in
585 4187 763 4242 Germaniam
778 4185 895 4256 patriam
911 4202 988 4239 suam
1005 4185 1177 4241 redeuntem.

249 4409 328 4479 Misi
344 4409 389 4480 ad
412 4419 445 4478 te
463 4427 531 4476 non
548 4406 737 4499 voluptatis
755 4402 935 4475 materiam
954 4404 1017 4475 sed
1038 4402 1178 4484 laboris,
1198 4414 1235 4473 ut

153 4532 258 4599 soleo.
280 4532 406 4601 Posses
429 4536 550 4622 optare
571 4528 694 4600 utalia
719 4520 885 4600 terrarum
907 4525 942 4595 in
974 4538 1072 4618 parte
1092 4544 1233 4616 agerem
