2738 5062
389 701 481 751 LlllEll
503 700 692 752 UNDEClllUS.
704 703 900 752 -sursrous
923 704 984 752 vul.
1166 690 1223 751 133
1295 736 1298 740 -

144 840 279 934 ignoro:
309 840 399 912 illud
421 840 501 924 scio,
524 841 617 934 quod
644 842 677 911 in
703 842 924 913 aemulatione
946 843 1027 912 olim
1049 840 1137 935 pari,
1166 844 1229 914 scd

142 960 349 1036 conditione
369 966 472 1056 longe
498 964 629 1060 impari,
656 966 737 1036 dum
765 965 945 1037 evertendi
968 965 1227 1037 infestissimam

143 1089 364 1160 Athenarum
389 1088 508 1159 urbem
531 1088 804 1161 Lacedaemoniis
826 1088 939 1159 oblata
960 1100 1056 1159 esset
1081 1090 1225 1173 arcasin,

144 1235 207 1283 uec
226 1209 275 1281 de
297 1210 452 1304 potentia
471 1210 552 1294 iarn,
577 1211 638 1281 sed
658 1211 702 1282 de
724 1214 900 1283 voluntate
927 1214 998 1282 sola
1026 1224 1229 1305 superesset

144 1331 314 1427 quaestio,
335 1354 357 1402 e
374 1332 513 1403 duobus
533 1333 678 1402 Graeciae
698 1331 885 1403 luminibus
903 1344 1063 1403 eruturos
1083 1356 1121 1404 se
1142 1338 1224 1404 altc-

145 1479 222 1527 rum
246 1464 479 1546 negaverunt.
507 1455 810 1525 praeclarissimum
839 1475 923 1527 sanc
950 1475 1165 1548 responsum,
1192 1469 1228 1527 et

145 1578 262 1671 prisea
284 1577 342 1647 illa
368 1578 614 1670 Spartanorum
640 1576 882 1668 dignissimum
908 1577 1099 1672 disciplina.
1127 1579 1227 1662 Quod

147 1701 177 1771 si
195 1723 246 1771 ex
266 1721 329 1771 ore
346 1699 482 1770 illorum
501 1699 629 1782 sonuit,
649 1721 737 1791 quos
757 1699 977 1771 victoriarum
996 1701 1227 1794 principandi-

145 1846 214 1918 que
232 1823 390 1895 libidinis
411 1831 504 1894 notat
523 1824 632 1907 Plato,
655 1823 739 1915 quid
760 1821 860 1893 vobis
882 1823 1074 1893 mitissimis
1093 1846 1132 1894 ae
1153 1846 1226 1894 mo-

144 1947 359 2019 destissimis
381 1945 467 2016 viris
486 1946 600 2015 visum
624 1945 662 2014 iri
685 1945 855 2016 arbitror?
880 1946 979 2016 Certe
1003 1966 1079 2036 eg0,
1105 1946 1164 2038 qui
1191 1946 1225 2015 in

145 2069 251 2141 tantis
273 2066 427 2138 motibus
448 2087 516 2136 non
538 2067 671 2137 moveri
693 2087 842 2157 nequae,
867 2076 904 2136 ut
923 2064 1074 2137 diversis
1095 2066 1225 2139 allecti-

144 2188 229 2278 bu's,
242 2213 375 2274 amore,
392 2200 495 2275 metu,
515 2211 577 2282 spe
596 2211 704 2259 unum
719 2197 840 2282 pectus
862 2189 1065 2280 urgentibus
1088 2213 1225 2263 secum-

149 2336 220 2408 que
237 2312 458 2396 certantibus,
482 2333 564 2404 pace
585 2310 689 2381 animi
710 2334 823 2397 caree,
845 2313 935 2383 iusta
956 2336 1011 2383 rne
1034 2315 1224 2406 reprehen-

150 2437 247 2509 sione
268 2436 457 2509 cariturum
483 2433 621 2518 credidi,
645 2435 683 2520 si,
705 2458 782 2507 curn
810 2437 845 2505 hi
872 2436 980 2507 silvas
1008 2437 1040 2505 in
1072 2441 1220 2509 classem

146 2560 333 2642 traherent,
349 2558 383 2627 hi
403 2556 536 2651 gladios
553 2571 717 2631 acuerent
737 2582 777 2632 ae
798 2561 957 2651 sagittas,
978 2562 1022 2631 illi
1042 2585 1159 2633 muros
1182 2585 1221 2633 ao

141 2682 282 2755 navalia
302 2682 569 2764 communirent,
591 2684 685 2776 quod
706 2705 813 2754 unum
836 2683 919 2752 mibi
941 2687 1085 2753 telorum
1108 2706 1220 2774 genus

140 2816 231 2890 erat,
246 2806 294 2878 ad
309 2807 481 2875 calamum
494 2807 740 2895 confugissem,
756 2826 824 2873 non
838 2804 916 2874 belli
931 2816 1050 2876 auctor
1065 2808 1127 2875 sed
1143 2828 1223 2877 sua-

143 2951 206 3001 sor
223 2929 328 3021 paois.
351 2928 467 2997 Finem
487 2931 598 2997 lacere
619 2925 819 2997 iamdudum
842 2926 970 3016 cogito,
989 2949 1057 2996 non
1080 2927 1222 3018 ignarus

143 3061 276 3146 quanto
306 3051 494 3123 verborum
528 3050 625 3119 beno
658 3047 706 3119 uti
739 3049 862 3118 doceat
882 3070 960 3116 cum
988 3049 1224 3139 superioribus

141 3176 412 3268 colloquentem:
448 3173 509 3244 sed
541 3174 657 3243 nullus
690 3181 746 3242 est
778 3159 895 3241 amoro
917 3168 1084 3265 superior.
1107 3171 1165 3240 llle
1192 3182 1224 3241 te

141 3307 247 3390 coget
267 3297 312 3369 ad
333 3295 471 3367 veniam
503 3296 560 3387 qui
594 3296 638 3366 ad
671 3294 925 3385 multiloquium
950 3315 1007 3364 me
1028 3292 1129 3385 cogit.
1152 3294 1223 3364 Hoc

141 3442 250 3491 unum
273 3419 307 3490 in
330 3417 436 3489 finem
455 3442 568 3491 coram
588 3418 734 3489 duorum
751 3420 953 3513 populorum
973 3417 1119 3489 ducibus
1137 3417 1224 3488 atlu-

140 3562 205 3613 sus
225 3552 262 3614 et
283 3543 487 3613 lacrimosus
509 3543 672 3613 obscero:
692 3543 817 3612 lnfcsta
839 3541 998 3612 manibus
1020 3563 1116 3614 arma
1133 3544 1225 3637 proi-

139 3667 233 3752 icite,
248 3669 329 3741 date
352 3668 531 3751 dexteras
548 3668 692 3739 miscete
712 3670 842 3751 oscula,
866 3668 1001 3737 animos
1021 3669 1160 3751 animis,
1178 3667 1225 3738 si-

141 3792 223 3885 gnis
256 3791 357 3884 signa
390 3790 599 3882 coniungite.
632 3790 687 3861 Sic
720 3791 965 3883 navigantibus
1000 3792 1159 3863 Oceanus
1189 3803 1225 3862 et

140 3914 271 3985 Euxini
293 3915 399 3984 maris
420 3914 508 3984 ostia
530 3913 706 4006 patebunt,
727 3917 913 4006 nullusque
930 3937 1051 4006 rogum
1078 3926 1139 3984 aut
1163 3936 1224 4007 po-

140 4036 299 4128 pulorum
326 4034 393 4103 nisi
418 4034 687 4106 venerabundus
719 4046 887 4105 occurret.
914 4035 969 4105 Sic
1004 4058 1066 4106 vos
1101 4035 1221 4116 lntluS,

141 4155 192 4227 sie
211 4156 400 4226 Britannus
424 4155 651 4248 AEtbiopsque
671 4165 875 4248 permetuet.
901 4155 956 4224 Sic
978 4154 1221 4247 Taprobanen,

145 4277 196 4349 sic
236 4279 445 4349 Fortunatas
479 4279 612 4349 insulas
642 4283 880 4371 famosumque
916 4280 979 4351 sod
1013 4279 1220 4372 incognitam

140 4402 276 4474 Thulen
297 4412 334 4472 et
358 4423 494 4471 omnem
517 4401 713 4472 Australem
736 4411 839 4492 atque
866 4403 1125 4497 llyperboream
1149 4405 1222 4495 pla·

140 4546 218 4616 gam
241 4544 390 4597 securus
412 4535 528 4594 vester
550 4537 653 4595 nauta
673 4522 854 4593 transiliet:
875 4525 976 4596 modo
995 4525 1142 4595 inuicem
1159 4524 1220 4592 tuti
