2738 5062
156 643 216 705 488
492 659 532 706 nu
557 660 657 708 rrunus
679 661 900 711 usuruunrnus

156 805 201 866 to.
224 792 259 866 Si
281 804 434 888 cogitent
453 793 532 887 quis
558 804 594 866 et
617 795 671 868 cui
693 796 831 889 etquid
857 799 990 890 loquar,
1011 799 1127 872 forsan
1149 822 1240 895 qua-

154 918 232 990 liter
253 939 320 988 non
340 917 522 989 curabunt.
544 919 654 1011 Fugio
683 940 749 1012 ego
782 941 1038 1012 supervacuum
1059 921 1237 996 laborem:

153 1040 354 1114 necessario
371 1038 400 1111 si
419 1040 588 1112 sufficiam
603 1042 688 1113 satis
701 1041 776 1113 erit.
790 1041 945 1115 Profecto
958 1052 1072 1114 autem
1086 1065 1237 1139 magnus

153 1186 251 1237 arnor
276 1161 463 1235 artificiosa
483 1162 682 1257 eloquentia
706 1186 775 1235 uon
800 1174 894 1257 eget.
921 1165 983 1238 Cui
1010 1187 1078 1239 non
1103 1167 1237 1242 diserta

153 1287 232 1360 visa
243 1295 299 1360 est
317 1285 454 1358 amica?
467 1285 579 1370 Quem
594 1307 663 1359 non
683 1285 834 1360 delectat
852 1286 936 1360 dum
954 1287 1102 1362 balbutit
1120 1289 1237 1365 inians

152 1409 270 1483 filius?
293 1409 475 1482 Postremo
506 1408 586 1504 quis
618 1432 640 1481 a
673 1429 712 1482 se
743 1409 827 1483 dum
849 1431 967 1483 secum
987 1410 1061 1506 ipse
1083 1412 1237 1506 loquitur

151 1545 311 1608 ornatum
331 1531 478 1629 quaerit‘l
508 1531 554 1605 At
569 1541 689 1606 ‘vetus
715 1544 770 1605 est
801 1532 967 1607 verbum:
1000 1537 1126 1606 amicas
1149 1538 1238 1608 atter

151 1678 221 1748 epo,
244 1655 379 1750 dequo
399 1657 579 1748 eleganter
599 1654 735 1728 Cicero:
761 1653 995 1745 Ouiddutciur
1018 1677 1117 1746 paam
1137 1657 1237 1728 todo·

149 1800 199 1865 re,
233 1797 308 1849 oum
340 1763 402 1872 ouo
435 1778 550 1848 omnia
572 1774 696 1849 audetis
714 1779 762 1848 sic
786 1779 876 1870 loqui
904 1790 942 1849 ut
974 1779 1101 1850 boum?
1124 1779 1235 1853 Nemo

150 1901 257 1993 igitur
275 1899 396 1993 exigat
415 1899 460 1974 ab
480 1899 591 1973 arnico
610 1899 706 1994 quod
730 1922 751 1971 a
777 1920 817 1971 se
841 1921 911 1972 non
930 1898 1057 1993 exigit:
1075 1901 1232 2001 plioquin

149 2043 219 2094 non
255 2022 305 2095 sio
337 2044 416 2094 cum
443 2019 554 2094 amico
578 2019 731 2115 loquitur
763 2028 802 2092 ut
834 2040 965 2092 secum.
987 2018 1161 2116 Equidem
1182 2021 1235 2096 sio

149 2142 234 2214 mihi
267 2143 380 2216 omnis
409 2142 510 2215 amici
543 2163 657 2216 sermo
688 2140 855 2237 probatur
889 2150 927 2213 ut
957 2144 1133 2238 proprius,
1168 2165 1233 2218 nen

149 2287 266 2339 sermo
281 2278 423 2353 tantum,
439 2267 501 2339 sed
521 2266 695 2339 silentium
714 2277 750 2338 et
765 2274 884 2338 nutus.
898 2263 991 2349 Quid
1003 2266 1096 2337 enim
1112 2266 1230 2351 refert,

148 2388 253 2460 modo
278 2387 363 2481 quid
388 2389 445 2460 ille
470 2387 555 2461 velit
577 2387 783 2479 intelligam,
816 2397 878 2460 aut
909 2384 994 2482 quid
1027 2386 1125 2472 nolit,
1152 2408 1231 2459 oum

148 2533 218 2606 quo
238 2509 329 2582 idem
352 2511 442 2583 velle
459 2519 495 2582 et
511 2508 603 2581 idem
623 2511 715 2580 nolle
735 2508 920 2602 disposui?
939 2507 1049 2602 Amici
1070 2508 1140 2580 mei
1159 2509 1232 2582 elo·

148 2633 323 2729 quentiam
338 2633 366 2704 si
381 2632 475 2704 adsit
490 2634 693 2726 amplector,
712 2632 802 2704 siout
818 2631 975 2704 eiusdem
995 2631 1148 2725 reliquas
1166 2653 1230 2704 seu

147 2757 280 2849 gratias
301 2778 365 2828 seu
385 2756 548 2839 virtutes,
571 2753 635 2828 sed
667 2755 714 2828 ita
739 2754 831 2827 illam
857 2765 985 2849 expeto
1009 2754 1104 2849 quod
1130 2753 1229 2827 amici

147 2888 187 2950 ut
206 2880 359 2951 animum
393 2878 444 2951 sic
476 2887 513 2951 et
543 2876 699 2971 linguam
719 2886 876 2951 ornatam
902 2878 1022 2963 velim,
1046 2900 1115 2949 non
1135 2869 1247 2971 quod'

147 3001 313 3073 delicatas
333 3021 412 3071 cum
433 2999 553 3072 amicis
574 3020 678 3072 aures
699 2996 858 3069 habeam.
879 2998 996 3070 Malim
1014 2996 1163 3069 amicum
1180 2999 1229 3070 la·

146 3123 298 3197 cundum
326 3142 538 3216 essequam
563 3119 718 3209 balbum,
746 3119 874 3215 quippe
899 3131 935 3193 et
959 3141 1084 3192 sanum
1111 3119 1231 3200 malim,

145 3269 251 3343 quam
272 3254 458 3338 aegrotum,
481 3246 671 3316 formosum
691 3255 860 3338 practerea
880 3263 984 3336 quam
1011 3242 1226 3326 deformem,

146 3391 215 3440 non
228 3368 321 3461 quod
335 3389 470 3460 aegrum
491 3366 752 3459 deformemque
772 3365 887 3437 minus
909 3386 1033 3449 amem,
1053 3364 1117 3436 sed
1135 3364 1227 3459 quod

146 3510 232 3561 sano
252 3491 472 3583 formosoque
488 3488 600 3580 magis
619 3491 783 3580 gratuler.
802 3488 858 3560 Sic
874 3487 981 3560 ditem
998 3487 1094 3558 illum
1112 3487 1225 3582 potius

144 3609 272 3703 eligam
291 3631 373 3681 esse
393 3632 497 3703 quam
519 3631 721 3703 pauperem,
757 3611 805 3682 ita
837 3621 954 3682 tamen
985 3619 1025 3681 ut
1056 3631 1126 3682 non
1148 3607 1227 3681 inde

142 3733 299 3828 praedam
320 3732 405 3802 mihi
426 3731 588 3824 cogitem,
612 3731 675 3805 sed
694 3733 826 3827 copiam
853 3733 914 3820 illi,
942 3732 1026 3804 mihi
1048 3732 1223 3825 gaudium,

144 3855 220 3929 sine
240 3877 310 3952 quo
330 3854 432 3927 amici
447 3840 665 3949 'prosperitas
689 3875 770 3927 esse
795 3877 864 3928 non
888 3855 1011 3950 possit.
1031 3855 1151 3926 Virtus
1173 3864 1227 3926 est

142 3979 303 4052 amicitiae
323 3979 604 4063 fundamentum,
627 3978 672 4052 ad
696 4001 801 4074 quam
829 3978 1039 4052 servandam
1060 3976 1144 4048 nihil
1172 3998 1226 4050 re·

141 4099 290 4194 quiritur
310 4113 438 4199 praeter
455 4111 610 4174 mutuam
628 4101 844 4174 charitatem.
862 4101 913 4173 lla
931 4101 1079 4197 simplex
1098 4110 1134 4173 et
1150 4102 1225 4174 nul·

140 4224 182 4294 lis
203 4223 292 4294 lucis
314 4223 396 4295 illita
417 4236 484 4310 est,
508 4225 555 4296 nil
575 4223 702 4320 quaerit
722 4222 891 4296 exterius.
912 4223 1004 4295 Etsi
1025 4225 1133 4294 multa
1154 4245 1223 4296 nou

140 4344 310 4440 quaerenti
333 4345 521 4420 obveniant
547 4345 643 4442 (quis
668 4346 759 4420 enim
786 4344 1015 4419 amicitiarum
1042 4345 1224 4417 commoda

142 4477 246 4560 atque
264 4465 511 4579 oblectationes
531 4468 745 4564 enumerati)
762 4467 914 4540 charitas
931 4475 1047 4539 tamen
1065 4466 1222 4540 stimulos
