2738 5062
139 620 197 684 228
478 635 519 682 nu
540 633 641 684 nunus
661 633 881 683 rnurnmamus

140 792 252 844 annus
272 770 418 853 effluxit,
440 771 543 860 longa
562 769 628 840 erit
648 767 804 853 historia,
832 785 969 839 summa
993 765 1129 838 cunctis
1149 787 1214 859 ope

139 892 360 966 tendentibus
386 901 424 965 ut
447 891 564 975 dives,
599 891 663 963 sed
695 900 885 984 occupatus
908 898 1014 982 atque
1034 887 1213 972 solticitus,

58 1092 61 1098 ,
138 1015 244 1086 immo
260 1014 401 1107 quidem
416 1024 455 1087 ut
470 1037 554 1087 vere
573 1036 719 1109 pauper,
739 1013 845 1085 miser
860 1020 896 1084 et
912 1021 1061 1084 moestus
1078 1009 1215 1094 fierem,

140 1158 195 1208 me
216 1158 285 1208 uno
305 1140 493 1210 reluctante
513 1139 651 1221 acriter,
671 1159 711 1209 ac
728 1145 910 1208 recusante
927 1135 1048 1227 iugum
1068 1156 1215 1207 aureum

140 1281 209 1331 non
242 1261 340 1331 aliter
372 1281 476 1352 quam
510 1262 664 1354 ligneum
697 1271 757 1333 aut
790 1257 1002 1353 plumbeum,
1023 1258 1158 1351 Deique
1182 1267 1218 1330 et

140 1382 318 1454 bominum
339 1380 443 1455 fidem
461 1394 674 1455 contestante
690 1381 777 1478 eripi
795 1380 879 1451 mihi
895 1378 1090 1450 libertatem
1112 1390 1216 1473 atque

140 1504 267 1589 ocium,
291 1506 390 1578 cuius
411 1507 563 1599 appetitu
579 1507 626 1576 nit
641 1515 764 1577 natura
781 1502 1033 1587 meliusculus
1048 1523 1217 1575 successu

140 1628 186 1699 nii
220 1627 304 1699 mihi
335 1629 472 1700 fortuna
505 1626 635 1700 felicius
670 1627 864 1708 tribuisset3
897 1621 1109 1726 extorqueri*
1133 1623 1217 1695 mihi

140 1750 306 1843 gaudium
326 1760 364 1820 et
381 1773 519 1823 omnem
539 1751 620 1823 vitae
637 1748 856 1822 dulcedinem
874 1756 978 1839 atque
997 1745 1062 1818 has
1079 1748 1217 1838 quales-

140 1896 289 1967 cumque
306 1873 485 1954 iitterulas,
505 1874 581 1945 sine
597 1872 724 1966 quibus
745 1872 866 1943 vivere
886 1889 992 1964 posse
1007 1867 1215 1951 diffiderem

139 1995 249 2066 fuisse
270 2017 325 2065 me
349 1996 394 2067 ab
419 1996 651 2068 adolescentia
670 2002 941 2089 contemptorem
967 1993 1055 2077 auri,
1076 1991 1216 2086 quando

141 2129 177 2188 et
196 2117 369 2190 modicum
390 2119 576 2204 habebam,
598 2131 634 2191 et
655 2123 761 2192 mutto
781 2140 886 2212 egere
906 2129 1062 2211 poteram
1083 2138 1127 2191 ac
1144 2117 1212 2201 din,

142 2239 172 2311 si
192 2240 395 2312 diuturnum
415 2241 545 2334 aliquid
562 2243 596 2312 iu
614 2242 669 2313 his
690 2242 773 2314 vitae
789 2242 943 2314 mortuiis
960 2240 1133 2333 angustiis
1150 2238 1216 2313 dici

142 2362 255 2434 debet.
289 2363 360 2435 lam
394 2385 478 2434 vero
510 2363 700 2435 deformem
735 2364 815 2435 mihi
837 2366 986 2436 suturam
1008 2364 1084 2435 auri
1106 2364 1214 2447 sitim,

142 2484 281 2578 quando
302 2497 337 2557 et
357 2488 501 2557 multum
523 2485 688 2557 haberem
709 2497 745 2557 et
770 2486 914 2558 adeam
935 2497 1072 2559 aetatem
1095 2509 1217 2581 perve-

141 2607 273 2679 nissem
301 2630 381 2701 quae
406 2607 536 2679 mcliire
566 2629 606 2680 ac
640 2617 835 2703 temperare
867 2611 975 2680 soleat
997 2607 1157 2695 affectus,
1183 2623 1216 2682 ct

141 2729 176 2800 in
197 2752 266 2822 qua
287 2729 332 2801 sit
354 2752 396 2802 eo
421 2729 552 2823 turpior
575 2726 762 2824 cupiditas,
787 2751 858 2822 quo
882 2730 995 2800 minor
1019 2738 1054 2800 et
1078 2730 1217 2804 brevior

142 2861 357 2943 potestesse
377 2853 583 2926 necessitas:
611 2876 673 2946 pro
697 2851 910 2946 longitudine
935 2853 1003 2924 viae
1028 2856 1217 2947 optandum

142 2994 223 3046 esse
243 2974 419 3060 viaticum;
441 2975 526 3047 mihi
547 2977 614 3048 iam
635 2987 670 3048 et
693 2976 901 3049 meridianas
927 2977 1031 3049 horas
1057 2989 1093 3051 et
1117 3000 1218 3075 aspe-

142 3096 233 3169 riora
254 3099 390 3170 viarum
410 3121 431 3169 a
453 3111 550 3191 tergo
570 3120 668 3183 esse,
691 3121 754 3171 nec
774 3099 843 3171 iam
867 3098 981 3172 minus
1001 3102 1045 3174 de
1067 3101 1217 3197 hospitio

142 3219 310 3311 quamde
331 3221 453 3291 itinere
473 3221 707 3312 cogitandum.
736 3222 797 3294 His
823 3221 907 3294 iuud
933 3225 1100 3296 accedere
1125 3223 1219 3318 quod

142 3339 221 3409 oiim
246 3349 282 3409 et
306 3343 422 3434 plures
455 3342 652 3434 egentiores
677 3343 806 3417 amicos
830 3344 1047 3430 habuissem,
1068 3366 1217 3438 quorum

142 3461 292 3533 charitas
314 3463 465 3535 habendi
484 3465 733 3558 quaerendique
760 3466 912 3539 studium
934 3481 1148 3541 excusatura
1168 3469 1220 3539 vi·

142 3584 300 3656 deretur:
321 3598 425 3679 atque
446 3586 482 3656 in
503 3587 623 3680 primis
649 3611 865 3680 germanum,
884 3592 953 3675 cui,
973 3601 1013 3663 ut
1029 3600 1111 3664 tunc
1131 3594 1218 3665 mui-

144 3707 200 3792 tis‚
223 3708 269 3781 ita
290 3731 381 3780 nunc
401 3708 538 3802 penitus
559 3711 664 3782 nihilo
684 3731 773 3804 opus
791 3713 850 3798 sit,
871 3716 1067 3809 nempequi
1081 3727 1218 3811 propter

143 3832 318 3904 Christum
340 3833 504 3904 universa
524 3831 733 3927 despexerit.
755 3837 912 3908 Meorum
926 3860 1012 3930 ergo
1029 3838 1218 3911 necessita·

143 3953 250 4041 tibus,
275 3957 396 4050 partim
420 3965 540 4038 morte,
564 3957 687 4048 partim
708 3956 909 4050 benigniore
928 3960 1074 4044 fortuna,
1094 3961 1216 4057 partim

142 4076 234 4172 inopi
261 4079 425 4172 religione
449 4083 664 4152 consultum:
691 4103 746 4152 mc
774 4102 858 4153 vero
882 4103 988 4177 prope
1013 4082 1082 4155 iam
1107 4087 1217 4156 solum

141 4199 230 4270 etin
250 4201 374 4274 diebus
396 4203 483 4275 meis
503 4203 640 4297 longius
662 4226 899 4297 progressum,
918 4216 955 4275 et
971 4203 1111 4279 abunde
1131 4204 1219 4280 divi-

143 4329 224 4405 tem,
246 4332 365 4418 optare
385 4323 533 4418 incipere
554 4328 645 4419 quod
667 4326 850 4399 comitatus
867 4327 1071 4399 adolescens
1091 4348 1218 4423 paupe·

143 4442 213 4515 rior
232 4466 296 4515 non
315 4458 505 4536 optassem,
527 4457 625 4539 turpe
644 4449 726 4519 mihi
739 4461 775 4521 et
789 4448 968 4540 indignum
987 4472 1064 4522 meo
1082 4448 1215 4521 nominc
