2738 5062
624 383 635 402 ἱ

352 676 445 727 ursus
467 675 965 735 oumrususcurus.-errsronn
987 679 1018 727 u.
1167 668 1221 730 tlt

141 817 246 889 doum
269 818 478 902 extuleram,
508 837 589 890 occe
615 821 707 890 lenta
732 819 883 914 primum
909 822 1047 912 pluvia,
1074 823 1225 917 udaeque

141 939 280 1025 nebulae
299 938 498 1033 persimilis,
521 939 600 1012 inde
617 960 700 1012 mox
717 941 850 1012 mixtus
870 941 990 1014 imber.
1010 945 1224 1016 Stomachari

141 1083 222 1155 ego,
243 1064 489 1154 fortunamque
507 1083 619 1134 meam
639 1083 901 1155 recognoscere,
919 1075 958 1137 et
972 1066 1148 1139 interdum
1169 1090 1224 1140 re-

143 1195 196 1256 tm
216 1184 391 1277 respicere
407 1184 661 1278 consiliumque
678 1184 845 1257 meandi
861 1207 1000 1281 capere;
1018 1189 1156 1260 interim
1174 1199 1224 1261 ta·

142 1331 238 1393 men,
274 1320 312 1380 ut
343 1309 395 1393 nr,
423 1309 591 1398 redeunte
610 1310 740 1395 animo,
762 1331 890 1404 corpus
911 1312 1079 1385 incedere.
1102 1314 1141 1383 ln
1168 1312 1222 1383 bis

141 1427 388 1504 ouris‘diutius
413 1449 483 1502 non
508 1431 571 1511 lui;
606 1441 643 1501 et
674 1429 834 1503 inclinata
865 1432 941 1503 dies
973 1442 1009 1502 et
1041 1433 1224 1526 proximus

142 1561 264 1650 portus
285 1561 372 1624 erat.
391 1552 625 1625 Cavallionem
643 1552 740 1636 veni,
754 1573 835 1645 qnae
849 1554 962 1625 vicina
974 1555 1098 1627 civitas
1115 1576 1224 1648 parua

142 1675 284 1770 quidem
298 1673 369 1748 -sed
388 1674 530 1766 antiqua
550 1683 617 1746 est:
640 1673 700 1745 ubi
721 1674 950 1768 abepiscopo
970 1675 1035 1748 loci
1056 1676 1220 1770 Philippo,

143 1818 212 1891 quo
230 1817 333 1869 nemo
347 1796 402 1869 vir
414 1795 551 1878 melior,
570 1797 699 1879 nullus,
719 1816 788 1866 non
800 1795 967 1889 egoipse,
986 1796 1176 1868 commodis
1190 1807 1226 1867 et

144 1917 334 1990 honoribus
357 1916 442 1990 meis
463 1915 619 2001 amicior,
640 1930 675 1989 et
694 1938 800 2012 quem
820 1928 992 2010 egrotare
1012 1939 1082 1990 non
1102 1940 1225 1990 sense-

143 2061 231 2122 ram,
253 2061 323 2113 non
343 2052 382 2112 ut
401 2040 520 2122 homo,
544 2039 619 2121 sed,
648 2040 738 2110 sicut
764 2059 904 2131 semper
924 2040 1032 2121 soleo,
1056 2049 1094 2111 ut
1118 2060 1226 2130 ange·

143 2166 198 2236 lus
219 2163 280 2234 Dei
301 2164 400 2236 visus
421 2171 526 2256 atque
546 2160 685 2233 babitus
707 2182 799 2246 sum,
821 2162 984 2258 lacrymis
1005 2156 1079 2255 prae
1096 2162 1225 2254 gaudio

144 2306 252 2379 prope
272 2277 504 2357 manantibus.
526 2282 677 2355 Credere
698 2284 753 2355 ille
772 2302 829 2355 me
849 2285 1054 2378 praeseserre
1074 2284 1224 2354 salutem
1262 2343 1267 2353 .

146 2405 275 2498 ipsam,
295 2416 332 2477 et
350 2406 462 2477 omnis
489 2402 597 2476 morbi
623 2404 815 2478 remedium
843 2422 910 2478 una
936 2426 1070 2476 mecum
1096 2404 1222 2476 domus

147 2527 348 2607 reatinen
369 2526 529 2598 intrasse.
563 2526 628 2598 Ubi
661 2537 778 2599 autem
799 2529 942 2600 venisse
973 2548 1029 2600 me
1063 2526 1107 2599 ad
1139 2506 1261 2598 eum*

143 2670 214 2722 non
233 2647 396 2720 manendi
417 2650 544 2731 animo,
579 2649 644 2720 sed
676 2661 715 2721 ut
747 2672 947 2744 supremum
969 2648 1221 2721 valedicerem

143 2772 290 2856 audivit,
312 2770 472 2844 moestior
490 2772 603 2841 lactus
633 2782 704 2856 est,
729 2782 834 2865 atque
866 2792 970 2843 omne
994 2770 1159 2862 gaudium
1186 2770 1220 2839 in

144 2896 305 2989 querelas
325 2913 482 2965 versum.
506 2893 576 2965 Suo
597 2903 712 2965 temen
728 2915 824 2965 more
840 2892 991 2990 perpulit
1008 2902 1045 2963 ut
1061 2890 1128 2963 sub
1146 2911 1220 2974 suo,

145 3018 250 3086 immo
271 3023 310 3086 ut
326 3014 411 3088 dicit
430 3036 571 3110 semper
590 3013 769 3108 rebusque
788 3015 925 3109 probat,
954 3037 1031 3087 meo
1052 3017 1124 3086 lare
1143 3035 1225 3087 con·

147 3137 323 3223 sisterem,
346 3136 482 3234 sibique
504 3147 641 3212 noctem
673 3137 767 3210 illam
801 3139 935 3222 darem,
960 3137 1054 3209 tredii
1078 3145 1117 3208 ut
1140 3157 1222 3226 ego,

144 3273 184 3334 ut
216 3261 290 3355 ipse
321 3259 438 3332 aiebat
465 3285 512 3334 ex
542 3282 598 3335 me
629 3261 875 3336 consolationis
901 3270 1029 3355 optatae
1061 3258 1224 3352 reliquias

143 3391 361 3480 percepturo.
395 3383 505 3456 Pareo
535 3407 606 3459 non
637 3396 789 3458 coactus.
811 3385 896 3458 Cum
926 3392 963 3456 et
993 3381 1115 3478 primae
1140 3380 1225 3451 lacis

145 3518 283 3600 tempus
308 3505 468 3589 instaret,
490 3518 526 3579 et
545 3528 615 3579 non
640 3507 707 3580 iam
733 3505 857 3590 imber,
883 3505 945 3578 sed
969 3503 1151 3578 inundatio
1174 3503 1225 3575 iu-

144 3649 232 3721 gent
249 3637 361 3712 esset,
375 3627 424 3699 ibi
441 3630 622 3702 minimum
641 3651 683 3702 ea
704 3640 804 3703 nocte
823 3629 1010 3701 dormitum
1030 3638 1095 3700 est.
1114 3613 1225 3701 Cae'te-

146 3771 223 3822 rum
243 3748 288 3823 ad
310 3752 457 3822 multum
479 3751 590 3823 noctis
609 3750 720 3847 primo
739 3751 880 3846 quidem
902 3751 1026 3834 tenuis,
1046 3759 1126 3843 post
1145 3770 1223 3820 seo-

97 3930 100 3935 .
146 3870 212 3944 sim
232 3883 382 3946 auctaet
395 3872 515 3946 ultimo
534 3875 697 3968 frequens
711 3877 800 3947 sarna
814 3873 1033 3946 familiarium
1048 3895 1225 3944 murmure

145 4014 242 4086 aegro
266 3995 409 4092 praesuli
439 3995 649 4067 adstantium
676 3998 818 4067 domum
846 3997 1070 4087 impleverat,
1098 3993 1224 4065 bellum

144 4118 377 4209 quarumdam
398 4115 602 4211 Alpinarum
623 4115 777 4207 gentium
811 4117 856 4188 ad
886 4116 1026 4186 Niceam
1057 4114 1138 4184 Vari
1166 4114 1226 4186 de·
1322 4114 1324 4118 ’

147 4239 345 4331 ῳειιᾱὶεεθ,
366 4248 404 4310 et
420 4239 489 4310 iam
508 4240 575 4311 late
591 4237 694 4330 vagis
714 4234 966 4311 excursoribus
986 4236 1132 4307 tractum
1151 4236 1225 4309 iter.

146 4360 313 4433 Fabulam
334 4361 486 4458 primum
508 4359 554 4432 ab
573 4359 874 4453 indulgentissimo
895 4370 992 4453 patre
1017 4356 1131 4430 fletam
1154 4381 1229 4431 cre-

146 4481 236 4568 didi,
259 4504 329 4576 qua
351 4506 407 4556 me
428 4483 473 4556 ab
493 4483 642 4575 incoepto
663 4482 865 4556 retraheret.
889 4483 952 4555 Est
968 4483 1062 4554 enim
1082 4502 1228 4572 magnus
