2738 5062
470 952 656 1018 FRANCISCI
676 953 881 1019 PETRARCAE

287 1188 358 1266 DE
408 1185 591 1267 REBUS
641 1182 1069 1265 FAMILIARIBUS

466 1414 618 1484 LIBER
654 1411 893 1485 DECIMUS.

571 1915 748 1982 susanna
769 1918 789 1981 l.

191 2111 390 2163 rnanmscus
411 2110 579 2160 rnrnsncs
601 2110 727 2160 CAROLO
748 2110 780 2158 lv
801 2108 945 2158 AUGUSTO
966 2107 1161 2158 maenarum

505 2213 705 2263 ROMANORUH
725 2214 752 2263 S.
774 2214 801 2263 P.
826 2214 855 2263 Ι).

285 2376 369 2432 Enixa
382 2377 511 2433 hortatur
523 2381 554 2431 ut
568 2375 676 2431 ltaliam
689 2376 818 2433 adventet
831 2377 950 2433 Romani
964 2376 1078 2450 Imperii

521 2466 637 2537 gloriam
649 2468 836 2522 restituturus.

239 2708 472 2802 Praecipitinm
506 2708 624 2781 horret
651 2708 809 2804 epistola,
843 2710 1065 2781 serenissime
1093 2710 1223 2792 Caesar,

139 2830 297 2903 auctoris
319 2829 385 2903 sibl
404 2830 550 2914 conseia,
570 2831 652 2903 dum
670 2832 799 2922 cogitat
816 2831 909 2902 unde
926 2831 1134 2922 digrediens,
1154 2850 1224 2921 quo

140 2964 292 3023 ventura
319 2951 374 3021 sit.
401 2950 440 3020 In
466 2949 618 3020 tenebris
644 2949 737 3020 enim
762 2957 837 3019 orta
866 2949 952 3041 qnid
976 2951 1100 3020 mirum
1127 2951 1157 3020 si
1189 2950 1223 3019 in

140 3068 327 3142 clarissimi
348 3069 398 3140 tui
415 3068 565 3140 nominis
587 3066 772 3160 splendore
789 3067 1030 3138 contunditur?
1049 3070 1118 3140 Sed
1138 3090 1225 3161 quo-

141 3192 236 3263 niam
258 3211 396 3263 omnem
417 3210 582 3283 pavorem
604 3210 702 3259 amor
727 3186 873 3270 excutit,
901 3188 935 3257 in
960 3190 1071 3260 lucem
1092 3190 1223 3275 veniet,

141 3320 177 3385 et
197 3313 228 3384 si
248 3311 335 3382 nihil
352 3310 461 3394 aliud,
488 3319 525 3381 at
545 3311 670 3380 saltem
693 3308 806 3383 fidelis
832 3310 974 3383 affectus
1000 3311 1067 3381 mei
1088 3313 1223 3383 nuncia.

140 3434 297 3524 Perlege,
318 3453 395 3516 oro,
417 3431 527 3502 decus
547 3440 719 3514 nostrum,
744 3433 906 3524 perlege;
928 3454 995 3503 neu
1016 3453 1104 3525 quas
1130 3432 1228 3504 odio-

96 3605 103 3613 ·
144 3574 202 3625 sas
232 3552 296 3623 tibi
320 3573 363 3623 ae
387 3553 551 3623 molestas
578 3552 667 3623 adeo
686 3573 733 3623 ex
764 3574 820 3624 me
840 3552 1024 3628 blanditias
1054 3556 1224 3643 verearis,

144 3672 316 3764 publicam
342 3694 465 3763 regum
479 3683 625 3765 pestem.
644 3672 712 3744 Ars
729 3695 770 3745 ea
789 3676 945 3766 procula
963 3677 1116 3748 moribus
1137 3679 1225 3749 meis

145 3791 266 3877 abest;
297 3795 459 3866 lamentis
484 3795 599 3888 potius
624 3817 745 3866 aurem
771 3818 876 3889 para;
903 3820 971 3869 non
1003 3808 1072 3869 tam
1099 3798 1225 3871 blanda

145 3936 249 4007 qnam
269 3917 416 4007 querula
435 3916 590 3988 oratione
610 3917 817 4011 pulsaberis.
836 3917 929 4002 Quid
945 3920 1036 3989 enim
1054 3923 1173 4004 nostri,
1192 3933 1228 3992 et

146 4037 175 4107 si
194 4037 263 4109 dici
278 4040 332 4109 fas
347 4049 410 4122 est,
426 4038 530 4110 immo
545 4038 594 4109 tui
607 4039 718 4134 ipsius
731 4040 912 4111 immemor
929 4043 1040 4112 lactus
1060 4047 1124 4113 es?
1140 4066 1228 4137 quo-

145 4181 224 4231 nam
245 4159 332 4233 abiit
352 4159 460 4232 ltaliae
485 4170 555 4231 tuae
581 4165 691 4232 cura?
714 4161 785 4232 Nos
809 4160 971 4252 equidem
1000 4165 1228 4256 sperabamus

146 4293 188 4369 te,
209 4285 351 4357 coelitus
371 4283 472 4356 nobis
494 4284 651 4368 missum,
670 4284 841 4354 libertatis
860 4294 991 4356 nostrae
1012 4289 1230 4380 promptissi-

147 4428 242 4478 mum
259 4414 484 4478 assertorem.
504 4407 555 4477 Tu
573 4405 715 4496 refugis,
734 4413 770 4475 et
786 4404 845 4475 ubi
862 4406 958 4479 lactis
976 4430 1063 4502 opus
1077 4422 1140 4493 est,
1157 4411 1230 4479 lon-

146 4526 304 4618 gissimis
328 4524 639 4600 consultationibus
665 4536 801 4621 tempus
827 4528 947 4601 trahis.
974 4529 1073 4612 Vide,
1094 4532 1225 4610 Caesar,
