2738 5062
373 676 469 724 nmen
491 678 702 727 nconsomcs.
716 700 756 711 -
770 682 921 732 emsronn
944 687 985 733 111.
1161 681 1218 739 tta

566 988 738 1052 lll‘tsttltn
760 991 803 1053 111.

289 1178 490 1225 futxctsct's
511 1179 677 1229 t’tltutltt't
699 1183 833 1231 zta'omo
856 1186 1061 1238 Gtuttttttttto

508 1284 707 1333 t'totttlxt'ta'o
729 1288 754 1334 S.
778 1289 803 1334 l'.
828 1290 855 1336 n.

220 1456 362 1510 Hortatur
376 1462 423 1517 ul,
438 1456 573 1527 despectis
587 1464 770 1525 granuuatiea
785 1465 900 1533 scliolis,
917 1467 950 1519 ad
968 1468 1127 1522 sublimiora

567 1556 687 1605 urentem
703 1552 796 1622 erigat.

233 1828 297 1895 llle
320 1824 375 1894 vir
391 1827 515 1909 clarus
530 1850 633 1920 quem
651 1829 804 1900 certatim
828 1829 980 1920 gandent
998 1843 1030 1901 el
1053 1833 1219 1921 genuisse

140 1947 312 2019 Florentia
334 1960 371 2017 ct
396 1948 558 2043 Neapolis
583 1951 776 2042 possidere,
796 1952 895 2021 cuius
914 1952 1069 2023 humeris
1087 1955 1131 2025 ad
1149 1957 1223 2045 glo-

141 2070 240 2154 riam,
264 2078 305 2139 ut
326 2070 497 2143 llerculeo
521 2073 697 2164 quondam
725 2075 781 2143 vel
806 2075 964 2144 Atlanteo
990 2078 1113 2146 colum
1141 2100 1221 2147 ver-

145 2192 215 2277 tici,
232 2213 305 2263 oon
327 2193 373 2263 ad
394 2216 544 2285 pinnam,
570 2205 605 2263 ut
626 2195 796 2285 giganteis
816 2198 918 2268 AEtna
936 2199 1147 2284 cervicibus,
1170 2201 1221 2270 in-

146 2314 274 2386 cumbit
295 2337 390 2385 nunc
416 2315 539 2407 ingens
560 2317 708 2389 trinacrii
728 2320 824 2409 regni
843 2324 963 2403 moles
984 2322 1048 2404 illc,
1069 2324 1218 2416 inquam,

146 2458 246 2509 manu
278 2458 346 2508 sna
371 2436 525 2507 mirificae
558 2440 759 2512 humilitatis
794 2443 895 2513 simul
929 2452 964 2513 et
997 2445 1219 2518 humanitatis

141 2562 322 2657 epistolam
345 2560 497 2654 scripsit,
520 2562 617 2632 cuius
641 2586 809 2657 unapars
836 2565 870 2634 in
896 2564 984 2635 hanc
1011 2570 1116 2638 lerme
1140 2593 1219 2640 sen-

139 2684 282 2755 tentiam
306 2682 433 2775 scripta
454 2693 542 2768 erat,
566 2698 611 2770 ut,
635 2696 714 2779 post
735 2688 862 2757 dictam
885 2687 968 2755 mihi
991 2688 1220 2759 honorificen-

140 2808 313 2878 tissimam
336 2808 491 2891 salutem,
515 2830 683 2899 supereo
705 2808 798 2898 quod
820 2808 863 2878 ad
888 2809 1019 2877 litteras
1037 2833 1134 2880 meas
1152 2834 1220 2882 non
1307 2892 1311 2900 ,

141 2928 400 3022 respondisset,
440 2929 571 2999 urbana
608 2929 789 2999 excusatio
830 2939 1046 3021 sequeretur,
1084 2935 1219 3026 culpam

141 3074 281 3125 omnem
315 3054 350 3122 in
384 3052 559 3123 Nicolaum
587 3051 802 3136 Aliliensem,
825 3050 1081 3145 Barbatnmqne
1103 3077 1218 3124 meum

142 3178 342 3252 reflectens,
365 3175 425 3267 qui
450 3196 544 3268 sape
565 3174 738 3268 requisiti,
763 3175 931 3245 auxiliare
959 3174 1024 3245 sibi
1049 3178 1218 3247 calamum

140 3302 388 3393 denegassent.
411 3298 514 3391 Atqui
537 3320 604 3389 ego
626 3298 669 3369 ab
690 3297 828 3368 homine
850 3320 994 3390 magnas
1016 3320 1073 3370 res
1094 3308 1220 3390 agente

142 3424 252 3495 verba
285 3443 498 3517 magnopere
531 3444 599 3492 non
628 3420 778 3513 requiro.
809 3422 884 3492 Scio
914 3436 1036 3505 tamen,
1059 3423 1218 3515 quamvis

105 3538 108 3542 ’
142 3548 215 3641 ipse
236 3546 282 3617 de
305 3568 344 3617 sc
378 3546 541 3616 humilius
563 3545 696 3627 sentiat,
719 3568 813 3626 eum,
837 3543 866 3615 si
896 3545 1106 3638 respondere
1128 3545 1219 3623 velit,

141 3670 256 3741 aliena
276 3690 342 3760 ope
363 3690 431 3738 non
451 3690 565 3759 egere.
588 3668 674 3738 lllud
701 3677 830 3751 autem,
858 3670 980 3752 fateor,
1010 3671 1115 3739 multo
1141 3689 1220 3759 gra-

143 3790 214 3862 tius
232 3792 345 3874 suerit,
367 3792 396 3860 si
417 3812 511 3861 more
530 3812 595 3861 suo
613 3791 728 3881 lingna
748 3802 867 3873 taceat,
889 3813 945 3861 res
966 3793 1157 3883 loquantur,
1176 3799 1218 3873 et,

140 3916 273 3986 calamo
299 3915 510 4007 quiescente,
533 3913 617 3982 mihi
650 3913 921 3984 clarissimorum
953 3936 1097 4005 operum
1131 3915 1221 3983 fama

142 4038 365 4132 respondeat.
388 4037 508 4128 Neque
529 4036 620 4106 enim
645 4037 677 4105 111
705 4036 886 4105 scribendo
903 4036 973 4127 egi,
995 4045 1032 4105 ut
1056 4037 1222 4128 eloquen-

143 4162 223 4231 tiam
244 4160 313 4231 viri
335 4159 441 4243 illins,
466 4160 528 4230 sed
559 4170 595 4230 ut
628 4157 916 4248 magnificentiam
937 4157 1137 4228 excitarem.
1164 4159 1222 4229 ,u-

144 4295 214 4353 tera
227 4292 317 4365 erat,
334 4289 372 4350 ut
393 4292 425 4351 te
448 4304 624 4352 moverem
644 4281 711 4351 iam
728 4280 878 4362 tandem,
895 4291 932 4351 ut
953 4280 1089 4352 scholas
1108 4302 1222 4372 gram-

144 4410 282 4479 matieae
303 4404 509 4487 dimitteres,
533 4427 645 4497 neque
668 4416 772 4474 totam
795 4402 898 4472 vitam
922 4403 956 4473 in
977 4403 1098 4475 Donati
1120 4425 1222 4491 regu-

148 4530 202 4616 lis,
231 4542 270 4602 ut
296 4528 403 4600 verbo
428 4531 504 4601 eius
538 4541 625 4611 utar,
649 4528 833 4600 amitteres.
867 4530 943 4598 Duo
976 4528 1051 4598 haec
1072 4528 1105 4594 in
1131 4523 1220 4593 illius
