2738 5062
338 669 430 718 umen
452 666 957 717 caestuscaestus-ermanus
978 669 1008 715 x.
1163 656 1223 718 lta

142 825 247 878 moue
261 802 335 875 utili
353 823 561 895 amoenoque
574 803 648 874 sine
664 803 897 885 contentione,
918 804 994 874 sine
1012 802 1130 893 iurgio,
1148 804 1223 876 sine

141 929 326 1010 anxietate,
350 925 425 996 sine
445 924 617 1009 molestia,
640 925 892 1019 deniquedulci
910 925 1071 996 convictu
1089 934 1124 994 ct
1141 924 1224 997 alla-

141 1049 272 1124 bilitate
293 1047 479 1120 conditum.
513 1046 601 1130 Quae
634 1047 727 1120 dictu
756 1047 848 1120 levia
880 1069 950 1117 nou
982 1047 1081 1119 lacile
1116 1047 1222 1120 rebus

140 1173 227 1270 ipsis
248 1171 449 1264 implentur,
469 1169 536 1241 nisi
557 1170 644 1241 lenis
665 1181 701 1241 et
718 1171 860 1242 immota
882 1170 1051 1243 serenitas
1072 1189 1224 1263 praeces-

141 1296 227 1369 scr'it
247 1294 441 1365 animorum
466 1295 586 1364 vultus
613 1314 653 1364 ac
677 1292 788 1364 verba
807 1295 1041 1365 formantium.
1064 1292 1155 1375 Quid
1179 1291 1224 1364 de

141 1417 242 1490 aliis‘l
261 1417 372 1500 Quam
394 1413 545 1498 lamulis,
567 1435 672 1506 quam
694 1414 844 1485 convivii
866 1415 1007 1486 domino
1027 1419 1140 1508 legem
1162 1436 1224 1508 po·

141 1561 237 1623 nam,
253 1536 318 1607 nisi
338 1547 375 1608 ut
392 1535 437 1606 illi
453 1535 567 1629 pauci,
583 1535 747 1617 humiles
765 1535 900 1619 soliciti,
916 1536 974 1606 ille
991 1559 1075 1609 vcro
1094 1539 1140 1607 sit
1156 1537 1224 1607 lar-

142 1680 218 1754 gus,
235 1657 299 1731 sed
317 1657 468 1741 sobrius,
488 1657 552 1728 sed
570 1656 684 1741 laetus,
701 1656 764 1728 sed
782 1656 1140 1751 moderamenque
1157 1659 1223 1729 cir-

140 1790 379 1875 cumspectus,
402 1779 542 1864 suavis,
566 1778 736 1865 urbanuS,
758 1780 927 1862 disertum
947 1779 1010 1851 sed
1027 1780 1086 1873 qui
1107 1789 1224 1853 tacere

141 1903 290 1989 noverit,
318 1913 355 1975 et
379 1901 442 1998 pro
468 1903 634 1997 qualitate
658 1901 836 1973 hominum
863 1912 924 1973 aut
949 1915 1142 1996 temporum
1163 1911 1225 1976 aut

142 2033 311 2111 locorum,
331 2025 429 2098 iactis
450 2024 541 2098 inter
556 2026 726 2097 convivas
742 2024 931 2098 verborum
951 2024 1144 2098 seminibus
1161 2048 1224 2099 au·

141 2152 215 2226 dire
234 2151 319 2246 quid
340 2151 673 2243 alii-colloquantur?
693 2152 776 2235 Haec
796 2160 831 2221 et
852 2151 881 2222 si
902 2171 984 2244 quae
1005 2150 1142 2224 suntid
1164 2170 1225 2244 ge-

141 2299 208 2350 nus
226 2276 319 2348 nulla
336 2295 384 2344 ex
400 2285 498 2369 parte
516 2294 661 2367 prorsus
683 2274 788 2344 attico
807 2294 964 2367 vereque
983 2273 1225 2370 philosophico

141 2397 303 2473 convivio
321 2406 380 2468 tuo
401 2395 557 2467 doluisse
577 2394 799 2480 crediderim,
817 2395 886 2467 nisi
907 2397 1001 2491 quod
1020 2408 1055 2470 tu
1073 2399 1224 2469 sortasse

140 2520 266 2594 lautior
282 2540 387 2612 quam
407 2516 538 2588 rustica
556 2526 676 2588 nosset
693 2516 896 2610 antiquitas:
915 2539 1125 2610 quamquam
1145 2527 1224 2587 tuas

141 2641 292 2716 lautitias
317 2639 448 2712 eximia
482 2636 668 2709 sobrietate
703 2647 739 2708 et
771 2638 940 2710 modestia
961 2640 1081 2730 plenas
1104 2636 1220 2706 sciam.

141 2766 212 2839 Sed
232 2765 290 2838 ubi
308 2787 377 2857 ego
397 2773 480 2834 tunc
500 2760 620 2833 eram‘l
636 2760 767 2832 Eadem
788 2769 881 2832 certe
902 2781 982 2852 quae
1004 2772 1041 2831 ut
1060 2757 1222 2830 abessem

141 2889 303 2971 iusserat,
325 2908 395 3003 quo
415 2905 485 2956 uno
507 2884 601 2955 licuit
614 2882 728 2966 modo,
749 2894 788 2955 ut
807 2883 882 2978 ipse
899 2903 1039 2976 quoque
1063 2900 1222 2977 praesens

140 2999 271 3094 esseni,
297 3011 433 3081 fortuna
464 3007 629 3102 providit:
660 3005 799 3102 quando
829 3014 910 3076 tunc
934 2998 1110 3098 praecipue
1141 3026 1222 3076 caro

141 3133 243 3207 caetui
264 3144 359 3206 ineas
381 3133 515 3205 invexit
535 3131 713 3225 epistolas
739 3129 867 3222 quibus
894 3127 1107 3221 geminatum
1134 3146 1223 3217 gau·

141 3256 237 3330 dium
257 3264 414 3328 vestrum
438 3253 572 3326 scribis.
597 3253 709 3325 Credo
726 3253 897 3346 equidem,
917 3272 1030 3345 neque
1047 3248 1146 3321 aliter
1164 3268 1223 3319 su·

142 3378 266 3474 spicari
286 3377 398 3453 fidelis
419 3376 578 3449 amicitiae
598 3376 728 3448 candor
749 3376 838 3449 sinit.
861 3376 954 3448 Vale.
