2738 5062
330 684 422 735 mnuu
445 681 945 743 oururusnscntus.-umsrouu
966 685 1028 733 ruv.
1156 675 1216 740 ³59

141 824 233 895 enim
262 823 390 892 Deum:
424 839 494 890 non
522 819 621 890 aliter
652 818 697 888 illi
728 819 805 890 viro
839 820 930 912 loqui
967 823 1089 894 solitus
1120 845 1215 896 eram

141 965 246 1037 quam
267 943 297 1013 si
318 940 490 1034 loquentis
517 948 555 1010 ut
580 937 702 1010 faciem
729 939 779 1010 sic
802 950 838 1011 et
864 952 1015 1013 mentem
1040 956 1214 1029 cerneret,

139 1064 302 1158 quamvis
331 1064 387 1133 ille
425 1084 481 1133 me
518 1063 722 1154 complexus
759 1062 989 1135 familiaritate
1017 1067 1215 1152 mitissima,

141 1188 287 1259 multum
313 1187 397 1257 mihi
430 1206 567 1280 semper
601 1186 796 1258 securitatis
829 1188 1026 1279 ingesserit.
1061 1192 1132 1263 Sed
1157 1214 1217 1264 ue·

140 1309 213 1380 scic
244 1308 329 1400 quid
366 1309 400 1378 in
438 1307 495 1379 illo
532 1304 672 1377 homine
704 1304 863 1379 divinum
889 1319 978 1391 erat,
1010 1310 1105 1402 quud
1137 1333 1217 1382 cum

142 1429 293 1500 maxime
309 1429 367 1500 ille
387 1449 465 1500 sese
483 1426 564 1498 mihi
584 1426 718 1497 facilem
735 1447 777 1499 ac
793 1429 1005 1520 morigerum
1023 1443 1215 1521 praestaret,

141 1560 253 1621 mmeu
272 1570 327 1620 me
349 1550 459 1640 magis
476 1547 660 1640 magisque
675 1546 963 1619 venerabundum
980 1558 1016 1620 et
1034 1550 1216 1622 attonitum

142 1669 304 1741 habebat.
318 1667 459 1740 Solebat
474 1668 529 1737 ille
547 1689 672 1738 nomen
691 1689 808 1739 meum
828 1689 921 1762 saepe
939 1670 1023 1741 dum
1037 1669 1214 1755 adessem,

141 1790 272 1883 saepius
295 1790 381 1863 dum
406 1789 583 1870 abessem,
606 1788 701 1858 veris
726 1788 857 1861 utinam
883 1790 1045 1862 laudibus
1071 1813 1216 1864 ornare:

142 1913 234 1984 uude
259 1911 342 1982 mihi
362 1920 398 1982 et
416 1908 583 2001 gaudium
603 1921 639 1980 et
660 1910 822 1982 stimulus
842 1933 912 1982 uon
933 1932 1063 2004 parvus
1084 1912 1129 1984 ad
1144 1915 1219 2005 glo-

141 2035 236 2116 riam,
256 2034 319 2106 sed
337 2035 447 2104 multo
468 2031 576 2103 maior
592 2043 669 2103 erat
684 2030 865 2104 admiratio
880 2055 952 2126 quo
968 2041 1069 2126 pacto
1085 2055 1216 2118 coecus,

142 2167 180 2228 ut
199 2155 309 2238 aiunt,
332 2177 429 2227 amor
450 2154 528 2225 talis
549 2153 652 2224 etiam
676 2155 830 2247 tantique
854 2155 920 2225 viri
941 2155 1106 2227 iudicium
1132 2154 1219 2227 obli-

140 2285 296 2370 quasset.
318 2276 396 2348 Fuit
415 2277 470 2347 ille
491 2275 574 2345 mihi
595 2275 679 2348 dum
702 2276 797 2348 licuit
815 2275 1142 2368 indulgentissimus
1158 2300 1220 2371 pa-

143 2410 209 2482 ter,
235 2406 271 2468 et
296 2397 516 2491 profundius,
542 2417 647 2489 quam
673 2396 860 2490 quisquam
876 2398 1010 2490 opinari
1031 2408 1164 2492 posset,
1183 2400 1218 2469 in

143 2519 221 2592 eius
252 2539 416 2590 arcanum
444 2516 540 2588 velut
564 2516 599 2586 in
624 2517 750 2589 Sancta
770 2519 975 2591 Sanctorum
1005 2519 1216 2603 introieram,

145 2642 236 2713 unde
254 2650 422 2734 perpetuo
438 2649 475 2711 et
490 2641 566 2734 ipse
587 2639 669 2711 mihi
688 2663 766 2713 sum
786 2643 906 2723 carior,
924 2653 961 2713 et
980 2643 1025 2714 de
1042 2642 1100 2714 illo
1118 2664 1219 2715 secu-

143 2763 216 2835 rius
239 2742 372 2856 loquor.
399 2760 540 2833 Amavit
575 2761 630 2832 ille
655 2784 711 2832 me
736 2764 862 2834 vivens
888 2772 927 2834 ut
951 2763 1010 2856 qui
1034 2762 1071 2832 in
1096 2762 1219 2856 spiritu

143 2885 281 2957 videret
292 2885 358 2956 mei
375 2883 525 2978 pectoris
540 2882 710 2963 ardorem,
730 2905 795 2954 nec
812 2892 895 2976 puto
913 2883 1125 2977 propositum
1142 2884 1219 2957 eius

145 3027 230 3097 erga
252 3027 335 3078 suos
355 3016 465 3078 morte
492 3004 651 3099 tepuerit.
677 3005 860 3098 Nunquam
887 3004 970 3075 mihi
996 3015 1090 3077 tauta
1110 3005 1155 3078 de
1180 3005 1220 3076 il-

147 3130 216 3200 lius
234 3149 301 3221 ope
319 3128 383 3199 luit
402 3150 493 3224 spes,
512 3139 641 3221 quanta
661 3125 763 3197 hodie
780 3136 843 3211 est,
861 3127 1003 3219 quando
1020 3148 1088 3197 non
1105 3126 1221 3199 minus

147 3252 242 3322 illum
263 3251 368 3335 velle,
395 3249 459 3322 sed
485 3251 564 3343 plus
590 3269 693 3342 posse
716 3246 862 3320 confido.
891 3249 936 3319 Et
961 3248 1042 3340 quia
1066 3246 1221 3319 virorum

147 3373 331 3447 illustrium
345 3375 403 3444 vel
416 3374 490 3445 sola
507 3371 700 3444 recordatio
716 3370 828 3443 dulcis
846 3379 909 3455 est,
928 3369 1087 3441 insistam
1105 3367 1140 3439 in
1158 3370 1223 3442 hoc

149 3514 309 3569 sermone
334 3493 477 3566 diutius.
499 3492 616 3566 limari
640 3493 686 3563 ab
709 3492 767 3564 illu
790 3514 962 3586 coeperam
988 3492 1118 3585 aliquot
1141 3501 1223 3564 ante

148 3636 268 3698 anuos,
289 3636 369 3686 cum
390 3615 426 3684 iu
445 3613 655 3707 quibusdam
676 3614 854 3709 opusculis
876 3615 949 3687 suis
970 3616 1152 3686 consulere
1172 3614 1225 3685 di-

150 3743 277 3827 guatus
297 3736 474 3826 ingenium
497 3757 627 3821 meum,
650 3735 844 3808 invenisset
864 3736 1036 3810 interdum
1057 3738 1144 3807 sorte
1163 3734 1225 3806 ali-

148 3857 234 3949 quid
246 3857 340 3949 quod
353 3856 523 3952 probaret,
541 3880 608 3930 uon
620 3858 715 3950 quod
729 3868 845 3931 tantus
859 3859 985 3930 artilex
997 3857 1055 3929 tali
1067 3856 1227 3951 operario

150 3990 286 4070 egeret3
300 3979 363 4051 sed
375 3979 571 4051 delectabat
583 4001 664 4051 eum
677 3983 833 4072 colloqui,
847 3991 883 4051 et
895 3981 1062 4050 maiorum
1077 3978 1225 4068 ingenia,
1303 4052 1306 4057 ,

152 4108 190 4171 ut
208 4121 283 4172 mos
304 4111 371 4184 est,
394 4103 497 4191 longe
518 4100 593 4170 aliis
620 4100 713 4169 curis
738 4099 1007 4191 occupabantur.
1030 4098 1229 4171 Novissime

152 4244 238 4294 vero
258 4223 303 4294 ad
328 4223 510 4295 ecclesiam
534 4219 729 4291 venientem
758 4220 912 4313 suscepit
937 4242 991 4293 me
1011 4217 1155 4313 paterne
1175 4223 1230 4293 ille
1268 4240 1271 4246 ·

154 4345 258 4417 humo
279 4344 355 4429 Dei,
381 4344 474 4436 quod
494 4342 539 4413 de
565 4341 749 4414 Ambrosio
776 4363 841 4413 suo
866 4342 914 4413 ait
939 4343 1169 4434 Augustinus,
1196 4352 1232 4412 et

153 4468 465 4559 peregrinationem
489 4484 601 4536 meam
620 4463 706 4535 satis
723 4464 961 4559 episcopaliter
977 4465 1108 4540 dilexit.
1128 4464 1230 4534 Deni-
