2738 5062
185 636 224 697 bl
527 645 568 692 ua
588 642 688 692 nauus
709 642 930 692 rnurnrnruuos

187 788 242 836 me
269 775 304 834 el
321 771 490 856 quantum
517 760 705 850 inlelligere
726 759 821 853 potui
849 757 929 830 lotis
954 757 1060 829 animi
1086 756 1204 828 nervis
1228 779 1271 829 ac

185 885 321 957 viribus
343 906 398 954 me
421 891 522 975 teque
543 881 656 975 ipsum
678 879 723 950 ad
749 881 945 952 solitudinis
969 879 1121 951 studium
1146 878 1270 951 cohor-

186 1018 344 1079 ramses.
358 1006 452 1076 Bene
473 1003 635 1096 loqueris,
654 1002 773 1087 amice,
794 1003 992 1095 prudenter,
1014 1000 1171 1088 fideliler,
1189 1024 1270 1094 gra-

185 1127 290 1210 viter,
314 1124 508 1197 salubriter.
536 1125 586 1194 lta
605 1125 698 1194 enim
725 1124 848 1207 sentio,
875 1145 943 1194 non
970 1122 1109 1214 quidem
1131 1123 1167 1193 in
1192 1123 1270 1193 uni-

184 1270 290 1320 verso
307 1247 437 1340 aliquid
454 1247 636 1330 diffiniens,
657 1246 719 1317 sed
735 1246 780 1317 de
797 1243 898 1316 nobis
917 1246 1069 1336 loquens
1088 1245 1150 1316 vix
1167 1254 1269 1316 extra

184 1370 403 1443 solitudinem
421 1390 525 1463 posse
543 1389 608 1438 nos
626 1367 714 1438 bene
732 1366 862 1450 vivere,
877 1365 967 1437 bene
980 1366 1080 1450 mori,
1096 1387 1161 1437 nec
1172 1377 1269 1439 certe

183 1494 300 1565 minus
323 1494 390 1564 iam
413 1492 457 1562 de
478 1499 588 1565 morte
609 1512 715 1581 quam
736 1489 782 1560 de
802 1489 886 1572 vila,
907 1509 972 1559 nec
992 1488 1108 1559 minus
1128 1488 1174 1561 de
1199 1499 1269 1561 ter-

184 1616 277 1686 mino
297 1635 403 1706 quam
429 1612 474 1684 de
500 1611 613 1683 stadio
638 1609 872 1701 cogitandum.
893 1611 1024 1682 Natura
1049 1611 1121 1683 dux
1148 1621 1268 1684 nostra

184 1759 248 1809 nos
269 1735 441 1807 solitarios
462 1734 552 1804 lecit.
574 1732 666 1817 Quid
684 1734 956 1823 tergiversamur
976 1744 1011 1804 ot
1030 1731 1190 1825 obliquas
1210 1755 1267 1804 se-

183 1860 324 1952 quimur
349 1858 451 1929 vias‘l
470 1856 546 1927 Non
573 1876 637 1925 nos
661 1857 756 1927 fallat
780 1855 946 1946 longioris
973 1854 1055 1925 vilae
1082 1876 1180 1947 speS,
1206 1865 1268 1927 aut

184 1981 268 2053 illud
300 1979 507 2052 Davidicum
542 1977 636 2069 quod
661 1976 931 2048 innumerabiles
963 1976 1031 2048 iam
1064 1978 1195 2063 fefellit,
1220 1978 1266 2051 de

183 2103 283 2173 annis
310 2100 542 2193 septuaginta,
571 2100 626 2169 vel
656 2101 691 2169 in
716 2098 950 2194 potentatibus
980 2099 1164 2190 octoginta.
1189 2102 1265 2175 Nou

183 2219 341 2293 obluctor
361 2220 562 2314 prophetae:
585 2242 670 2290 vera
691 2232 772 2292 sunt
791 2221 919 2305 omnia,
940 2221 1004 2293 sed
1024 2221 1135 2292 maior
1155 2221 1266 2295 bomi-

184 2367 267 2415 num
294 2365 376 2437 pars
402 2341 729 2435 quinquagesimum
754 2365 823 2413 non
854 2342 1002 2434 attingit.
1036 2344 1129 2428 Quot
1159 2347 1264 2421 millia

183 2464 461 2556 occupationum,
489 2472 575 2554 quot
599 2471 791 2555 coeptorum
817 2486 962 2558 pompas
987 2464 1045 2537 illa
1065 2465 1265 2561 pmphetiea

185 2585 367 2679 interrupit
392 2584 593 2656 auctoritas:
609 2583 693 2655 dum
715 2585 809 2677 quod
827 2585 885 2657 ille
903 2598 1104 2658 extremum
1130 2591 1262 2682 posuit,

185 2728 247 2778 nos
268 2708 370 2800 quasi
392 2706 543 2779 medium
566 2708 743 2800 ponimuS,
765 2718 801 2779 et
820 2710 915 2802 quod
936 2712 992 2782 ille
1013 2711 1132 2804 paucis
1158 2722 1265 2807 atque

182 2832 380 2915 vivacibus,
408 2852 472 2902 nos
497 2830 658 2902 omnibus
684 2832 896 2925 pollicemur.
919 2832 1065 2904 Cessent
1086 2856 1169 2927 spes
1189 2835 1265 2908 ina-

182 2975 261 3025 nes:
284 2975 385 3026 nemo
406 2974 469 3024 nos
489 2954 597 3024 sallat:
620 2953 725 3024 immo
745 2976 831 3025 vero
854 2956 1087 3047 nosmetipsos
1110 2980 1179 3029 non
1200 2958 1264 3029 sal-

182 3077 304 3161 lamus,
327 3099 440 3168 neque
461 3075 562 3146 nobis
582 3075 715 3147 accidat
735 3075 996 3149 Ciceronianam
1018 3079 1102 3150 illud
1124 3080 1182 3151 ubi
1201 3081 1262 3154 ait:

182 3198 307 3268 Metelli
325 3212 433 3287 sporo!
455 3197 518 3264 sibi
536 3197 671 3283 quisquc
689 3198 869 3283 fortunam.
891 3200 1019 3271 Potens
1040 3212 1096 3272 est
1114 3202 1262 3294 quidem

180 3321 273 3389 Deus
292 3316 408 3387 omnia
428 3314 618 3406 singularia
635 3324 740 3408 atque
760 3318 944 3410 magnifica
960 3319 1061 3394 nobis
1081 3323 1183 3395 dare:
1200 3345 1263 3395 uo-

181 3439 235 3510 bis
256 3449 371 3510 lamen
391 3448 427 3509 et
443 3458 506 3531 pro
523 3447 642 3509 nostra
660 3438 883 3511 modestiaet
903 3465 966 3534 pro
978 3444 1152 3515 communi
1167 3455 1261 3517 sorte

181 3560 359 3632 hominum
373 3561 417 3634 de
433 3559 677 3632 communibus
698 3562 919 3655 cogitandum
939 3574 1005 3636 est.
1020 3566 1088 3638 Sed
1102 3575 1179 3638 esto
1193 3590 1201 3634 :
1216 3567 1262 3639 sit

180 3684 252 3754 vita
272 3683 484 3774 longissima.
512 3681 687 3765 Quantum
710 3697 824 3757 lamen
850 3684 895 3756 ab
920 3697 1078 3758 extremo
1102 3685 1261 3759 absimus

180 3807 279 3877 facile
299 3806 504 3899 perpendes
527 3806 555 3876 si
577 3809 695 3879 oculos
714 3807 748 3877 in
771 3816 868 3899 terga
894 3808 1091 3892 reflexeris,
1113 3817 1150 3879 et
1176 3831 1261 3880 ven-

180 3938 296 3999 turum
330 3938 465 4023 tempus
493 3928 604 4000 metiri
638 3931 787 4024 coeperis
818 3930 1048 4003 aestimatione
1081 3929 1258 4024 praeteriti.

178 4050 280 4133 Quod
297 4061 411 4122 aulem
437 4051 482 4123 ad
508 4049 586 4136 boc,
609 4053 711 4143 quasi
741 4075 808 4123 non
831 4054 907 4125 leve
932 4052 1150 4145 praesidium,
1177 4053 1260 4125 vila>

179 4171 343 4242 solitariae
363 4171 488 4245 librum
505 4173 607 4266 potis,
627 4195 671 4244 ne
691 4173 758 4245 dici
776 4172 917 4264 quidem
936 4195 1025 4266 opus
1046 4182 1131 4246 erat.
1152 4173 1260 4255 Quid-

178 4293 322 4387 quidex
340 4295 405 4365 boc
423 4294 562 4386 ingenio
575 4292 816 4388 depromptum
833 4306 868 4366 el
887 4295 946 4366 tibi
960 4295 1259 4391 promptissimum

178 4418 258 4500 urit,
283 4416 349 4488 etsi
371 4417 403 4487 in
426 4415 600 4510 publicum
627 4416 781 4488 nondum
804 4417 886 4490 illud
906 4418 1046 4500 exierit,
1075 4428 1111 4488 ut
1137 4416 1257 4489 sileam
