2738 5062
141 699 179 759 76
482 706 524 754 ns
541 705 641 754 annus
662 703 885 754 rlnurnmnus

140 841 354 916 suavissimo
373 841 500 911 Christi
518 839 600 931 iugo
620 841 707 912 colla
728 838 930 910 subieceris.
958 838 1051 922 Quid
1075 839 1123 912 do
1147 841 1225 913 aliis

139 964 277 1037 dicam?
296 963 391 1056 quod
411 962 496 1033 illud
512 960 849 1032 adulationis'latens
868 960 956 1031 inter
977 960 1096 1032 dulcia
1119 984 1227 1035 veno·

140 1107 237 1168 num,
271 1105 389 1155 coram
414 1081 638 1154 arridentium
666 1091 829 1174 retroque
860 1081 1121 1153 mordentium?
1144 1078 1227 1177 quac

140 1205 258 1276 illude
278 1215 479 1275 transverso
499 1205 601 1273 larnae
622 1203 783 1286 vulnera,
807 1201 947 1273 incertis
959 1201 1178 1289 auctoribus,
1191 1212 1228 1276 et

140 1325 290 1397 emedio
311 1325 409 1415 vulgi
429 1325 503 1395 acie
521 1325 611 1394 clam
624 1323 770 1393 iaculata
783 1321 964 1394 convicia‘l
975 1344 1060 1415 quae
1071 1322 1132 1395 illa
1143 1346 1227 1397 ava·

141 1444 371 1529 ritiaerabies,
394 1445 529 1515 animos
550 1442 741 1526 efferentis,
762 1443 947 1536 omnisque
966 1442 1080 1514 divini
1098 1455 1137 1519 et
1162 1445 1228 1518 hu·

140 1568 233 1640 mani
254 1567 341 1638 iuris
357 1566 566 1638 oblivionem
581 1564 781 1660 pestiferam
797 1566 997 1637 afferentis?
1010 1548 1097 1638 llaec
1108 1568 1228 1641 de'cn·

142 1689 316 1760 ratoribus
336 1688 522 1780 praedones
537 1687 657 1758 efficit:
674 1694 870 1759 extremum
886 1696 1004 1759 autem
1017 1688 1100 1760 rn'ali
1113 1712 1227 1781 genus

140 1819 211 1895 est,
237 1810 321 1882 dum
348 1810 511 1881 remediis
536 1808 673 1879 aconita
694 1808 893 1881 miscentur.
916 1808 1027 1901 Eligis
1048 1810 1228 1885 hominem

140 1932 241 2004 cuius
262 1928 331 2004 lide
352 1931 440 2001 inter
461 1928 641 2001 hominum
658 1930 812 2001 fallacias
830 1929 880 2000 sis
902 1939 1014 2012 tutus;
1035 1931 1094 2003 ille
1107 1940 1143 2003 te
1156 1931 1227 2027 pri·

142 2076 238 2125 mum
258 2053 352 2124 fallit.
378 2051 469 2134 Quid
489 2051 570 2122 huic
596 2050 729 2122 consilii
755 2051 897 2144 capias‘l
916 2061 965 2136 et,
986 2061 1027 2124 ut
1047 2052 1227 2150 satyricus

144 2172 204 2256 ait,

386 2327 455 2406 quis
472 2326 622 2391 custodiet
638 2329 720 2406 ipsos
735 2328 898 2392 custodes?

145 2538 227 2607 Haec
243 2555 309 2605 nos
325 2533 436 2627 pestis
451 2532 499 2604 ab
513 2532 655 2603 insontia
672 2534 901 2625 persequitur.
920 2534 987 2605 Seu
1006 2538 1150 2611 fortuna
1166 2560 1227 2613 sou

144 2657 346 2752 simplicitas
363 2665 483 2728 nostra
499 2663 564 2739 est,
583 2655 821 2726 adolescentes
840 2656 913 2740 soli,
929 2657 1098 2732 incuriosi
1110 2673 1147 2735 et
1158 2661 1227 2755 opti

143 2779 279 2852 iniuriae
301 2778 366 2851 risi
381 2800 515 2850 sumus.
530 2777 661 2848 Tritum
681 2777 888 2849 assiduitate
908 2778 1137 2868 proverbium
1158 2791 1226 2855 ost:

142 2903 288 2976 Occasio
303 2903 383 2975 lacit
395 2905 519 2974 forem.
533 2901 618 2972 Haec
634 2922 698 2970 nos
716 2901 831 2985 frater,
845 2911 885 2970 ut
902 2902 1010 2971 semel
1027 2905 1226 2996 expediam,

142 3028 187 3099 de
204 3026 371 3099 divitibus
392 3026 514 3118 inopes
535 3025 622 3104 lecit,
638 3022 742 3094 immo
757 3034 858 3107 certe,
873 3023 969 3114 quod
980 3022 1093 3095 divini
1106 3048 1228 3099 munc-

142 3150 191 3220 ris
212 3146 506 3238 recognoscimus,
528 3145 573 3216 de
593 3142 872 3236 occupatissimis
892 3144 1035 3228 otiosos,
1054 3147 1102 3219 de
1119 3149 1229 3244 impe·

141 3265 326 3337 ditissimis
343 3263 540 3355 expeditos.
562 3260 721 3336 Accessit
740 3264 834 3358 quod
859 3286 981 3337 omnes
1002 3269 1064 3361 qni
1085 3291 1127 3343 se
1148 3292 1228 3367 spo-

143 3386 198 3455 liis
219 3385 348 3456 nostris
373 3393 624 3469 oneraverunt,
650 3383 750 3457 brevi
775 3385 915 3477 quidem
941 3387 1054 3482 ipsius
1075 3391 1226 3465 lortunae

142 3505 303 3577 manibus
329 3525 516 3589 excussos
546 3506 603 3577 vel
630 3506 730 3597 gravi
759 3505 881 3578 morbo
901 3523 1143 3604 consumptos,
1171 3515 1227 3587 vol

142 3629 271 3700 misera
315 3636 492 3700 senectute
529 3629 734 3719 languentes
768 3627 933 3700 vidimus.
967 3629 1039 3702 Neo
1077 3655 1226 3726 parvum

141 3753 277 3821 iniuriae
294 3753 450 3821 solamen
470 3749 555 3820 ultio
571 3759 635 3832 est,
651 3750 731 3819 lieo
751 3748 941 3841 praesertim
963 3763 1123 3840 auctore,
1146 3778 1227 3828 oon·

143 3870 289 3962 tingens.
317 3869 409 3954 Quid
429 3869 541 3941 dicam
563 3869 691 3942 dolori
713 3890 754 3941 ac
774 3869 884 3941 litium
910 3881 1227 3972 tempestateque

141 3993 225 4062 mihi
245 4014 315 4064 non
340 3993 473 4066 curiam
496 3993 602 4063 modo
629 3990 694 4062 scd
720 3999 888 4061 terrarum
916 3992 1036 4065 orbem
1063 3997 1226 4071 odiosum

139 4115 252 4186 lacere
276 4125 399 4210 potens
425 4117 504 4185 est?
529 4113 621 4196 Quid
645 4111 691 4182 de
710 4109 802 4192 aliis,
825 4133 907 4203 quae
928 4126 1055 4205 praeter
1077 4133 1226 4193 mortem

140 4236 350 4327 gravissima
375 4234 584 4318 iudicantur,
607 4231 818 4323 captivitatis
839 4233 1117 4331 insidiarumque
1136 4243 1228 4336 peri-

139 4358 242 4441 culis,
269 4357 385 4450 qualia
411 4357 517 4428 multa
541 4356 622 4428 olim
648 4363 741 4424 terra
768 4356 960 4448 pelagoque
985 4360 1227 4450 pertulimus?

139 4477 296 4562 Quorum
316 4477 597 4549 commemoratio
617 4486 796 4567 stuporem
818 4473 900 4543 mihi
919 4488 1065 4549 renovat
1085 4490 1123 4552 et
1144 4480 1226 4554 iror-
