2738 5062
190 658 249 722 256
528 672 569 719 ns
591 671 691 720 nunus
711 671 930 721 annuncians

193 841 208 878 »
238 813 303 884 viri
335 811 474 905 optimi?
503 809 594 895 Quid
626 810 814 895 rebellatis,
848 810 932 904 quid
965 809 1205 902 transfugitis‘?
1224 810 1263 882 ln

195 962 211 998 n
237 932 338 1006 vobis
359 932 565 1024 regnabam,
594 934 628 1003 iu
653 933 754 1005 vobis
771 931 985 1017 habitabam,
1013 932 1159 1005 tentoria
1175 930 1263 1003 fixe-

193 1084 210 1125 s
237 1078 313 1129 ram
327 1058 361 1127 in
376 1055 492 1127 vobis:
510 1078 576 1147 ego
590 1057 734 1147 gloriam
748 1055 849 1128 vobis
862 1055 1076 1139 addideram,
1091 1075 1156 1126 vos
1170 1054 1262 1124 mibi.

196 1207 209 1244 n
239 1179 324 1262 Quis
352 1201 408 1248 me
436 1178 480 1248 de
512 1156 627 1248 medio
655 1188 813 1250 vestrum
833 1178 976 1270 expulit,
998 1176 1076 1270 quis
1096 1176 1266 1248 disiunxit

196 1330 208 1366 ι
240 1302 434 1384 unanimes,
457 1310 505 1383 ct,
529 1312 567 1371 ut
584 1301 720 1393 proprie
739 1301 865 1384 dicam,
889 1300 933 1372 de
953 1322 1022 1371 uno
1042 1300 1157 1371 auimo
1177 1299 1264 1372 duos

194 1452 209 1488 n
238 1427 343 1498 lecit?
361 1423 483 1496 Redite
503 1423 538 1494 in
559 1444 624 1494 vos
645 1424 746 1495 etad
767 1445 821 1495 me
839 1423 963 1508 redite,
986 1445 1111 1515 meque
1132 1423 1178 1495 ad
1198 1444 1262 1494 vos

194 1575 210 1611 n
239 1549 441 1620 redeuntem
467 1545 651 1630 admittite,
679 1546 754 1617 siue
780 1567 850 1638 quo
877 1567 1050 1639 nusquam
1076 1545 1167 1618 bene
1189 1545 1264 1617 erit.

197 1696 212 1732 n
240 1667 360 1740 Redite
381 1670 415 1739 in
436 1668 597 1761 gratiam,
619 1668 655 1737 in
675 1667 896 1760 colloquium,
924 1668 960 1740 in
987 1669 1183 1763 amplexus,
1204 1668 1265 1739 de
1296 1749 1300 1757 .

194 1821 209 1855 r
238 1802 337 1864 xtras
363 1791 567 1885 animosque
589 1794 802 1884 coniungite,
822 1792 946 1863 iterum
965 1813 985 1862 e
1002 1790 1140 1864 duobus
1159 1812 1265 1861 uuum

196 1945 212 1980 »
238 1917 383 1988 conflate
413 1915 577 1988 animum.
598 1916 670 1987 Hoc
697 1915 860 1986 virtutem
881 1924 1035 1985 vestram
1055 1913 1174 1996 decet,
1202 1911 1266 1984 hoc

195 2066 210 2101 n
239 2039 385 2109 alienam
405 2038 566 2122 delectat,
589 2038 655 2110 hoc
676 2037 794 2131 patriae
809 2036 967 2130 expedit,
990 2035 1056 2107 hoc
1077 2034 1189 2105 bonos
1206 2036 1289 2106 lae-'

196 2187 212 2223 n
240 2159 356 2242 tificat,
378 2159 445 2231 hoc
462 2159 625 2232 terrificat
646 2162 842 2232 sceleratos.
864 2157 930 2243 Qui
950 2159 996 2230 de
1021 2166 1141 2229 vestro
1161 2156 1264 2229 dissi-

199 2306 213 2343 »
241 2280 298 2350 dio
319 2301 399 2372 spes
424 2281 571 2351 nefarias
600 2290 842 2372 conceperunt,
869 2278 1062 2374 concipiant
1079 2279 1124 2350 de
1149 2289 1266 2349 vestra

196 2428 212 2466 n
241 2399 531 2498 redintegratione
552 2402 779 2472 formidinem.
803 2402 904 2473 Certe
920 2402 950 2472 si
970 2402 1095 2474 acriter
1120 2401 1267 2473 intendi·

197 2551 213 2589 ι»
243 2523 296 2608 tis,
309 2524 337 2593 is
351 2545 467 2594 rerum
479 2532 676 2593 vestrarum
685 2533 796 2593 status
806 2535 870 2605 est,
880 2533 918 2593 ut
929 2523 1186 2616 quodammodo
1198 2524 1269 2595 sive

199 2677 215 2712 n
242 2645 439 2720 volentibus
453 2645 528 2717 sive
539 2644 734 2716 nolentibus
748 2645 859 2729 vobis,
873 2646 908 2715 in
920 2645 1077 2717 eiusdem
1090 2647 1198 2738 regiae
1213 2667 1272 2740 pe

199 2800 215 2835 n
242 2767 1269 2861 netralibusbabitandumsitQuautoautemsereniorquan-

201 2924 216 2960 n
246 2905 350 2988 toque
369 2892 582 2987 tranquillior
602 2893 672 2964 vita
693 2891 769 2977 erit,
792 2891 902 2985 pulsis
919 2891 1048 2962 irarum
1068 2888 1220 2975 nebulis,
1242 2888 1271 2960 si

200 3047 216 3083 n
244 3040 331 3113 quas
348 3020 435 3089 forte
454 3016 556 3088 vobis
577 3014 834 3108 impurissimus
848 3034 1076 3086 susurronum
1094 3011 1200 3084 ssatus
1220 3013 1273 3083 iu-

200 3168 216 3204 »
244 3139 402 3211 vexerit?
419 3139 458 3210 ld
478 3148 516 3209 ut
531 3137 710 3231 optimum,
730 3137 781 3208 sic
801 3137 939 3208 minime
956 3156 1154 3232 operosum.
1172 3136 1273 3208 llaud

201 3292 216 3327 n
244 3263 404 3354 equidem
432 3260 540 3332 maior
565 3258 847 3330 reconciliationis
868 3280 974 3330 causa
994 3259 1057 3329 luit
1077 3259 1153 3330 sive
1173 3259 1274 3351 quiu-

202 3411 218 3448 n
246 3381 440 3475 quennalis,
472 3382 547 3452 sive
580 3403 694 3453 annua
722 3392 758 3453 et
787 3382 967 3453 semestris
993 3403 1163 3466 censura,
1195 3401 1275 3474 quae

203 3533 218 3569 a
247 3503 419 3573 AEmilium
438 3504 603 3595 Lepidum
625 3515 660 3575 et
680 3504 838 3574 Flaccum
859 3503 1018 3574 Fulvium
1039 3502 1275 3574 recouiunxit:

203 3654 219 3694 a
248 3649 313 3698 nec
326 3625 434 3697 maior
447 3625 536 3697 Livii
554 3611 753 3699 Salinatoris
771 3637 806 3696 et
823 3625 955 3698 Claudii
971 3624 1118 3696 Neronis
1137 3646 1276 3696 annuus

204 3781 220 3819 n
247 3751 461 3831 consulatus
483 3748 541 3842 qui
562 3746 735 3818 oblivione
752 3747 929 3820 leuissima
945 3759 1096 3819 atrocem
1114 3746 1278 3818 oblitera-

206 3904 221 3940 t
249 3876 300 3943 vit
331 3873 502 3956 iniuriam,
538 3892 640 3964 quam
661 3878 779 3943 vestra
804 3880 859 3943 est
883 3894 951 3943 non
971 3870 1076 3942 huius
1102 3880 1162 3942 aut
1188 3869 1279 3940 illius

206 3995 365 4080 »oflicii
389 3996 453 4067 sed
476 3994 581 4066 tutius
614 3994 697 4065 vitae
731 4018 800 4066 non
832 4005 911 4066 aute
940 3992 1042 4065 finem
1072 3991 1278 4086 deponenda

206 4148 222 4183 ι)
251 4121 415 4202 societas3
435 4141 499 4189 nec
524 4116 694 4210 potentior
709 4117 860 4189 Africani
878 4115 1072 4211 Superioris
1092 4126 1128 4186 et
1149 4114 1275 4188 Tiberii

208 4269 224 4306 n
252 4239 396 4311 Gracchi
413 4263 545 4324 mensa,
559 4254 639 4332 quae
659 4261 748 4332 quos
769 4239 888 4311 hostes
909 4250 1089 4331 acceperat
1109 4260 1178 4310 nou
1205 4248 1283 4310 tau·

210 4392 226 4429 n
255 4372 327 4434 tum
346 4363 494 4435 amicitia
511 4364 636 4451 veteri,
657 4363 719 4435 scd
735 4386 825 4436 nova
841 4365 943 4436 etiam
957 4360 1121 4435 affinitate
1138 4362 1281 4435 coniun-

211 4514 228 4552 υ
255 4499 328 4559 ctos
350 4483 636 4578 reddiditquam
654 4499 772 4558 vester
791 4487 956 4559 assiduus
976 4486 1168 4559 convictus.
1188 4481 1275 4569 Quid
