2738 5062
336 671 429 720 LIBER
450 668 948 729 Quinuusbscrllus-sels'ronl
969 671 1032 719 xlv.
1161 658 1214 720 361

141 807 302 902 quietem,
324 804 368 877 de
390 813 500 876 morte
521 803 566 876 ad
586 804 701 886 vitam,
721 803 765 876 de
785 803 1032 897 temporalibus
1052 806 1219 877 aerumuis

141 929 185 1002 ad
206 939 374 999 aeternam
391 924 639 997 beatitudinem
657 925 886 996 transivisse?
906 926 1057 997 Rursum
1079 949 1143 997 neu
1159 949 1219 998 ve·

142 1063 216 1123 tare
236 1048 349 1121 audeo
376 1048 562 1141 quominus
581 1048 748 1119 damnum
766 1048 923 1118 ecclesiae
943 1058 1075 1119 tantum
1096 1060 1217 1120 ettam

140 1170 364 1266 irreparabile
383 1170 540 1240 doleatis.
569 1168 657 1239 lllud
687 1168 720 1236 in
745 1190 816 1260 qno
841 1190 958 1240 errare
984 1190 1052 1241 nun
1074 1192 1217 1263 possum

140 1295 261 1366 hortor
277 1302 383 1385 utque
398 1291 545 1363 obsecro
563 1300 601 1361 nt
617 1290 729 1361 Patris
747 1292 855 1362 nostri
873 1292 1072 1362 memoriam
1088 1291 1219 1363 haben-

140 1428 194 1488 tos
215 1436 281 1485 nec
307 1413 457 1505 vestigia
487 1412 692 1484 deserentes
719 1411 932 1502 Religionem
959 1415 1090 1498 colere,
1112 1429 1219 1485 eaere-

140 1535 275 1608 monias
295 1534 341 1605 ab
360 1555 402 1604 eo
428 1533 571 1604 traditas
591 1533 793 1616 observare,
815 1532 1002 1604 abeodem
1023 1545 1134 1627 coepta
1160 1556 1219 1627 pe-

142 1678 278 1748 ragere,
301 1667 441 1751 peracta
465 1654 641 1726 custodire
663 1654 840 1735 nitamini;
867 1664 974 1745 utque
999 1655 1101 1727 etiam
1124 1658 1217 1727 omni

141 1787 308 1869 tempore,
333 1776 397 1847 sed
417 1795 509 1844 nunc
534 1774 726 1864 praesertim
748 1771 831 1842 dum
853 1782 955 1843 vacat
976 1775 1144 1859 Ecclesia,
1167 1776 1217 1844 in-

141 1899 287 1970 stantior
307 1919 348 1967 ac
368 1895 528 1967 devotior
547 1895 657 1968 oratio
678 1903 796 1965 nostra
817 1894 862 1965 sit
882 1894 928 1964 ad
944 1897 1063 1979 Deum,
1086 1906 1125 1967 ut
1142 1897 1216 1989 ipse

140 2018 242 2090 nobis
266 2027 425 2110 pastores
453 2036 592 2109 semper
617 2013 859 2086 ildebrandino
883 2014 1013 2086 similes
1038 2016 1215 2108 largiatur.

140 2140 196 2211 Sic
215 2140 306 2211 enim
329 2137 501 2219 habetote,
521 2134 670 2205 illumin
691 2134 806 2206 medio
827 2134 933 2204 nostri
961 2133 1131 2226 Angelum
1153 2135 1214 2207 Dei

139 2263 256 2359 polius
276 2260 385 2331 fuisse
409 2278 515 2350 quam
538 2256 722 2329 bominem.
751 2256 803 2328 Tu
824 2276 907 2327 vero
932 2253 1056 2327 nobilis
1081 2256 1214 2339 Padua‚

140 2385 225 2456 felix
248 2392 349 2452 terrae
371 2380 439 2450 situ
455 2378 604 2471 coelique
623 2378 814 2463 clementia,
834 2377 993 2470 Proxima
1013 2380 1135 2472 pelago
1153 2379 1217 2450 llu-
1267 2413 1270 2418 2

141 2503 363 2595 minibusque
394 2501 611 2584 circumflua,
637 2499 736 2572 dives
763 2522 848 2592 agro
873 2498 994 2582 ubere,
1023 2500 1216 2570 aooolarum

141 2625 279 2716 ingenio
304 2621 465 2714 insignis,
497 2629 533 2692 et
563 2621 695 2693 vetusti
728 2621 877 2693 nominis
910 2619 1065 2690 claritate
1098 2641 1217 2711 perce-

141 2746 261 2829 lebris,
284 2764 424 2836 semper
444 2745 534 2816 inter
554 2741 735 2839 pontifices
761 2753 839 2814 tuos
859 2750 895 2813 et
914 2740 1064 2832 gloriosa
1083 2742 1217 2811 conses-

141 2888 259 2938 surum
281 2873 418 2937 tuorum
443 2865 594 2947 numina,
621 2863 760 2956 siquid
785 2861 1017 2945 mihicrede,
1042 2859 1216 2932 lldebran-

140 2988 260 3060 dinum
282 3007 351 3058 non
372 2987 529 3060 ultimum
552 2984 763 3057 numerabis.
