2738 5062
186 575 244 637 tto
518 587 559 635 nn
581 586 683 635 nauus
703 586 926 637 ruminamus

186 746 257 796 rum
280 725 356 797 suis
377 723 541 798 lluctibus
568 724 740 795 undosum
767 746 863 796 mare
886 724 1120 819 conspiciens,
1148 728 1278 803 mode-

185 856 280 919 ratus
313 869 360 918 ex
394 847 469 943 ipsa
503 869 618 918 rerum
647 856 851 942 tempestate
873 847 1049 939 navigium
1071 849 1179 920 animi
1200 852 1276 943 legi

185 969 364 1054 rudentes,
404 969 467 1040 ieci
506 990 685 1054 ancoram,
721 970 858 1041 clavum
896 971 1008 1063 pressi
1021 1025 1046 1052 ,.
1066 971 1277 1066 fessamque

184 1091 268 1164 vitae
290 1092 485 1163 turbinibus
505 1092 656 1163 carinum
691 1092 800 1164 donec
834 1100 954 1183 portus
988 1102 1174 1188 appareat,
1204 1095 1276 1167 bos

185 1214 274 1284 inter
295 1215 454 1307 scopulos
476 1213 631 1304 alligavi,
647 1236 715 1286 non
728 1214 905 1286 rediturus
923 1212 968 1286 ud
983 1215 1116 1287 curiam
1134 1238 1272 1311 neque,

185 1335 253 1405 nisi
274 1335 367 1406 uliud
387 1333 542 1420 audiero,
565 1334 754 1408 Ausoniam
776 1333 957 1428 petiturus.
976 1337 1042 1407 'Hic
1063 1337 1199 1430 siquid
1220 1341 1274 1411 la·

186 1457 273 1528 ciam
294 1455 440 1550 quaeris:
462 1459 539 1526 civo
559 1457 716 1547 eqcr'dcm.
744 1459 919 1552 Expectas
946 1468 984 1528 ut
1008 1479 1151 1530 versum
1172 1482 1275 1534 com·

184 1581 297 1673 pleum
319 1581 483 1672 citamque
503 1590 654 1649 eolremo
672 1600 733 1672 per
757 1583 869 1650 omnio
889 1579 993 1650 duco?
1018 1579 1135 1664 Absit3
1158 1581 1272 1657 immo

186 1719 272 1796 uero
294 1701 377 1773 vivo
396 1711 431 1784 et
453 1704 553 1772 valeo
573 1709 609 1772 et
628 1701 778 1792 gaudeo,
800 1710 835 1773 et
859 1723 940 1794 quae
965 1704 1094 1775 multos
1120 1716 1271 1777 moestos

187 1820 316 1892 faciunt
336 1844 472 1916 sperno.
496 1824 579 1893 Haec
601 1822 671 1893 vita
691 1843 769 1919 mea
788 1833 852 1893 est.
871 1823 986 1895 Media
1003 1832 1105 1896 nocte
1121 1846 1274 1897 consur-

186 1965 243 2035 g03
266 1946 375 2039 primo
396 1967 497 2017 mane
517 1945 622 2018 domo
643 1944 820 2036 egredior,
840 1946 903 2017 sed
920 1967 986 2017 non
1004 1947 1103 2018 aliter
1120 1948 1156 2018 in
1173 1970 1273 2021 cam·

56 2092 58 2096 ¹
186 2066 240 2159 pis
260 2089 363 2161 quam
386 2067 478 2140 domi
499 2068 641 2154 studeo,
668 2069 803 2162 cogito,
830 2071 922 2160 lego,
951 2068 1078 2141 scribo:
1106 2090 1272 2142 somnum

187 2200 354 2280 quantum
376 2188 452 2260 lieri
479 2200 592 2283 potest
617 2190 663 2261 ab
686 2191 796 2262 oeulis
821 2191 908 2262 meis
934 2213 1049 2276 arceo,
1076 2213 1099 2263 a
1123 2213 1272 2288 corpore

189 2309 376 2393 mollitiem,
409 2310 455 2382 ab
488 2313 602 2384 auimo
625 2315 832 2406 voluptates,
860 2312 906 2384 ub
929 2315 1128 2408 operatione
1154 2327 1272 2410 torpo-

188 2452 272 2502 rem.
296 2432 389 2502 Totis
410 2432 535 2505 diebus
555 2434 671 2506 aridos
693 2445 838 2520 montes,
862 2436 1017 2508 roscidas
1034 2439 1146 2509 valles
1163 2449 1271 2531 atque

188 2564 286 2626 antra
311 2555 494 2628 circumeo,
522 2557 711 2651 Utramque
736 2558 869 2650 Sorgiae
896 2559 1006 2651 ripam
1033 2579 1129 2654 saepe
1154 2582 1269 2633 reme-

190 2678 270 2762 tior,
305 2680 400 2752 nullo
432 2680 490 2773 qui
524 2679 702 2776 obstrepat
733 2680 851 2767 obvio,
885 2683 979 2752 nullo
1011 2682 1151 2766 comite,
1174 2684 1270 2754 nullo

189 2802 292 2887 duce,
316 2802 382 2874 nisi
403 2804 496 2874 curis
518 2804 605 2875 meis
626 2804 740 2875 minus
767 2805 801 2873 in
828 2804 902 2877 dies
929 2802 1068 2876 acribus
1095 2824 1136 2875 ac
1161 2805 1270 2877 mole

184 2923 263 2996 stis.
283 2925 363 2995 lllus
381 2933 461 2996 aute
478 2934 640 3019 retroque
659 2924 897 2997 transmittens
918 2925 1173 3019 praeteritorum
1194 2946 1268 2997 me·
1322 2952 1326 2958 ·

188 3068 263 3119 mor
276 3057 424 3121 ventura
440 3047 609 3131 delibero,
629 3071 733 3141 quam
751 3047 895 3119 feliciter
910 3046 1039 3117 viderit
1058 3046 1114 3118 ille
1135 3046 1269 3142 dequo

186 3169 411 3243 dictumest:
441 3172 478 3238 in
505 3171 629 3239 lumine
654 3181 709 3239 tuo
736 3169 916 3239 videbimus
941 3171 1068 3252 lumen,
1097 3169 1173 3241 sine
1199 3192 1270 3263 quo

187 3295 316 3363 frustra
346 3315 408 3384 per
438 3292 599 3363 tenebras
621 3291 818 3362 humanitas
845 3292 936 3386 lippa
960 3290 1208 3383 circumspicit:
1234 3294 1268 3364 in
1317 3312 1320 3321 ·

188 3412 280 3484 illius
300 3413 405 3485 ductu
426 3415 539 3487 omnis
562 3435 642 3509 spes
661 3426 717 3486 est
737 3435 825 3484 mea.
848 3412 949 3483 Certe
965 3413 1060 3505 quod
1079 3414 1112 3483 in
1130 3436 1186 3486 me
1203 3426 1268 3500 est

189 3537 279 3606 nitor
293 3546 330 3605 ut
343 3547 503 3630 praestem
522 3557 590 3606 non
610 3540 835 3609 reluctantem
852 3534 1015 3605 animum.
1031 3536 1172 3630 lamque
1186 3559 1269 3627 eum

187 3658 354 3753 Apostolo
374 3666 540 3749 quantum
563 3678 705 3750 possum
727 3656 902 3753 praeterita
922 3655 1149 3742 obliviscens,
1170 3655 1271 3730 inea

186 3802 267 3874 quae
289 3790 371 3851 sunt
390 3788 470 3850 ante
489 3780 670 3852 extendor.
693 3779 805 3850 Unum
839 3779 922 3848 mibi
957 3780 1113 3849 solamen
1144 3777 1271 3871 ingens

189 3905 223 3977 in
245 3905 339 3978 omni
360 3904 466 3976 exilio
486 3904 605 3977 datum
622 3914 691 3986 est,
713 3903 807 3996 quod
824 3913 861 3974 et
878 3903 970 3972 bunc
988 3902 1098 3973 locum
1120 3902 1187 3972 ium
1206 3903 1271 3974 leci

187 4039 223 4099 et
241 4050 378 4100 omnem
401 4028 430 4101 si
452 4049 509 4100 res
533 4026 647 4099 tulerit
672 4027 874 4097 familiarem
901 4023 984 4094 mibi
1013 4023 1136 4095 videor
1162 4027 1274 4096 lactu-

188 4173 262 4235 rus,
285 4153 388 4225 modo
407 4151 463 4222 ille
481 4172 548 4223 non
567 4150 612 4220 sit
631 4147 758 4219 Avinio
776 4146 931 4217 ventosis
950 4167 990 4218 ac
1009 4145 1159 4218 turbidis
1178 4147 1274 4220 llbo-

186 4272 268 4345 dani
308 4272 506 4366 gurgitibus
538 4270 752 4365 impendens.
786 4270 869 4338 llaec
902 4267 962 4340 tibi
994 4267 1126 4340 diutius
1161 4270 1277 4342 amice

188 4396 303 4489 ignota
322 4419 404 4468 esse
424 4418 493 4468 non
520 4417 597 4468 sum
623 4416 766 4488 passus,
801 4393 830 4464 si
865 4404 978 4463 tamen
1005 4390 1123 4482 ignota
1150 4406 1279 4465 essent
