2738 5062
141 627 199 690 l3⁹2
478 639 517 685 ne
540 638 639 686 uncus
661 636 880 685 raururanmes

140 773 283 867 aliquis:
305 771 396 842 idem
419 772 497 840 mali
519 792 632 863 genus
653 771 750 864 prius
770 770 815 842 ab
831 771 932 842 hoste
948 779 1128 841 tentatum.
1143 770 1212 841 lam

139 898 229 967 diri:
251 898 317 965 etsi
337 917 441 965 unum
471 897 640 987 alloquor,
664 908 848 986 utrumque
874 893 1056 985 redarguo.
1079 892 1214 975 Quanto

140 1021 280 1111 dignius
300 1021 420 1101 fuerat,
449 1020 579 1089 irarum
600 1020 739 1089 detersa
759 1017 930 1110 rubigine,
949 1039 970 1087 a
987 1038 1056 1108 qua
1073 1037 1145 1087 non
1164 1018 1214 1088 ul·

140 1144 206 1214 lius
227 1142 385 1214 amicitiae
406 1140 602 1223 sinceritas,
625 1164 694 1212 nou
720 1143 894 1211 fraternus
928 1161 1037 1222 amor,
1061 1161 1130 1211 non
1155 1160 1215 1209 su·

139 1288 258 1360 prema
278 1267 415 1337 demum
438 1264 589 1358 parentis
610 1273 829 1336 aenatorum
851 1262 960 1355 pietas
986 1283 1131 1354 prorsus
1152 1262 1216 1333 im-

139 1389 253 1460 munis
270 1399 337 1471 est,
359 1390 511 1458 Venetos
532 1410 612 1458 cum
633 1386 862 1458 lanucnsibus
881 1408 988 1456 unum
1007 1383 1091 1468 lieri,
1110 1406 1215 1477 quam

139 1515 328 1584 formosum
348 1532 474 1604 corpus
495 1510 602 1580 ltaliae
623 1510 779 1593 lacerari,
807 1507 908 1580 vobis
932 1506 1212 1590 occidentalium,

139 1635 220 1718 illis,
245 1645 282 1705 ut
301 1633 421 1717 audio,
439 1632 583 1704 dextras
605 1631 820 1703 orientalium
839 1641 1067 1727 tyrannorum
1086 1629 1119 1699 iu
1137 1650 1215 1723 par·

140 1767 208 1829 tem
232 1756 358 1827 furoris
384 1756 672 1850 implorantibus?
701 1755 729 1825 0
755 1756 879 1825 ferales
910 1762 945 1823 ct
979 1773 1216 1844 supervacuas

139 1884 307 1961 cautelas,
330 1901 351 1949 ο
371 1878 623 1950 malevolentiae
648 1900 759 1968 genus
781 1878 958 1948 ultimum!
987 1874 1089 1959 Quod
1113 1898 1217 1948 manu

141 2004 278 2097 propria
296 2023 364 2071 non
383 2000 509 2093 possis,
526 2000 570 2071 ad
589 2000 622 2071 id
635 1999 898 2091 circumspicere
919 1997 1014 2090 quod
1030 1996 1153 2083 irrites,
1171 2007 1216 2083 el,

141 2132 385 2213 argumentum
411 2121 480 2191 odii
505 2121 681 2215 praebente
713 2121 853 2204 vicinia,
880 2118 1013 2190 vicinos
1048 2122 1216 2191 scelerum

143 2244 345 2334 subrogare.
382 2244 484 2335 Atqui
516 2246 703 2314 multarum
736 2243 816 2315 binc
847 2242 1052 2312 iniuriarum
1085 2241 1219 2313 fluxere

143 2366 338 2461 primordia,
354 2365 445 2443 dum,
462 2365 603 2456 indigno
623 2375 659 2435 et
675 2366 792 2437 nescio
810 2365 900 2436 unde
917 2364 1111 2458 prodeunte
1126 2364 1222 2436 lasti·

143 2489 200 2560 dio
221 2477 416 2559 nostrarum
440 2510 570 2573 rorum,
591 2489 625 2557 in
647 2488 910 2559 admirationem
933 2486 1087 2581 rapimur
1102 2496 1220 2559 exter·

143 2635 278 2693 uarum,
301 2621 337 2682 et
361 2610 561 2704 iampridem
587 2610 836 2682 consuetudine
862 2610 1038 2703 pestilera,
1070 2610 1220 2683 italicam

143 2734 249 2808 fidem
271 2734 459 2806 barbaricae
484 2733 639 2829 perfidiae
665 2732 922 2829 posthabemus.
951 2734 1082 2815 lusani,
1101 2735 1162 2827 qui
1188 2735 1220 2805 iu

144 2859 327 2930 venalibus
356 2857 480 2929 animis
513 2856 619 2930 fidem
652 2857 841 2950 quaerimus
868 2879 971 2950 quam
1006 2857 1041 2924 in
1073 2856 1221 2949 propriis

144 2980 308 3052 tratribus
329 2981 566 3073 desperamus.
589 2981 665 3064 Quo
685 2979 844 3050 ellectum
865 2989 920 3049 est
941 2988 979 3049 ut
998 2978 1073 3049 iure
1090 2980 1221 3073 optimo

144 3104 178 3175 in
193 3105 256 3174 has
277 3105 489 3174 calamitates
511 3101 731 3173 inciderimus
752 3123 840 3196 quas
862 3123 941 3173 soro
962 3101 1029 3172 iam
1051 3112 1087 3172 et
1108 3102 1221 3175 ineffi-

143 3226 271 3295 caciter
291 3227 529 3293 lamentamur.
551 3224 739 3316 Postquam
759 3221 864 3317 Alpes
885 3234 922 3297 et
947 3224 1070 3310 maria,
1091 3226 1222 3319 quibus

145 3366 209 3415 nos
230 3343 404 3414 moenibus
425 3352 548 3414 natura
568 3345 774 3427 vallaverat,
796 3357 831 3417 et
856 3348 1055 3418 interiectas
1077 3347 1222 3421 obsera·

144 3480 269 3561 tasque
290 3466 407 3538 divino
425 3489 568 3538 munere
584 3471 812 3542 claustrorum
832 3474 962 3556 valvas
981 3473 1113 3557 livoris,
1136 3494 1223 3544 ava·

146 3592 234 3663 ritiae
261 3589 505 3682 superbiaque
530 3591 687 3663 clavibus
709 3594 915 3686 aperiendas
941 3593 1108 3665 duximus
1130 3594 1223 3666 Cim-

145 3713 232 3798 bris,
261 3713 408 3796 Hunnis,
441 3714 639 3798 Pannoniis,
672 3714 791 3798 Gallis,
825 3717 1001 3802 Teutonis,
1034 3718 1222 3813 HispaniS,

145 3834 304 3931 quotiens
325 3834 408 3906 illud
428 3835 618 3928 pastorium
637 3838 787 3911 lllaronis
808 3839 923 3912 llendo
943 3840 1155 3913 cecinimus:

306 4043 419 4124 lmpius
435 4044 498 4107 liarc
516 4052 576 4106 lam
594 4046 670 4109 culta
689 4048 808 4111 novalia
827 4047 912 4110 miles
929 4047 1067 4110 lrabcbitl

306 4141 455 4203 barbarus
471 4143 523 4203 lias
541 4146 678 4221 segetes?
696 4147 738 4209 Eu
756 4162 817 4224 quo
834 4146 982 4209 discordia
999 4145 1084 4207 ciues

308 4237 451 4302 l‘erduxit
466 4240 612 4304 miserest

148 4450 216 4521 Sed
249 4459 284 4519 ut
316 4449 360 4520 ad
391 4473 461 4520 rem
496 4455 648 4537 rodoam,
671 4458 754 4549 quid
788 4480 852 4528 vos
885 4456 1109 4528 deliberaturi
1143 4456 1221 4529 sitis
