2738 5062
197 658 257 722 296
531 670 572 718 ou
594 670 694 718 nunus
717 666 939 718 annullamus

199 806 405 900 obsequium
427 806 506 874 lesu
527 802 654 874 Christi
675 802 818 873 feliciter
838 810 1075 884 assumentes,
1095 810 1278 894 spectacu-

198 932 269 1000 lum
291 927 422 999 mundo
442 935 477 997 et
497 925 690 1020 posteritati
715 922 950 1013 gratissimum
978 922 1182 1015 praebeatisl
1207 920 1279 994 Sed

199 1051 374 1140 inceptum
407 1068 545 1138 sequor.
573 1043 725 1126 Vicistis,
752 1043 818 1112 viri
839 1045 961 1113 sortes:
988 1043 1159 1115 ostendite
1185 1064 1279 1114 nunc

199 1171 334 1243 cunctis
355 1167 559 1239 mortalibus
579 1189 648 1238 non
668 1187 734 1237 vos
754 1186 832 1236 cum
854 1166 947 1236 Italis
964 1188 1027 1260 pro
1043 1165 1123 1239 odio
1139 1177 1201 1238 aut
1216 1188 1280 1237 cu-

201 1292 343 1386 piditate
359 1293 448 1376 ulla,
471 1290 534 1360 sed
553 1312 616 1383 pro
636 1310 720 1380 pace
740 1298 905 1359 certasse.
928 1289 1046 1378 Cogite
1066 1286 1189 1360 hostes
1214 1309 1280 1360 ve-

202 1425 309 1498 stros,
331 1415 387 1482 vel
409 1413 443 1482 in
465 1412 600 1484 silentio
621 1412 718 1482 lateri
737 1433 776 1482 se
792 1432 813 1481 a
829 1410 930 1482 vobis
951 1431 1020 1481 non
1037 1410 1149 1500 magis
1170 1411 1279 1483 armis

202 1539 314 1610 victos
333 1556 413 1607 esse
433 1556 538 1626 quam
561 1533 728 1604 moribus.
754 1533 820 1617 Qui
846 1532 1032 1624 potentiam
1059 1543 1216 1604 vestram
1237 1535 1281 1605 ti-

201 1669 297 1732 ment
316 1658 478 1730 virtutem
500 1665 711 1728 venerentur
729 1678 770 1726 ac
787 1654 941 1747 diligant.
961 1655 1101 1727 Rectius
1119 1657 1281 1750 superior

201 1783 268 1857 dici
289 1781 394 1854 debet
420 1781 480 1874 qui
512 1779 753 1851 adversarium
788 1778 917 1850 virtute
948 1777 1068 1862 animi,
1091 1799 1196 1870 quam
1218 1778 1280 1871 qni

201 1909 291 1977 lerro
312 1914 465 1998 superat.
486 1905 545 1973 llle
568 1924 673 1974 verus
693 1912 748 1973 est
767 1902 891 1984 victor,
917 1901 977 1994 qui
997 1902 1150 1971 animum
1174 1922 1280 1973 suum

200 2027 320 2110 vincit,
343 2025 477 2096 ratione
496 2025 659 2108 vincitur,
683 2032 799 2095 motus
821 2023 968 2113 mitigat,
991 2021 1170 2093 victoriam
1193 2034 1282 2095 tem-

201 2157 312 2243 perat,
335 2148 421 2216 iram
443 2148 575 2217 lraenat.
611 2149 644 2217 ls
677 2168 771 2241 saepe
803 2146 931 2237 diguus
963 2157 1019 2216 est
1052 2145 1194 2216 vincere
1217 2147 1281 2239 qui

201 2269 374 2341 vincendo
396 2266 434 2337 fit
455 2269 588 2352 melior,
610 2278 645 2339 et
666 2290 863 2361 supremam
881 2267 1037 2340 bellicam
1055 2269 1195 2341 laudem
1216 2268 1283 2342 ba-

201 2390 273 2473 bet,
295 2411 399 2482 quem
421 2412 488 2460 non
511 2389 633 2460 sternit
653 2389 863 2473 adversitas
886 2390 1100 2483 prosperitas
1126 2412 1195 2463 non
1216 2414 1283 2464 ex-

202 2513 296 2585 tollit.
318 2512 469 2583 Primum
497 2512 530 2581 in
556 2511 642 2605 ipsis
663 2511 744 2583 belli
764 2512 1024 2605 difficultatibus
1045 2513 1281 2608 praestitistis,

202 2635 393 2707 secundum
415 2644 495 2728 post
514 2635 692 2705 victoriam
716 2643 894 2726 praestate,
918 2646 957 2708 ut
981 2635 1135 2708 mundus
1156 2637 1282 2709 intelli-

202 2770 261 2851 gat
286 2758 318 2827 in
345 2759 438 2829 omni
465 2760 603 2828 lortuna
629 2757 774 2831 eosdem
809 2779 873 2830 vos
906 2760 1039 2831 animos
1073 2760 1219 2847 babere,
1246 2772 1284 2833 et

202 2881 443 2953 uniformitatis
464 2903 505 2953 ac
524 2881 729 2954 constantiae
746 2892 988 2953 ornamentum
1009 2880 1199 2955 virtutibus
1220 2905 1283 2957 ve-

204 3003 284 3074 stris
305 3004 454 3088 accedat,
474 3003 592 3097 nitque
608 3004 779 3088 omnium,
813 3024 895 3097 quae
920 3002 966 3075 ad
998 3007 1186 3096 perlectam
1207 3007 1283 3098 glo-

153 3124 161 3133 “
204 3127 289 3198 riam
310 3136 473 3218 optantur
502 3148 585 3220 pace
619 3127 778 3219 belloque
805 3125 905 3197 vobis
931 3126 1032 3198 desit.
1054 3127 1152 3199 Nunc
1178 3129 1283 3202 venio

203 3247 248 3319 ad
268 3270 344 3319 eam
365 3258 509 3331 curam,
522 3269 603 3341 quae
621 3249 724 3318 valde
744 3270 800 3319 me
815 3248 947 3341 premit
965 3271 1006 3320 ac
1024 3249 1193 3336 sollicitat,
1211 3273 1283 3344 qua

204 3370 233 3439 si
255 3390 310 3439 me
330 3371 501 3441 modestia
523 3381 641 3441 vestra
662 3370 873 3448 liberaverit,
901 3369 985 3441 nibil
1010 3372 1077 3442 erit
1100 3372 1136 3442 in
1162 3384 1282 3446 vestro

204 3487 379 3581 republica
398 3492 493 3582 qood
513 3503 675 3563 metuam.
695 3494 788 3562 Solet
803 3492 964 3585 equidem
983 3503 1021 3565 ut
1036 3495 1193 3566 exterior
1209 3518 1284 3569 ma-

205 3633 351 3704 gnorum
372 3633 554 3705 corporum
577 3615 724 3700 sanitas,
748 3615 797 3687 sic
822 3637 892 3708 pax
918 3639 1121 3708 magnarum
1142 3617 1283 3690 urbium

206 3733 336 3806 morbis
348 3733 527 3806 abundare
541 3737 738 3823 latentibus,
756 3746 793 3808 et
808 3740 1019 3833 compressis
1033 3739 1283 3835 apparentibus

205 3857 319 3941 malis,
347 3855 440 3928 intus
464 3857 619 3951 ipsisque
646 3860 680 3930 in
707 3860 902 3936 visceribus
931 3858 1103 3949 laborare,
1131 3886 1203 3955 quo
1223 3886 1284 3957 pe

204 3982 261 4050 slis
281 3983 460 4064 enzerserit,
483 3992 593 4051 tomen
612 3983 756 4075 pontum
776 3987 973 4075 intellipitor
997 3989 1112 4057 melion
1140 3988 1178 4056 in
1211 3997 1285 4057 cute

205 4125 362 4172 mansuro
381 4126 480 4193 quum
502 4105 561 4173 rub
582 4106 715 4196 cepione
735 4105 840 4177 cordis
859 4110 1043 4200 mipruturo
1064 4130 1136 4197 quoe
1154 4129 1284 4202 preme·

204 4217 280 4293 ret¹
302 4227 402 4320 Saepe
424 4238 461 4299 ut
481 4228 649 4319 gravibus
665 4228 869 4321 corporibus
894 4229 1061 4302 exercitia
1078 4230 1129 4302 sic
1146 4229 1284 4322 magnis

298 4419 306 4451 ¹
324 4420 381 4470 llaec
397 4435 453 4484 qna
468 4422 560 4473 italicis
572 4423 664 4476 litteris
677 4424 817 4477 notavimus
833 4425 896 4479 adeo
912 4426 1021 4492 lmplcxa
1038 4433 1111 4489 snut,
1128 4434 1158 4478 ut
1177 4439 1210 4480 ee
1227 4440 1285 4493 gen

206 4510 286 4550 mene
298 4497 399 4550 lectioni
411 4501 546 4553 restituere
560 4504 755 4567 nequiverimus.
