2738 5062
196 693 256 754 oto
533 705 575 752 nn
595 705 697 754 uncus
712 704 940 754 recursurum

191 836 375 930 legationis
394 834 506 907 officio
525 835 691 927 fungitur,
712 835 865 906 Ducatus
886 835 996 907 honor
1028 857 1098 907 non
1129 839 1275 930 petenti,

192 960 263 1031 imo
283 957 427 1051 quidem
448 959 570 1050 ignaro
591 955 658 1029 sibi
690 956 824 1049 obtigit.
855 957 1033 1031 Reversus
1065 959 1101 1029 in
1128 959 1276 1052 putrium

190 1084 359 1177 cogitavit
376 1082 482 1176 quod,
503 1091 541 1154 ut
553 1092 648 1175 puto,
663 1104 765 1154 nemo
777 1102 931 1173 unquam
949 1081 1132 1173 cogitarat:
1146 1102 1276 1176 passus

190 1218 247 1279 est
263 1204 359 1299 quod
372 1225 475 1277 nemo
492 1226 657 1297 unquam.
672 1205 711 1275 ln
725 1206 801 1276 loco
812 1203 1040 1277 celeberrimo
1051 1204 1277 1298 omniumque

190 1328 387 1400 clarissimo
407 1335 514 1420 atque
533 1326 766 1422 pulcherrimo
786 1347 909 1399 eorum
926 1347 1009 1420 quse
1023 1347 1091 1418 ego
1107 1325 1275 1412 viderim,

192 1449 251 1521 ubi
283 1449 434 1521 maiores
467 1449 543 1535 sui,
575 1468 670 1542 saepe
707 1448 909 1520 lectissimos
951 1447 1101 1520 honores
1138 1446 1277 1541 pompis

193 1569 462 1663 triumphalibus
482 1570 720 1654 deduxerunt3
740 1569 809 1641 illic
829 1570 906 1669 ipse
937 1570 1102 1643 seruilem
1133 1570 1170 1641 in
1202 1590 1276 1642 mo-

190 1693 291 1779 dum,
313 1715 487 1766 concursu
507 1692 625 1786 populi
646 1700 777 1764 tractus
797 1701 833 1765 ct
864 1691 1002 1765 ducalia
1028 1704 1159 1765 exutus
1190 1691 1275 1765 insi-

190 1816 289 1910 gnia,
301 1814 413 1909 capite
434 1826 580 1888 truncus
593 1814 767 1901 occubuit,
782 1814 970 1909 templique
990 1818 1084 1888 loros
1104 1826 1139 1888 et
1157 1814 1275 1908 palatii

190 1939 323 2012 aditum
339 1941 530 2031 scalasque
549 1957 764 2010 marmoreas
786 1957 885 2031 saepe
905 1939 962 2009 vel
989 1936 1087 2009 lestis
1113 1937 1275 2009 solemni-

190 2063 257 2137 bus
276 2064 336 2134 vel
356 2061 540 2134 hostilibus
562 2060 683 2156 spoliis
704 2060 921 2142 honestatus,
940 2060 1111 2153 sanguine
1129 2059 1274 2133 lmdavit

189 2186 338 2281 proprio.
360 2185 490 2256 Locum
516 2183 667 2276 signavi:
694 2194 831 2280 tempus
853 2183 964 2274 signo.
986 2180 1110 2253 Annus
1141 2191 1197 2253 est
1226 2179 1274 2253 ab

189 2317 270 2382 ortu
289 2305 417 2378 Christi
437 2324 578 2389 ucccnv,
602 2305 679 2378 dies
705 2307 779 2391 luit,
806 2319 846 2380 ut
870 2308 996 2389 lerunt,
1017 2323 1077 2375 ruv
1096 2302 1271 2377 Kalendas

190 2430 281 2501 lllaii.
299 2428 432 2499 Rumor
447 2438 503 2498 est
523 2439 641 2499 tantus
662 2440 700 2500 ut
721 2428 751 2498 si
770 2427 853 2520 quis
874 2426 973 2499 urbis
1001 2426 1095 2497 illius
1119 2424 1273 2521 discipli-

191 2574 273 2624 nam
292 2571 480 2643 moresqne
496 2548 732 2643 prospexerit,
746 2560 960 2642 quantamve
979 2570 1094 2619 rerum
1111 2545 1272 2619 mutatio-

189 2696 271 2746 nem
290 2671 395 2745 unius
416 2670 568 2744 hominis
587 2691 683 2742 mors
701 2670 865 2754 minetur,
887 2691 1101 2764 quamquam
1121 2669 1179 2739 alii
1197 2669 1272 2763 plu·

189 2818 255 2880 res,
264 2806 302 2870 ut
315 2793 508 2889 perhibent,
517 2794 724 2886 complicum
736 2814 784 2864 cx
796 2815 943 2865 numero
956 2792 1050 2865 idem
1062 2790 1269 2885 supplicIum

177 2921 244 2992 ‘vel
263 2920 468 3011 pertulerint
489 2919 545 2990 vel
561 2928 764 3011 expectent,
785 2914 849 2987 vix
868 2917 980 2989 maior
1000 2917 1034 2987 in
1060 2917 1159 2990 ltalia
1185 2929 1272 2989 tem-

189 3038 333 3133 poribus
364 3039 496 3112 nostris
528 3038 720 3111 emerserit.
752 3037 816 3110 llic
844 3040 932 3111 lorte
964 3061 1082 3111 meum
1105 3039 1271 3113 iudicium

187 3172 366 3255 expectes.
379 3160 557 3254 Populum,
572 3160 603 3231 si
619 3163 723 3233 lamae
743 3159 906 3245 creditur,
928 3159 1089 3245 absolvo,
1107 3160 1271 3254 quamvis

188 3298 224 3359 et
248 3285 362 3356 lenius
383 3283 512 3355 saevire
531 3294 568 3354 et
584 3283 739 3355 dolorem
760 3303 864 3354 suum
884 3281 1003 3355 mitius
1021 3282 1199 3355 vindicare
1209 3303 1270 3377 po·

191 3407 333 3487 tuerint,
358 3405 509 3477 sednon
538 3404 636 3477 laoile
667 3404 759 3478 iusta
792 3404 896 3476 simul
928 3416 1034 3497 atque
1067 3405 1190 3497 ingens
1218 3402 1268 3473 ira

189 3524 439 3619 comprimitur,
462 3545 590 3616 magno
611 3525 807 3617 praesertim
830 3525 865 3595 in
885 3526 1026 3620 populo,
1048 3524 1108 3596 ubi
1133 3525 1269 3596 iracun-

189 3645 258 3717 diae
276 3645 435 3717 stimulos
453 3646 585 3739 rapidis
598 3645 875 3740 inconsultisque
886 3645 1097 3718 clamoribus
1113 3664 1271 3742 praeoepo

188 3779 294 3860 atque
319 3765 538 3839 multivolum
565 3767 694 3857 vulgus
723 3768 877 3840 exacuit.
911 3768 1040 3840 lnlelioi
1074 3766 1205 3838 homini
1237 3777 1272 3838 et

187 3889 379 3984 compatior
398 3899 434 3959 et
449 3888 628 3981 indignor,
650 3887 710 3982 qui
726 3888 992 3962 honoreauctus
1019 3888 1172 3973 insolito,
1186 3886 1272 3983 quid

187 4009 253 4081 sibi
275 4009 342 4084 sub
362 4022 561 4083 extremum
584 4011 666 4093 vitre
693 4022 830 4105 tempus
865 4014 969 4084 vellet
998 4013 1135 4103 ignoro,
1169 4011 1270 4083 cuius

187 4132 270 4204 illud
286 4156 427 4228 quoquc
446 4134 677 4207 calamitatem
699 4148 914 4229 praegravat,
937 4134 1034 4228 quod
1067 4135 1271 4228 praescripto

187 4252 326 4348 publico
345 4278 442 4327 more
463 4255 581 4329 indicii
594 4277 664 4327 non
676 4256 781 4328 modo
794 4257 902 4328 miser
913 4258 1034 4341 luisse,
1050 4255 1114 4329 sed
1127 4257 1270 4330 insanus

187 4396 377 4470 amensque
403 4376 589 4462 videbitur,
607 4391 643 4452 et
668 4390 719 4452 tot
751 4379 820 4450 iam
850 4401 912 4474 per
943 4402 1054 4453 annos
1089 4378 1272 4475 sapientiae

186 4499 306 4571 falsam
329 4500 455 4570 lamam
482 4499 585 4571 vanis
611 4494 746 4572 artibus
777 4520 983 4595 usurpasse.
1016 4500 1172 4575 Ducibus
1207 4500 1270 4594 qui
