<?xml version="1.0" encoding="UTF-8"?>
<!DOCTYPE html PUBLIC "-//W3C//DTD XHTML 1.0 Transitional//EN"
    "http://www.w3.org/TR/xhtml1/DTD/xhtml1-transitional.dtd">
<html xmlns="http://www.w3.org/1999/xhtml" xml:lang="en" lang="en">
 <head>
  <title>
</title>
<meta http-equiv="Content-Type" content="text/html;charset=utf-8" />
  <meta name='ocr-system' content='tesseract 3.04.00' />
  <meta name='ocr-capabilities' content='ocr_page ocr_carea ocr_par ocr_line ocrx_word'/>
</head>
<body>
  <div class='ocr_page' id='page_1' title='image "./epistolaederebu02fracgoog_0470.png"; bbox 0 0 2738 5062; ppageno 0'>
   <div class='ocr_carea' id='block_1_1' title="bbox 359 672 1222 735">
    <p class='ocr_par' dir='ltr' id='par_1_1' title="bbox 359 672 1222 735">
     <span class='ocr_line' id='line_1_1' title="bbox 359 672 1222 735; baseline 0.002 -2"><span class='ocrx_word' id='word_1_1' title='bbox 359 684 451 734; x_wconf 76' lang='lat' dir='ltr'>urnae</span> <span class='ocrx_word' id='word_1_2' title='bbox 473 682 978 735; x_wconf 65' lang='lat' dir='ltr'>concremaberis—salarum</span> <span class='ocrx_word' id='word_1_3' title='bbox 1004 685 1023 731; x_wconf 92' lang='lat'>1.</span> <span class='ocrx_word' id='word_1_4' title='bbox 1168 672 1222 735; x_wconf 75' lang='lat' dir='ltr'>lul</span> 
     </span>
    </p>
   </div>
   <div class='ocr_carea' id='block_1_2' title="bbox 140 820 1331 4578">
    <p class='ocr_par' dir='ltr' id='par_1_2' title="bbox 140 820 1331 4578">
     <span class='ocr_line' id='line_1_2' title="bbox 151 820 1226 916; baseline 0.003 -22"><span class='ocrx_word' id='word_1_5' title='bbox 151 826 256 895; x_wconf 92' lang='lat' dir='ltr'>mium</span> <span class='ocrx_word' id='word_1_6' title='bbox 271 823 333 895; x_wconf 85' lang='lat' dir='ltr'>tuli</span> <span class='ocrx_word' id='word_1_7' title='bbox 349 820 583 895; x_wconf 85' lang='lat' dir='ltr'>testimonium</span> <span class='ocrx_word' id='word_1_8' title='bbox 600 822 793 895; x_wconf 88' lang='lat' dir='ltr'>maiestatis</span> <span class='ocrx_word' id='word_1_9' title='bbox 810 833 888 908; x_wconf 72' lang='lat' dir='ltr'>tue,</span> <span class='ocrx_word' id='word_1_10' title='bbox 902 841 983 916; x_wconf 85' lang='lat' dir='ltr'>quae</span> <span class='ocrx_word' id='word_1_11' title='bbox 995 821 1098 896; x_wconf 80' lang='lat' dir='ltr'>fidem</span> <span class='ocrx_word' id='word_1_12' title='bbox 1108 845 1226 903; x_wconf 85' lang='lat' dir='ltr'>¹meam</span> 
     </span>
     <span class='ocr_line' id='line_1_3' title="bbox 149 943 1227 1029; baseline 0.003 -12"><span class='ocrx_word' id='word_1_13' title='bbox 149 944 309 1018; x_wconf 83' lang='lat' dir='ltr'>laudibus</span> <span class='ocrx_word' id='word_1_14' title='bbox 343 943 458 1015; x_wconf 92' lang='lat' dir='ltr'>multis</span> <span class='ocrx_word' id='word_1_15' title='bbox 488 945 700 1029; x_wconf 88' lang='lat' dir='ltr'>accumulat,</span> <span class='ocrx_word' id='word_1_16' title='bbox 734 945 916 1017; x_wconf 91' lang='lat' dir='ltr'>consilium</span> <span class='ocrx_word' id='word_1_17' title='bbox 941 967 1026 1018; x_wconf 91' lang='lat' dir='ltr'>vero</span> <span class='ocrx_word' id='word_1_18' title='bbox 1052 969 1120 1020; x_wconf 93' lang='lat' dir='ltr'>non</span> <span class='ocrx_word' id='word_1_19' title='bbox 1152 969 1227 1020; x_wconf 94' lang='lat' dir='ltr'>am-</span> 
     </span>
     <span class='ocr_line' id='line_1_4' title="bbox 148 1064 1225 1164; baseline 0.004 -26"><span class='ocrx_word' id='word_1_20' title='bbox 148 1066 318 1161; x_wconf 82' lang='lat' dir='ltr'>plectitur.</span> <span class='ocrx_word' id='word_1_21' title='bbox 332 1066 422 1137; x_wconf 85' lang='lat' dir='ltr'>Malo</span> <span class='ocrx_word' id='word_1_22' title='bbox 435 1065 517 1136; x_wconf 91' lang='lat' dir='ltr'>mibi</span> <span class='ocrx_word' id='word_1_23' title='bbox 532 1064 636 1138; x_wconf 83' lang='lat' dir='ltr'>iidem</span> <span class='ocrx_word' id='word_1_24' title='bbox 655 1065 731 1138; x_wconf 91' lang='lat' dir='ltr'>sine</span> <span class='ocrx_word' id='word_1_25' title='bbox 744 1065 927 1161; x_wconf 90' lang='lat' dir='ltr'>prudentia</span> <span class='ocrx_word' id='word_1_26' title='bbox 944 1080 1103 1142; x_wconf 86' lang='lat' dir='ltr'>constare</span> <span class='ocrx_word' id='word_1_27' title='bbox 1120 1092 1225 1164; x_wconf 89' lang='lat' dir='ltr'>quam</span> 
     </span>
     <span class='ocr_line' id='line_1_5' title="bbox 148 1187 1227 1283; baseline 0.002 -21"><span class='ocrx_word' id='word_1_28' title='bbox 148 1193 224 1262; x_wconf 92' lang='lat' dir='ltr'>sine</span> <span class='ocrx_word' id='word_1_29' title='bbox 250 1188 319 1261; x_wconf 84' lang='lat' dir='ltr'>fide</span> <span class='ocrx_word' id='word_1_30' title='bbox 343 1187 573 1283; x_wconf 83' lang='lat' dir='ltr'><strong>prudentiam.</strong></span> <span class='ocrx_word' id='word_1_31' title='bbox 599 1191 687 1260; x_wconf 87' lang='lat' dir='ltr'>Dum</span> <span class='ocrx_word' id='word_1_32' title='bbox 714 1188 775 1260; x_wconf 92' lang='lat' dir='ltr'>tibi</span> <span class='ocrx_word' id='word_1_33' title='bbox 800 1211 877 1261; x_wconf 91' lang='lat' dir='ltr'>mea</span> <span class='ocrx_word' id='word_1_34' title='bbox 903 1189 991 1263; x_wconf 82' lang='lat' dir='ltr'>{ides</span> <span class='ocrx_word' id='word_1_35' title='bbox 1021 1213 1063 1263; x_wconf 88' lang='lat' dir='ltr'>ac</span> <span class='ocrx_word' id='word_1_36' title='bbox 1086 1193 1227 1266; x_wconf 92' lang='lat' dir='ltr'>devotio</span> 
     </span>
     <span class='ocr_line' id='line_1_6' title="bbox 147 1311 1225 1408; baseline 0.002 -24"><span class='ocrx_word' id='word_1_37' title='bbox 147 1311 327 1407; x_wconf 83' lang='lat' dir='ltr'>probetur,</span> <span class='ocrx_word' id='word_1_38' title='bbox 349 1332 417 1382; x_wconf 93' lang='lat' dir='ltr'>non</span> <span class='ocrx_word' id='word_1_39' title='bbox 444 1331 655 1406; x_wconf 86' lang='lat' dir='ltr'>magnopere</span> <span class='ocrx_word' id='word_1_40' title='bbox 679 1312 831 1384; x_wconf 76' lang='lat' dir='ltr'>solertiae</span> <span class='ocrx_word' id='word_1_41' title='bbox 851 1313 987 1384; x_wconf 90' lang='lat' dir='ltr'>titulum</span> <span class='ocrx_word' id='word_1_42' title='bbox 1011 1314 1225 1408; x_wconf 71' lang='lat' dir='ltr'>aucupabor.</span> 
     </span>
     <span class='ocr_line' id='line_1_7' title="bbox 147 1433 1225 1530; baseline 0.001 -25"><span class='ocrx_word' id='word_1_43' title='bbox 147 1433 397 1525; x_wconf 80' lang='lat' dir='ltr'>consiliumque</span> <span class='ocrx_word' id='word_1_44' title='bbox 417 1453 543 1504; x_wconf 91' lang='lat' dir='ltr'>meum·</span> <span class='ocrx_word' id='word_1_45' title='bbox 559 1452 661 1524; x_wconf 80' lang='lat' dir='ltr'>aequo</span> <span class='ocrx_word' id='word_1_46' title='bbox 681 1434 797 1504; x_wconf 91' lang='lat' dir='ltr'>animo</span> <span class='ocrx_word' id='word_1_47' title='bbox 816 1434 923 1505; x_wconf 88' lang='lat' dir='ltr'>leram</span> <span class='ocrx_word' id='word_1_48' title='bbox 947 1436 1004 1506; x_wconf 90' lang='lat' dir='ltr'>vel</span> <span class='ocrx_word' id='word_1_49' title='bbox 1026 1436 1141 1530; x_wconf 87' lang='lat' dir='ltr'>respui</span> <span class='ocrx_word' id='word_1_50' title='bbox 1168 1437 1225 1508; x_wconf 92' lang='lat' dir='ltr'>vel</span> 
     </span>
     <span class='ocr_line' id='line_1_8' title="bbox 147 1551 1225 1647; baseline 0.002 -22"><span class='ocrx_word' id='word_1_51' title='bbox 147 1553 292 1626; x_wconf 79' lang='lat' dir='ltr'>differri:</span> <span class='ocrx_word' id='word_1_52' title='bbox 317 1553 400 1646; x_wconf 92' lang='lat' dir='ltr'>quin</span> <span class='ocrx_word' id='word_1_53' title='bbox 425 1552 527 1625; x_wconf 89' lang='lat' dir='ltr'>etiam</span> <span class='ocrx_word' id='word_1_54' title='bbox 549 1551 711 1645; x_wconf 80' lang='lat' dir='ltr'>gaudebo</span> <span class='ocrx_word' id='word_1_55' title='bbox 729 1564 765 1625; x_wconf 90' lang='lat' dir='ltr'>et</span> <span class='ocrx_word' id='word_1_56' title='bbox 790 1552 885 1628; x_wconf 92' lang='lat' dir='ltr'>baud</span> <span class='ocrx_word' id='word_1_57' title='bbox 910 1555 1080 1627; x_wconf 92' lang='lat' dir='ltr'>immerito</span> <span class='ocrx_word' id='word_1_58' title='bbox 1100 1557 1225 1647; x_wconf 49' lang='lat' dir='ltr'>glorias</span> 
     </span>
     <span class='ocr_line' id='line_1_9' title="bbox 146 1675 1226 1772; baseline -0.001 -24"><span class='ocrx_word' id='word_1_59' title='bbox 146 1677 219 1759; x_wconf 88' lang='lat' dir='ltr'>bor,</span> <span class='ocrx_word' id='word_1_60' title='bbox 233 1685 267 1747; x_wconf 88' lang='lat' dir='ltr'>te</span> <span class='ocrx_word' id='word_1_61' title='bbox 279 1696 348 1748; x_wconf 90' lang='lat' dir='ltr'>non</span> <span class='ocrx_word' id='word_1_62' title='bbox 362 1675 466 1747; x_wconf 93' lang='lat' dir='ltr'>modo</span> <span class='ocrx_word' id='word_1_63' title='bbox 482 1697 551 1760; x_wconf 92' lang='lat' dir='ltr'>me,</span> <span class='ocrx_word' id='word_1_64' title='bbox 569 1675 632 1748; x_wconf 88' lang='lat' dir='ltr'>sed</span> <span class='ocrx_word' id='word_1_65' title='bbox 649 1698 771 1748; x_wconf 91' lang='lat' dir='ltr'>omnes</span> <span class='ocrx_word' id='word_1_66' title='bbox 786 1679 949 1749; x_wconf 82' lang='lat' dir='ltr'>mortales</span> <span class='ocrx_word' id='word_1_67' title='bbox 968 1687 1006 1749; x_wconf 86' lang='lat' dir='ltr'>ut</span> <span class='ocrx_word' id='word_1_68' title='bbox 1021 1677 1158 1772; x_wconf 87' lang='lat' dir='ltr'>Imperii</span> <span class='ocrx_word' id='word_1_69' title='bbox 1173 1678 1226 1749; x_wconf 92' lang='lat' dir='ltr'>di-</span> 
     </span>
     <span class='ocr_line' id='line_1_10' title="bbox 147 1797 1225 1893; baseline 0.001 -24"><span class='ocrx_word' id='word_1_70' title='bbox 147 1800 287 1893; x_wconf 88' lang='lat' dir='ltr'>gnitate,</span> <span class='ocrx_word' id='word_1_71' title='bbox 309 1797 360 1871; x_wconf 91' lang='lat' dir='ltr'>sic</span> <span class='ocrx_word' id='word_1_72' title='bbox 375 1797 508 1870; x_wconf 91' lang='lat' dir='ltr'>consilii</span> <span class='ocrx_word' id='word_1_73' title='bbox 527 1798 716 1870; x_wconf 84' lang='lat' dir='ltr'>vivacitate</span> <span class='ocrx_word' id='word_1_74' title='bbox 735 1800 944 1891; x_wconf 78' lang='lat' dir='ltr'>praecellere.</span> <span class='ocrx_word' id='word_1_75' title='bbox 963 1797 1064 1870; x_wconf 90' lang='lat' dir='ltr'>Suasi</span> <span class='ocrx_word' id='word_1_76' title='bbox 1084 1797 1225 1892; x_wconf 90' lang='lat' dir='ltr'>quidem</span> 
     </span>
     <span class='ocr_line' id='line_1_11' title="bbox 146 1918 1245 2017; baseline 0.001 -24"><span class='ocrx_word' id='word_1_77' title='bbox 146 1933 182 1993; x_wconf 90' lang='lat' dir='ltr'>et</span> <span class='ocrx_word' id='word_1_78' title='bbox 212 1921 433 2017; x_wconf 82' lang='lat' dir='ltr'>persuasisse</span> <span class='ocrx_word' id='word_1_79' title='bbox 462 1919 677 1992; x_wconf 80' lang='lat' dir='ltr'>credideram</span> <span class='ocrx_word' id='word_1_80' title='bbox 708 1918 919 1991; x_wconf 87' lang='lat' dir='ltr'>celeritatem</span> <span class='ocrx_word' id='word_1_81' title='bbox 950 1920 1020 1992; x_wconf 89' lang='lat' dir='ltr'>tuis</span> <span class='ocrx_word' id='word_1_82' title='bbox 1044 1920 1245 1994; x_wconf 87' lang='lat' dir='ltr'>conatibus·</span> 
     </span>
     <span class='ocr_line' id='line_1_12' title="bbox 146 2039 1225 2138; baseline -0.001 -21"><span class='ocrx_word' id='word_1_83' title='bbox 146 2054 384 2138; x_wconf 90' lang='lat' dir='ltr'>opportunam.</span> <span class='ocrx_word' id='word_1_84' title='bbox 404 2043 454 2114; x_wconf 91' lang='lat' dir='ltr'>lta</span> <span class='ocrx_word' id='word_1_85' title='bbox 470 2040 561 2112; x_wconf 92' lang='lat' dir='ltr'>enim</span> <span class='ocrx_word' id='word_1_86' title='bbox 585 2040 683 2124; x_wconf 88' lang='lat' dir='ltr'>mihi;</span> <span class='ocrx_word' id='word_1_87' title='bbox 702 2039 762 2112; x_wconf 93' lang='lat' dir='ltr'>tibi</span> <span class='ocrx_word' id='word_1_88' title='bbox 780 2064 863 2115; x_wconf 86' lang='lat' dir='ltr'>vero</span> <span class='ocrx_word' id='word_1_89' title='bbox 880 2044 981 2115; x_wconf 91' lang='lat' dir='ltr'>aliter</span> <span class='ocrx_word' id='word_1_90' title='bbox 1003 2041 1152 2115; x_wconf 91' lang='lat' dir='ltr'>videtur.</span> <span class='ocrx_word' id='word_1_91' title='bbox 1173 2044 1225 2116; x_wconf 87' lang='lat' dir='ltr'>Tu</span> 
     </span>
     <span class='ocr_line' id='line_1_13' title="bbox 144 2163 1228 2257; baseline 0 -21"><span class='ocrx_word' id='word_1_92' title='bbox 144 2168 290 2238; x_wconf 87' lang='lat' dir='ltr'>lraenum</span> <span class='ocrx_word' id='word_1_93' title='bbox 306 2165 418 2249; x_wconf 88' lang='lat' dir='ltr'>terris,</span> <span class='ocrx_word' id='word_1_94' title='bbox 433 2172 470 2236; x_wconf 93' lang='lat' dir='ltr'>tu</span> <span class='ocrx_word' id='word_1_95' title='bbox 491 2166 628 2235; x_wconf 86' lang='lat' dir='ltr'>clavum</span> <span class='ocrx_word' id='word_1_96' title='bbox 647 2164 770 2256; x_wconf 81' lang='lat' dir='ltr'>pelago</span> <span class='ocrx_word' id='word_1_97' title='bbox 790 2164 907 2257; x_wconf 88' lang='lat' dir='ltr'>regis:</span> <span class='ocrx_word' id='word_1_98' title='bbox 931 2172 991 2237; x_wconf 90' lang='lat' dir='ltr'>tuo</span> <span class='ocrx_word' id='word_1_99' title='bbox 1008 2163 1157 2237; x_wconf 90' lang='lat' dir='ltr'>stabitur</span> <span class='ocrx_word' id='word_1_100' title='bbox 1172 2165 1228 2236; x_wconf 93' lang='lat' dir='ltr'>iu-</span> 
     </span>
     <span class='ocr_line' id='line_1_14' title="bbox 145 2282 1227 2377; baseline -0.001 -19"><span class='ocrx_word' id='word_1_101' title='bbox 145 2286 245 2358; x_wconf 89' lang='lat' dir='ltr'>dicio.</span> <span class='ocrx_word' id='word_1_102' title='bbox 266 2285 343 2377; x_wconf 84' lang='lat' dir='ltr'>Ego</span> <span class='ocrx_word' id='word_1_103' title='bbox 362 2284 509 2358; x_wconf 84' lang='lat' dir='ltr'>fideliter</span> <span class='ocrx_word' id='word_1_104' title='bbox 533 2282 670 2355; x_wconf 87' lang='lat' dir='ltr'>locutus</span> <span class='ocrx_word' id='word_1_105' title='bbox 695 2283 802 2356; x_wconf 92' lang='lat' dir='ltr'>dicar.</span> <span class='ocrx_word' id='word_1_106' title='bbox 824 2285 914 2357; x_wconf 92' lang='lat' dir='ltr'>Satis</span> <span class='ocrx_word' id='word_1_107' title='bbox 939 2296 994 2358; x_wconf 88' lang='lat' dir='ltr'>est</span> <span class='ocrx_word' id='word_1_108' title='bbox 1019 2283 1113 2355; x_wconf 90' lang='lat' dir='ltr'>mibi.</span> <span class='ocrx_word' id='word_1_109' title='bbox 1139 2287 1227 2357; x_wconf 90' lang='lat' dir='ltr'>Pru-</span> 
     </span>
     <span class='ocr_line' id='line_1_15' title="bbox 145 2407 1227 2502; baseline -0.002 -21"><span class='ocrx_word' id='word_1_110' title='bbox 145 2408 260 2481; x_wconf 86' lang='lat' dir='ltr'>dentia</span> <span class='ocrx_word' id='word_1_111' title='bbox 293 2408 383 2480; x_wconf 90' lang='lat' dir='ltr'>inter</span> <span class='ocrx_word' id='word_1_112' title='bbox 412 2409 630 2502; x_wconf 82' lang='lat' dir='ltr'>professores</span> <span class='ocrx_word' id='word_1_113' title='bbox 658 2407 853 2501; x_wconf 84' lang='lat' dir='ltr'>prudentiae</span> <span class='ocrx_word' id='word_1_114' title='bbox 878 2409 1084 2502; x_wconf 84' lang='lat' dir='ltr'>requiratur.</span> <span class='ocrx_word' id='word_1_115' title='bbox 1112 2409 1148 2478; x_wconf 86' lang='lat' dir='ltr'>Si</span> <span class='ocrx_word' id='word_1_116' title='bbox 1174 2417 1227 2479; x_wconf 89' lang='lat' dir='ltr'>ta-</span> 
     </span>
     <span class='ocr_line' id='line_1_16' title="bbox 144 2527 1226 2623; baseline 0.003 -23"><span class='ocrx_word' id='word_1_117' title='bbox 144 2552 224 2603; x_wconf 91' lang='lat' dir='ltr'>men</span> <span class='ocrx_word' id='word_1_118' title='bbox 245 2528 460 2623; x_wconf 89' lang='lat' dir='ltr'>interpretari</span> <span class='ocrx_word' id='word_1_119' title='bbox 480 2527 611 2602; x_wconf 83' lang='lat' dir='ltr'>dictum</span> <span class='ocrx_word' id='word_1_120' title='bbox 637 2551 752 2602; x_wconf 90' lang='lat' dir='ltr'>meum</span> <span class='ocrx_word' id='word_1_121' title='bbox 773 2551 842 2601; x_wconf 92' lang='lat' dir='ltr'>non</span> <span class='ocrx_word' id='word_1_122' title='bbox 863 2529 1063 2623; x_wconf 90' lang='lat' dir='ltr'>prohibeor,</span> <span class='ocrx_word' id='word_1_123' title='bbox 1086 2530 1133 2600; x_wconf 90' lang='lat' dir='ltr'>ita</span> <span class='ocrx_word' id='word_1_124' title='bbox 1158 2551 1226 2621; x_wconf 89' lang='lat' dir='ltr'>ego</span> 
     </span>
     <span class='ocr_line' id='line_1_17' title="bbox 144 2651 1227 2744; baseline -0.001 -21"><span class='ocrx_word' id='word_1_125' title='bbox 144 2652 204 2724; x_wconf 89' lang='lat' dir='ltr'>tibi</span> <span class='ocrx_word' id='word_1_126' title='bbox 224 2651 435 2724; x_wconf 87' lang='lat' dir='ltr'>celeritatem</span> <span class='ocrx_word' id='word_1_127' title='bbox 458 2652 554 2723; x_wconf 88' lang='lat' dir='ltr'>suasi</span> <span class='ocrx_word' id='word_1_128' title='bbox 579 2661 619 2724; x_wconf 93' lang='lat' dir='ltr'>ut</span> <span class='ocrx_word' id='word_1_129' title='bbox 644 2652 825 2744; x_wconf 80' lang='lat' dir='ltr'>segnitiem</span> <span class='ocrx_word' id='word_1_130' title='bbox 852 2663 1069 2735; x_wconf 83' lang='lat' dir='ltr'>excuterem,</span> <span class='ocrx_word' id='word_1_131' title='bbox 1092 2673 1160 2722; x_wconf 92' lang='lat' dir='ltr'>non</span> <span class='ocrx_word' id='word_1_132' title='bbox 1186 2660 1227 2722; x_wconf 91' lang='lat' dir='ltr'>ut</span> 
     </span>
     <span class='ocr_line' id='line_1_18' title="bbox 144 2764 1224 2869; baseline 0.002 -25"><span class='ocrx_word' id='word_1_133' title='bbox 144 2775 178 2845; x_wconf 91' lang='lat' dir='ltr'>in</span> <span class='ocrx_word' id='word_1_134' title='bbox 195 2772 289 2847; x_wconf 88' lang='lat' dir='ltr'>aliud</span> <span class='ocrx_word' id='word_1_135' title='bbox 307 2784 545 2847; x_wconf 85' lang='lat' dir='ltr'>extremorum</span> <span class='ocrx_word' id='word_1_136' title='bbox 565 2783 598 2845; x_wconf 90' lang='lat' dir='ltr'>te</span> <span class='ocrx_word' id='word_1_137' title='bbox 616 2774 836 2869; x_wconf 90' lang='lat' dir='ltr'>impellerem.</span> <span class='ocrx_word' id='word_1_138' title='bbox 850 2764 1010 2844; x_wconf 61' lang='lat' dir='ltr'>&#39;Sciebam</span> <span class='ocrx_word' id='word_1_139' title='bbox 1023 2772 1115 2844; x_wconf 88' lang='lat' dir='ltr'>enim</span> <span class='ocrx_word' id='word_1_140' title='bbox 1130 2773 1224 2865; x_wconf 92' lang='lat' dir='ltr'>quod</span> 
     </span>
     <span class='ocr_line' id='line_1_19' title="bbox 144 2890 1331 2989; baseline -0.001 -21"><span class='ocrx_word' id='word_1_141' title='bbox 144 2895 369 2989; x_wconf 87' lang='lat' dir='ltr'>praecipitatio</span> <span class='ocrx_word' id='word_1_142' title='bbox 389 2918 467 2968; x_wconf 92' lang='lat' dir='ltr'>cum</span> <span class='ocrx_word' id='word_1_143' title='bbox 492 2896 528 2967; x_wconf 91' lang='lat' dir='ltr'>in</span> <span class='ocrx_word' id='word_1_144' title='bbox 554 2894 659 2967; x_wconf 90' lang='lat' dir='ltr'>rebus</span> <span class='ocrx_word' id='word_1_145' title='bbox 686 2892 847 2966; x_wconf 93' lang='lat' dir='ltr'>omnibus</span> <span class='ocrx_word' id='word_1_146' title='bbox 873 2894 983 2987; x_wconf 90' lang='lat' dir='ltr'>turpis</span> <span class='ocrx_word' id='word_1_147' title='bbox 1009 2896 1067 2979; x_wconf 89' lang='lat' dir='ltr'>sit,</span> <span class='ocrx_word' id='word_1_148' title='bbox 1090 2904 1162 2966; x_wconf 90' lang='lat' dir='ltr'>tum</span> <span class='ocrx_word' id='word_1_149' title='bbox 1188 2895 1224 2968; x_wconf 95' lang='lat' dir='ltr'>in</span> <span class='ocrx_word' id='word_1_150' title='bbox 1327 2890 1331 2896; x_wconf 81' lang='grc'><strong>’</strong></span> 
     </span>
     <span class='ocr_line' id='line_1_20' title="bbox 144 3000 1224 3113; baseline -0.001 -23"><span class='ocrx_word' id='word_1_151' title='bbox 144 3017 271 3090; x_wconf 91' lang='lat' dir='ltr'>summi</span> <span class='ocrx_word' id='word_1_152' title='bbox 303 3000 439 3113; x_wconf 83' lang='lat' dir='ltr'>imperii</span> <span class='ocrx_word' id='word_1_153' title='bbox 464 3017 762 3091; x_wconf 82' lang='lat' dir='ltr'>administratione</span> <span class='ocrx_word' id='word_1_154' title='bbox 795 3016 995 3110; x_wconf 90' lang='lat' dir='ltr'>turpissima</span> <span class='ocrx_word' id='word_1_155' title='bbox 1023 3028 1089 3089; x_wconf 90' lang='lat' dir='ltr'>est.</span> <span class='ocrx_word' id='word_1_156' title='bbox 1120 3019 1224 3090; x_wconf 90' lang='lat' dir='ltr'>Suasi</span> 
     </span>
     <span class='ocr_line' id='line_1_21' title="bbox 144 3139 1225 3235; baseline -0.003 -21"><span class='ocrx_word' id='word_1_157' title='bbox 144 3161 230 3233; x_wconf 91' lang='lat' dir='ltr'>ergo</span> <span class='ocrx_word' id='word_1_158' title='bbox 253 3139 461 3213; x_wconf 87' lang='lat' dir='ltr'>celeritatem</span> <span class='ocrx_word' id='word_1_159' title='bbox 487 3162 557 3213; x_wconf 95' lang='lat' dir='ltr'>non</span> <span class='ocrx_word' id='word_1_160' title='bbox 581 3139 793 3235; x_wconf 84' lang='lat' dir='ltr'>praecipitem</span> <span class='ocrx_word' id='word_1_161' title='bbox 821 3140 882 3213; x_wconf 91' lang='lat' dir='ltr'>sed</span> <span class='ocrx_word' id='word_1_162' title='bbox 908 3152 1089 3214; x_wconf 92' lang='lat' dir='ltr'>maturam.</span> <span class='ocrx_word' id='word_1_163' title='bbox 1112 3141 1225 3211; x_wconf 85' lang='lat' dir='ltr'>Mata-</span> 
     </span>
     <span class='ocr_line' id='line_1_22' title="bbox 143 3261 1225 3359; baseline -0.001 -24"><span class='ocrx_word' id='word_1_164' title='bbox 143 3275 214 3336; x_wconf 84' lang='lat' dir='ltr'>rate</span> <span class='ocrx_word' id='word_1_165' title='bbox 231 3266 356 3354; x_wconf 66' lang='lat' dir='ltr'>sugam</span> <span class='ocrx_word' id='word_1_166' title='bbox 378 3263 490 3359; x_wconf 77' lang='lat' dir='ltr'>inquit</span> <span class='ocrx_word' id='word_1_167' title='bbox 507 3264 613 3336; x_wconf 89' lang='lat' dir='ltr'>Maro.</span> <span class='ocrx_word' id='word_1_168' title='bbox 635 3262 745 3348; x_wconf 85' lang='lat' dir='ltr'>Quem</span> <span class='ocrx_word' id='word_1_169' title='bbox 764 3265 876 3335; x_wconf 93' lang='lat' dir='ltr'>locum</span> <span class='ocrx_word' id='word_1_170' title='bbox 894 3261 1092 3335; x_wconf 88' lang='lat' dir='ltr'>Macmbius</span> <span class='ocrx_word' id='word_1_171' title='bbox 1114 3283 1225 3356; x_wconf 83' lang='lat' dir='ltr'>expo·</span> 
     </span>
     <span class='ocr_line' id='line_1_23' title="bbox 143 3384 1224 3479; baseline -0.004 -21"><span class='ocrx_word' id='word_1_172' title='bbox 143 3407 245 3458; x_wconf 90' lang='lat' dir='ltr'>nens:</span> <span class='ocrx_word' id='word_1_173' title='bbox 263 3396 293 3455; x_wconf 86' lang='lat' dir='ltr'>et</span> <span class='ocrx_word' id='word_1_174' title='bbox 306 3386 483 3470; x_wconf 66' lang='lat' dir='ltr'>contrane,</span> <span class='ocrx_word' id='word_1_175' title='bbox 497 3384 617 3477; x_wconf 87' lang='lat' dir='ltr'>inquit,</span> <span class='ocrx_word' id='word_1_176' title='bbox 632 3384 763 3456; x_wconf 83' lang='lat' dir='ltr'>videtur</span> <span class='ocrx_word' id='word_1_177' title='bbox 776 3388 857 3479; x_wconf 74' lang='lat' dir='ltr'>suga</span> <span class='ocrx_word' id='word_1_178' title='bbox 871 3385 1065 3455; x_wconf 80' lang='lat' dir='ltr'>maturitati.</span> <span class='ocrx_word' id='word_1_179' title='bbox 1084 3385 1128 3454; x_wconf 84' lang='lat' dir='ltr'>Et</span> <span class='ocrx_word' id='word_1_180' title='bbox 1145 3393 1224 3477; x_wconf 85' lang='lat' dir='ltr'>post</span> 
     </span>
     <span class='ocr_line' id='line_1_24' title="bbox 143 3506 1221 3602; baseline -0.005 -20"><span class='ocrx_word' id='word_1_181' title='bbox 143 3529 267 3602; x_wconf 87' lang='lat' dir='ltr'>pauca:</span> <span class='ocrx_word' id='word_1_182' title='bbox 289 3518 464 3592; x_wconf 84' lang='lat' dir='ltr'>maturate,</span> <span class='ocrx_word' id='word_1_183' title='bbox 482 3506 602 3601; x_wconf 86' lang='lat' dir='ltr'>inquit,</span> <span class='ocrx_word' id='word_1_184' title='bbox 620 3507 706 3602; x_wconf 86' lang='lat' dir='ltr'>quod</span> <span class='ocrx_word' id='word_1_185' title='bbox 728 3528 833 3598; x_wconf 81' lang='lat' dir='ltr'>aeque</span> <span class='ocrx_word' id='word_1_186' title='bbox 852 3509 948 3578; x_wconf 77' lang='lat' dir='ltr'>citius</span> <span class='ocrx_word' id='word_1_187' title='bbox 972 3529 1077 3598; x_wconf 82' lang='lat' dir='ltr'>aeque</span> <span class='ocrx_word' id='word_1_188' title='bbox 1101 3510 1221 3591; x_wconf 81' lang='lat' dir='ltr'>aerias,</span> 
     </span>
     <span class='ocr_line' id='line_1_25' title="bbox 141 3627 1224 3725; baseline -0.002 -25"><span class='ocrx_word' id='word_1_189' title='bbox 141 3628 199 3700; x_wconf 81' lang='lat' dir='ltr'>aed</span> <span class='ocrx_word' id='word_1_190' title='bbox 220 3627 364 3700; x_wconf 82' lang='lat' dir='ltr'>madiam</span> <span class='ocrx_word' id='word_1_191' title='bbox 387 3627 542 3722; x_wconf 79' lang='lat' dir='ltr'>quiddam</span> <span class='ocrx_word' id='word_1_192' title='bbox 566 3640 597 3699; x_wconf 86' lang='lat' dir='ltr'>et</span> <span class='ocrx_word' id='word_1_193' title='bbox 622 3639 836 3725; x_wconf 83' lang='lat' dir='ltr'>temperatam</span> <span class='ocrx_word' id='word_1_194' title='bbox 861 3641 917 3701; x_wconf 77' lang='lat' dir='ltr'>eat.</span> <span class='ocrx_word' id='word_1_195' title='bbox 943 3628 1055 3714; x_wconf 83' lang='lat' dir='ltr'>Quam</span> <span class='ocrx_word' id='word_1_196' title='bbox 1083 3640 1224 3703; x_wconf 86' lang='lat' dir='ltr'>senten·</span> 
     </span>
     <span class='ocr_line' id='line_1_26' title="bbox 143 3750 1224 3846; baseline 0 -22"><span class='ocrx_word' id='word_1_197' title='bbox 143 3752 228 3824; x_wconf 87' lang='lat' dir='ltr'>tiam</span> <span class='ocrx_word' id='word_1_198' title='bbox 246 3751 366 3823; x_wconf 82' lang='lat' dir='ltr'>Caesar</span> <span class='ocrx_word' id='word_1_199' title='bbox 385 3750 567 3843; x_wconf 84' lang='lat' dir='ltr'>Augustus</span> <span class='ocrx_word' id='word_1_200' title='bbox 586 3774 737 3846; x_wconf 86' lang='lat' dir='ltr'>sequens</span> <span class='ocrx_word' id='word_1_201' title='bbox 757 3754 928 3839; x_wconf 85' lang='lat' dir='ltr'>monebat,</span> <span class='ocrx_word' id='word_1_202' title='bbox 951 3765 990 3824; x_wconf 90' lang='lat' dir='ltr'>ut</span> <span class='ocrx_word' id='word_1_203' title='bbox 1010 3753 1053 3825; x_wconf 89' lang='lat' dir='ltr'>ad</span> <span class='ocrx_word' id='word_1_204' title='bbox 1071 3774 1144 3824; x_wconf 93' lang='lat' dir='ltr'>rem</span> <span class='ocrx_word' id='word_1_205' title='bbox 1162 3774 1224 3844; x_wconf 87' lang='lat' dir='ltr'>ge-</span> 
     </span>
     <span class='ocr_line' id='line_1_27' title="bbox 142 3871 1224 3948; baseline -0.002 -3"><span class='ocrx_word' id='word_1_206' title='bbox 142 3871 285 3946; x_wconf 88' lang='lat' dir='ltr'>rendam</span> <span class='ocrx_word' id='word_1_207' title='bbox 305 3873 407 3944; x_wconf 89' lang='lat' dir='ltr'>simul</span> <span class='ocrx_word' id='word_1_208' title='bbox 428 3872 654 3946; x_wconf 85' lang='lat' dir='ltr'>adhiberetur</span> <span class='ocrx_word' id='word_1_209' title='bbox 669 3887 705 3947; x_wconf 92' lang='lat' dir='ltr'>et</span> <span class='ocrx_word' id='word_1_210' title='bbox 725 3876 906 3948; x_wconf 83' lang='lat' dir='ltr'>industriae</span> <span class='ocrx_word' id='word_1_211' title='bbox 922 3875 1080 3947; x_wconf 88' lang='lat' dir='ltr'>celeritas</span> <span class='ocrx_word' id='word_1_212' title='bbox 1101 3884 1137 3944; x_wconf 91' lang='lat' dir='ltr'>et</span> <span class='ocrx_word' id='word_1_213' title='bbox 1154 3885 1224 3945; x_wconf 89' lang='lat' dir='ltr'>tar-</span> 
     </span>
     <span class='ocr_line' id='line_1_28' title="bbox 141 3995 1223 4089; baseline -0.001 -21"><span class='ocrx_word' id='word_1_214' title='bbox 141 3995 231 4068; x_wconf 89' lang='lat' dir='ltr'>ditas</span> <span class='ocrx_word' id='word_1_215' title='bbox 253 3995 464 4086; x_wconf 86' lang='lat' dir='ltr'>diligentiae:</span> <span class='ocrx_word' id='word_1_216' title='bbox 491 4019 538 4068; x_wconf 77' lang='lat' dir='ltr'>ex</span> <span class='ocrx_word' id='word_1_217' title='bbox 563 3995 689 4089; x_wconf 86' lang='lat' dir='ltr'>quibus</span> <span class='ocrx_word' id='word_1_218' title='bbox 716 3997 854 4069; x_wconf 93' lang='lat' dir='ltr'>duobus</span> <span class='ocrx_word' id='word_1_219' title='bbox 879 3995 1060 4068; x_wconf 90' lang='lat' dir='ltr'>contrariis</span> <span class='ocrx_word' id='word_1_220' title='bbox 1086 3995 1125 4066; x_wconf 89' lang='lat' dir='ltr'>fit</span> <span class='ocrx_word' id='word_1_221' title='bbox 1150 4017 1223 4067; x_wconf 92' lang='lat' dir='ltr'>ma·</span> 
     </span>
     <span class='ocr_line' id='line_1_29' title="bbox 141 4117 1221 4210; baseline 0.001 -21"><span class='ocrx_word' id='word_1_222' title='bbox 141 4119 276 4190; x_wconf 85' lang='lat' dir='ltr'>toritas.</span> <span class='ocrx_word' id='word_1_223' title='bbox 302 4118 410 4190; x_wconf 84' lang='lat' dir='ltr'>Multa</span> <span class='ocrx_word' id='word_1_224' title='bbox 434 4118 480 4189; x_wconf 91' lang='lat' dir='ltr'>ibi</span> <span class='ocrx_word' id='word_1_225' title='bbox 508 4117 642 4191; x_wconf 89' lang='lat' dir='ltr'>similia.</span> <span class='ocrx_word' id='word_1_226' title='bbox 669 4118 737 4189; x_wconf 91' lang='lat' dir='ltr'>Sed</span> <span class='ocrx_word' id='word_1_227' title='bbox 763 4118 869 4189; x_wconf 90' lang='lat' dir='ltr'>redeo</span> <span class='ocrx_word' id='word_1_228' title='bbox 894 4118 938 4189; x_wconf 93' lang='lat' dir='ltr'>ad</span> <span class='ocrx_word' id='word_1_229' title='bbox 965 4138 1049 4187; x_wconf 92' lang='lat' dir='ltr'>rem.</span> <span class='ocrx_word' id='word_1_230' title='bbox 1076 4118 1109 4187; x_wconf 91' lang='lat' dir='ltr'>Si</span> <span class='ocrx_word' id='word_1_231' title='bbox 1136 4139 1221 4210; x_wconf 91' lang='lat' dir='ltr'>ergo</span> 
     </span>
     <span class='ocr_line' id='line_1_30' title="bbox 140 4239 1221 4334; baseline -0.001 -23"><span class='ocrx_word' id='word_1_232' title='bbox 140 4241 216 4326; x_wconf 84' lang='lat' dir='ltr'>tibi,</span> <span class='ocrx_word' id='word_1_233' title='bbox 236 4241 368 4326; x_wconf 74' lang='lat' dir='ltr'>Caesar,</span> <span class='ocrx_word' id='word_1_234' title='bbox 388 4241 453 4313; x_wconf 89' lang='lat' dir='ltr'>hoc</span> <span class='ocrx_word' id='word_1_235' title='bbox 474 4240 653 4313; x_wconf 89' lang='lat' dir='ltr'>consilium</span> <span class='ocrx_word' id='word_1_236' title='bbox 674 4261 743 4311; x_wconf 92' lang='lat' dir='ltr'>non</span> <span class='ocrx_word' id='word_1_237' title='bbox 765 4242 886 4332; x_wconf 89' lang='lat' dir='ltr'>placet,</span> <span class='ocrx_word' id='word_1_238' title='bbox 908 4241 1042 4334; x_wconf 87' lang='lat' dir='ltr'>placeat</span> <span class='ocrx_word' id='word_1_239' title='bbox 1061 4239 1163 4325; x_wconf 84' lang='lat' dir='ltr'>fides,</span> <span class='ocrx_word' id='word_1_240' title='bbox 1183 4250 1221 4311; x_wconf 90' lang='lat' dir='ltr'>ut</span> 
     </span>
     <span class='ocr_line' id='line_1_31' title="bbox 140 4361 1221 4456; baseline -0.003 -23"><span class='ocrx_word' id='word_1_241' title='bbox 140 4363 229 4434; x_wconf 85' lang='lat' dir='ltr'>lacit.</span> <span class='ocrx_word' id='word_1_242' title='bbox 247 4364 304 4434; x_wconf 84' lang='lat' dir='ltr'>llle</span> <span class='ocrx_word' id='word_1_243' title='bbox 325 4373 441 4435; x_wconf 91' lang='lat' dir='ltr'>autem</span> <span class='ocrx_word' id='word_1_244' title='bbox 460 4361 544 4455; x_wconf 91' lang='lat' dir='ltr'>quid</span> <span class='ocrx_word' id='word_1_245' title='bbox 561 4361 734 4434; x_wconf 88' lang='lat' dir='ltr'>dicturum</span> <span class='ocrx_word' id='word_1_246' title='bbox 752 4365 876 4455; x_wconf 83' lang='lat' dir='ltr'>putas?</span> <span class='ocrx_word' id='word_1_247' title='bbox 892 4363 1023 4456; x_wconf 89' lang='lat' dir='ltr'>Nempe</span> <span class='ocrx_word' id='word_1_248' title='bbox 1039 4363 1123 4432; x_wconf 91' lang='lat' dir='ltr'>mibi</span> <span class='ocrx_word' id='word_1_249' title='bbox 1139 4383 1221 4432; x_wconf 91' lang='lat' dir='ltr'>con·</span> 
     </span>
     <span class='ocr_line' id='line_1_32' title="bbox 140 4470 1267 4578; baseline -0.004 -25"><span class='ocrx_word' id='word_1_250' title='bbox 140 4484 256 4556; x_wconf 91' lang='lat' dir='ltr'>silium</span> <span class='ocrx_word' id='word_1_251' title='bbox 274 4485 369 4558; x_wconf 93' lang='lat' dir='ltr'>aliud</span> <span class='ocrx_word' id='word_1_252' title='bbox 391 4486 521 4557; x_wconf 92' lang='lat' dir='ltr'>nullum</span> <span class='ocrx_word' id='word_1_253' title='bbox 540 4495 615 4556; x_wconf 88' lang='lat' dir='ltr'>est:</span> <span class='ocrx_word' id='word_1_254' title='bbox 638 4485 700 4556; x_wconf 88' lang='lat' dir='ltr'>sed</span> <span class='ocrx_word' id='word_1_255' title='bbox 718 4482 844 4578; x_wconf 89' lang='lat' dir='ltr'>optabo</span> <span class='ocrx_word' id='word_1_256' title='bbox 864 4495 903 4558; x_wconf 92' lang='lat' dir='ltr'>ut</span> <span class='ocrx_word' id='word_1_257' title='bbox 919 4484 1086 4577; x_wconf 88' lang='lat' dir='ltr'>quidquid</span> <span class='ocrx_word' id='word_1_258' title='bbox 1108 4484 1221 4569; x_wconf 84' lang='lat' dir='ltr'>elege-</span> <span class='ocrx_word' id='word_1_259' title='bbox 1264 4470 1267 4476; x_wconf 77' lang='grc'><strong>’</strong></span> 
     </span>
    </p>
   </div>
   <div class='ocr_carea' id='block_1_3' title="bbox 0 0 1374 5062">
    <p class='ocr_par' dir='ltr' id='par_1_3' title="bbox 0 0 1374 5062">
     <span class='ocr_line' id='line_1_33' title="bbox 0 0 1374 5062; baseline 0 2"><span class='ocrx_word' id='word_1_260' title='bbox 0 0 1374 5062; x_wconf 95' lang='lat' dir='ltr'> </span> 
     </span>
    </p>
   </div>
  </div>
 </body>
</html>
