2738 5062
148 602 201 661 lid
480 610 520 657 llll
542 608 643 658 llElllJS
665 606 886 659 l'dlllLlllllllllS

143 748 232 831 nias,
252 744 347 816 unde
363 742 402 815 fit
416 754 453 815 ut
465 744 568 815 dives
585 743 699 835 inopis
716 742 751 812 iu
769 763 900 813 molem
916 740 963 813 ad
978 742 1112 815 uatium
1124 746 1236 821 etiam

144 890 259 939 meum
282 868 414 959 pulseS‚
439 864 667 955 dignissimus
687 860 857 946 exaudiri,
881 863 947 935 uisi
969 872 1054 935 voto
1072 876 1136 939 tuo
1153 886 1237 941 mea

144 1001 328 1085 paupertas
341 987 543 1072 obsisteret,
564 1008 633 1080 qua
650 1008 757 1079 cogor
774 997 812 1057 ut
828 985 1078 1078 respondeam:
1097 987 1111 1059 l
1128 988 1234 1061 felix:

143 1134 262 1205 quaere
282 1110 372 1193 alibi,
394 1110 572 1201 ditiusque
594 1108 699 1181 limen
719 1106 791 1180 adi:
812 1108 869 1180 hic
889 1129 1040 1203 namque
1057 1110 1160 1203 quod
1178 1130 1237 1183 ro—

143 1232 233 1321 gius
255 1234 374 1324 procul
396 1231 503 1302 dubio
524 1252 594 1301 uon
614 1216 680 1301 esis
699 1231 794 1301 Vale.

561 1707 736 1801 u'usuuuu
763 1735 808 1823 uu.

270 1943 463 1991 fluia'clscus
485 1940 653 1990 PETRARCA
675 1936 783 1988 aulico
805 1937 952 1987 lllllllEllSl
974 1939 1001 1987 S.
1023 1940 1052 1987 Ρ.
1076 1940 1106 1988 D.

255 2127 405 2176 Amanium
420 2139 492 2175 cauca
507 2138 567 2176 esse
582 2121 696 2189 iudicia,
711 2137 796 2192 aeque
810 2121 895 2175 tantis
907 2120 968 2175 eiua
981 2120 1115 2177 laudibus

542 2226 657 2280 prorsus
671 2208 825 2280 indignum.

239 2450 394 2534 Falleris,
409 2452 527 2534 amice,
539 2453 566 2522 si
582 2471 638 2522 res
652 2471 760 2535 meae,
772 2461 812 2522 ut
825 2451 894 2536 tibi,
909 2451 961 2524 siu
975 2452 1142 2527 omnibus
1155 2458 1228 2549 pla-

141 2579 270 2649 citurus
285 2573 558 2646 arbitrariuNon
570 2572 679 2644 oculis
692 2573 854 2645 omnibus
866 2572 1089 2647 idem'visus:
1104 2598 1226 2651 eoecus

141 2712 196 2773 est
208 2721 320 2783 amor,
335 2697 421 2769 eueci
439 2704 523 2769 sunt
535 2706 707 2781 amantes,
723 2703 972 2789 amantumque
988 2697 1118 2770 iudicia
1129 2722 1225 2773 coeea

141 2833 233 2894 suni.
254 2823 330 2894 Nou
353 2833 388 2892 lu
406 2820 540 2913 primus
561 2819 628 2892 hoe
643 2819 745 2905 dicis,
768 2819 862 2892 dicet
881 2819 1026 2911 aliquis;
1048 2828 1155 2893 vetus
1170 2832 1226 2893 est

141 2943 298 3014 verbum.
318 2944 438 3025 Vetus,
462 2942 612 3034 inquam,
636 2942 700 3015 sed
720 2964 853 3014 verum.
876 2942 1013 3013 Veritas
1034 2963 1103 3014 non
1123 2963 1225 3015 seue·

142 3064 216 3136 scii.
240 3064 456 3156 ingeniosior
476 3065 624 3134 sortasse
644 3062 705 3155 qui
727 3063 865 3157 reperit,
887 3084 957 3134 nou
973 3060 1105 3135 verior.
1127 3064 1225 3137 Aller

140 3186 207 3256 huc
227 3185 327 3256 dixit.
351 3185 443 3269 Quid
468 3186 596 3256 refert?
617 3207 662 3255 au
683 3183 799 3255 miuus
820 3181 898 3254 ideo
918 3204 1045 3255 verum
1064 3196 1122 3271 est
1141 3186 1223 3279 quia

141 3329 161 3376 u
182 3307 300 3377 multis
322 3307 473 3379 dicitur?
490 3306 584 3378 Dixit
604 3306 671 3377 llue
688 3308 787 3389 alter,
806 3317 842 3377 ut
859 3328 925 3397 ego
941 3308 1144 3392 consent-io,
1162 3328 1224 3379 ve-

143 3426 350 3518 rissimeque
370 3429 501 3499 dictum
521 3432 641 3513 faleor,
657 3441 693 3499 ei
707 3429 830 3500 ulieuae
851 3428 1034 3500 sententiaa
1053 3442 1223 3525 expertus

140 3547 277 3620 aeuedo.
297 3550 383 3632 Quae
404 3573 484 3619 cum
507 3550 553 3620 ila
574 3552 652 3633 sint,
678 3552 767 3633 vide,
789 3572 922 3644 quaesu,
943 3572 987 3622 ue
1009 3551 1224 3645 indulgentia

140 3680 199 3741 tua
227 3670 323 3751 haec,
350 3690 432 3762 quae
459 3672 603 3742 luaeuuiu
632 3673 666 3742 in
693 3672 856 3745 laudibus
881 3676 967 3747 meis
993 3675 1127 3759 nescit,
1155 3697 1224 3747 uun

142 3795 372 3885 parvolanam
392 3794 544 3887 periculo
571 3816 635 3865 uos
660 3805 824 3888 opponat,
849 3808 953 3889 tuque
975 3819 1044 3869 uon
1070 3808 1127 3870 sat
1146 3780 1225 3892 pei·-

142 3915 263 4008 spieux
286 3918 394 3990 iudex
426 3938 609 4010 appaream,
636 3926 671 3988 et
696 3940 775 4009 ego,
802 3918 863 4011 qui
889 3918 997 3989 tutius
1025 3920 1223 4001 latuissem‚

143 4041 380 4113 severioribus
398 4039 582 4123 iudicibus,
598 4049 630 4110 te
644 4041 822 4135 prodente,
836 4040 1010 4112 subiiciat.
1027 4038 1114 4112 lllud
1130 4040 1224 4112 enim

142 4157 284 4231 minime
304 4185 429 4235 vereor
449 4186 493 4234 ne
515 4184 636 4234 recens
661 4161 912 4254 cuiuscumque
937 4162 1102 4234 iudicium
1125 4171 1161 4233 te
1180 4160 1227 4233 ab

139 4281 284 4373 antiqua
301 4306 454 4377 uuquam
473 4283 634 4377 opinione
648 4283 836 4355 dimoveat,
853 4284 1030 4376 Quidquid
1043 4283 1116 4365 erit,
1133 4282 1229 4355 absit

137 4416 175 4475 ui
199 4403 319 4475 amicis
342 4406 410 4478 tuis
432 4428 499 4476 non
521 4428 660 4498 semper
684 4416 822 4499 pateant
842 4406 1003 4479 amicitiae
1023 4414 1157 4477 nostre
1176 4407 1229 4477 lu·
