2738 5062
347 704 440 754 ttueu
461 702 762 754 sesuldusouuntus.
771 721 811 736 -·
822 704 976 755 EPISTOLA
997 705 1017 753 l.
1159 694 1219 757 415

140 842 298 912 Christus
321 840 381 911 Dei
402 840 524 924 Filius,
547 840 764 934 philosophia
781 852 898 913 autem
920 843 1101 937 sapientiae
1123 865 1220 914 amor

139 972 206 1046 est,
240 984 288 1033 ex
317 961 401 1056 ipsis
438 962 541 1032 etiam
577 961 761 1052 Augustini
795 962 912 1034 verbis
939 963 1013 1035 sine
1042 964 1220 1038 dubietate

139 1084 363 1167 concluditur,
382 1105 503 1154 verum
523 1083 766 1176 philosophum
786 1083 850 1154 nisi
868 1085 931 1155 Dei
948 1097 1138 1157 amatorem
1157 1108 1221 1157 ve·
1331 1124 1338 1131 ·

141 1218 287 1299 rumque
309 1205 552 1277 Christicolum
577 1225 656 1276 esse
683 1226 752 1275 uon
778 1226 895 1300 posse.
922 1207 1019 1279 Hanc
1045 1218 1079 1278 tu
1108 1208 1220 1301 philo-

142 1330 313 1422 sophiam,
331 1349 499 1420 germane
519 1325 657 1419 optime,
677 1349 746 1399 non
768 1327 913 1399 Athenis
931 1338 994 1399 aut
1006 1331 1135 1413 Romae,
1151 1350 1221 1399 non

141 1450 293 1534 Parisiis,
322 1450 384 1521 sed
410 1450 540 1521 devoto
563 1446 601 1519 in
619 1459 736 1520 monte
761 1470 802 1520 ao
821 1449 983 1541 religioso
1015 1451 1050 1519 in
1080 1471 1223 1522 nemore

142 1572 285 1643 feliciter
310 1570 588 1665 apprehendisti,
616 1573 725 1642 multo
751 1571 818 1642 illis
849 1572 966 1642 verior
998 1572 1222 1664 securiorque

143 1692 369 1786 philosophus
395 1690 463 1783 qui,
492 1702 530 1763 ut
548 1691 766 1783 Augustinus
788 1691 876 1763 idem
899 1693 962 1763 ait:
988 1721 1001 1758 ι
1028 1692 1222 1784 Siquando

147 1842 163 1878 n
190 1814 235 1886 ad
255 1814 523 1906 disputationem
546 1815 689 1897 venitur,
716 1813 892 1886 Platonico
912 1813 1051 1886 nomine
1072 1834 1134 1885 ora
1149 1836 1224 1885 cre-

149 1965 165 2001 »
193 1936 308 2030 pantia
326 1957 433 2028 quam
453 1946 576 2028 pectus
597 1957 682 2006 vero
702 1937 842 2028 plenum
868 1933 980 2026 magis
1007 1933 1136 2006 hahere
1163 1956 1224 2027 ge-
1282 1985 1288 2007 .

149 2084 166 2120 n
194 2057 311 2127 stiunt.
337 2082 352 2120 u
375 2053 527 2138 Quodsi
548 2055 593 2126 de
610 2055 794 2127 Platonicis
815 2056 917 2126 etiam
940 2077 1062 2127 verum
1080 2067 1144 2141 est,
1162 2055 1222 2148 qui

145 2179 309 2250 exomni
342 2176 625 2271 philosophorum
659 2177 732 2247 acie
765 2178 996 2270 praeferuntur
1029 2197 1049 2246 a
1078 2178 1220 2260 nostris,

146 2307 276 2391 quanto
295 2299 340 2370 de
356 2297 423 2369 illis
439 2306 495 2368 est
508 2297 643 2380 verius,
661 2297 707 2368 de
723 2297 852 2390 quihus
868 2297 1057 2390 Apostolus
1078 2300 1224 2391 loquens

146 2420 212 2491 ait:
234 2431 343 2490 cauete
362 2440 405 2490 ne
420 2421 493 2510 puis
512 2441 570 2489 uos
589 2417 730 2511 decipiat
744 2442 808 2512 per
829 2421 1069 2512 philosophiam
1094 2431 1125 2491 et
1149 2423 1225 2491 ina-

147 2565 223 2612 nem
242 2540 463 2613 reductionem
481 2540 660 2612 secundum
680 2543 839 2612 elonenta
858 2540 989 2626 mandi,
1007 2541 1067 2635 qui
1094 2541 1223 2613 scilicet

146 2663 230 2735 alias
252 2675 356 2756 atque
375 2663 471 2746 alias,
493 2683 582 2754 quas
603 2684 696 2734 nunc
715 2684 921 2734 enumerare
935 2684 1003 2732 non
1016 2671 1159 2752 oportet,
1174 2662 1226 2730 in-

146 2784 379 2855 numerabiles
401 2793 516 2856 sectus
537 2805 584 2854 ex
606 2782 749 2854 infinitis
769 2782 946 2853 erroribus
968 2786 1225 2853 extruxerunt?

244 2902 336 2989 Quid
355 2927 447 2976 nunc
466 2906 512 2977 de
533 2903 669 2996 legibus
690 2903 936 2975 mediatorum
954 2903 1225 2995 putas‘lMultos

149 3028 264 3118 legum
290 3026 488 3098 inventores
512 3025 662 3099 diversis
684 3026 718 3095 iu
739 3023 902 3118 gentibus
922 3025 1031 3096 luisse
1051 3026 1224 3098 novimus.

149 3149 216 3220 Sed
237 3155 275 3217 ut
293 3146 494 3220 obscuriora
516 3158 733 3241 praeteream,
751 3146 834 3217 olari
851 3158 934 3218 sunt
950 3145 1085 3238 legibus
1104 3145 1227 3217 iuven·
1257 3170 1268 3190 ·

148 3270 192 3342 tis
225 3271 317 3379 apud
348 3271 462 3364 Argos
489 3273 716 3354 Phoronaeus,
745 3268 837 3362 apud
861 3267 1143 3340 Lacedaemonios
1169 3268 1227 3338 Li-

147 3414 290 3484 curgus,
312 3393 405 3485 apud
425 3391 656 3465 Athenienses
674 3395 789 3475 Solon,
811 3393 911 3463 ouius
933 3393 1027 3483 leges
1045 3391 1090 3463 ad
1103 3392 1226 3461 Roma·

147 3537 211 3586 nos
231 3514 313 3587 inde
334 3525 549 3601 transvertae,
573 3519 719 3587 multum
740 3529 885 3606 ornatus
904 3523 1008 3606 atque
1030 3512 1226 3606 amplitudi-

148 3636 203 3707 nis
223 3648 439 3729 acceperunt.
463 3639 548 3709 Hinc
568 3640 625 3709 lex
645 3637 827 3709 duodecim
845 3636 1041 3709 tabularum
1060 3638 1227 3727 legesque

149 3758 226 3830 aliae
257 3769 293 3830 et
317 3761 464 3832 Senatus
490 3761 653 3831 Consulto
679 3770 714 3831 et
740 3759 918 3852 plebiscita
944 3770 980 3830 et
1006 3757 1226 3830 honorarium

149 3881 203 3951 ius
225 3891 431 3973 praetorum,
451 3892 626 3974 postremo
646 3880 854 3953 dictatorum
875 3904 915 3952 ac
940 3881 1133 3974 principum
1154 3878 1227 3950 edi-

148 4009 214 4073 cta.
237 4003 298 4073 Hae
318 4013 431 4074 autem
454 4005 550 4094 leges
569 4023 703 4086 omnes,
725 4012 773 4084 et,
794 4002 823 4071 si
849 4022 929 4094 quae
955 4001 1032 4071 aliae
1058 4009 1152 4084 suut,
1182 4003 1228 4070 si-

149 4134 209 4195 cut
232 4124 435 4196 humanitus
472 4124 687 4205 adinventae,
726 4122 775 4192 sic
813 4121 1013 4192 humanitus
1038 4122 1227 4192 immutatae

149 4270 211 4341 per
230 4249 433 4319 varietatem
455 4258 647 4339 temporum
673 4243 814 4315 mutatis
842 4241 1020 4315 affectibus
1045 4255 1081 4315 et
1106 4246 1227 4316 volun-

150 4368 279 4440 tatibus
301 4368 493 4450 hominum,
517 4365 699 4459 inquibus
724 4366 792 4435 ittae
815 4366 970 4437 fundatae
994 4377 1108 4450 erant3
1134 4388 1228 4436 com-

150 4513 255 4562 mune
272 4502 327 4563 est
346 4489 438 4562 enim
460 4499 497 4561 ut
519 4511 585 4561 una
603 4491 660 4560 lex
677 4489 777 4562 aliam
797 4487 955 4580 corrigat.
979 4490 1038 4562 Vis
1060 4499 1224 4560 aeternam
