2738 5062
146 624 201 685 134
479 637 519 684 un
541 637 640 686 nunus
661 636 882 687 rsurnrnnruus

143 772 228 856 sitis,
243 773 290 843 nil
307 770 444 842 aliunde
465 771 706 864 trepidandum
731 782 795 844 cst.
821 772 920 851 Vale,
940 769 1069 841 ducum
1089 790 1131 841 ac
1152 770 1204 840 vi-

143 915 258 965 rorum
279 894 414 985 optime.

283 1039 397 1108 ruant,
414 1039 471 1093 xv.
494 1039 553 1094 sar.
569 1040 673 1112 Aprilis
685 1040 721 1093 u.
738 1038 811 1093 ouo.
827 1038 872 1093 ni.

636 1338 712 1347 -ι

554 1599 730 1665 Epistola
751 1600 796 1663 tx.

257 1822 448 1871 l‘etlt'clscus
469 1822 635 1871 l‘ETlelltctl
658 1822 789 1870 lOllbb'll'l
810 1824 948 1873 subuleo
970 1824 996 1872 S.
1017 1826 1044 1873 Ρ.
1068 1824 1099 1873 D.

182 2021 324 2074 Severiora
338 2020 440 2074 nostris
454 2019 566 2088 antiqua
579 2032 696 2089 queque
708 2016 805 2071 fuisse:
821 2032 906 2088 seque
919 2016 998 2073 illum
1013 2016 1048 2072 ad
1062 2016 1169 2073 Vallem

441 2107 568 2162 Clausam
583 2106 741 2179 propediem
756 2112 907 2178 expectare.

236 2372 415 2462 Speratum
431 2369 589 2440 solatium
607 2369 721 2440 Padus
738 2369 938 2440 abstulerat.
956 2368 1047 2439 Nihil
1059 2370 1208 2443 ioculare

139 2493 233 2585 quod
259 2491 446 2564 scriberem
464 2490 541 2573 fuit,
556 2491 623 2561 nisi
639 2490 723 2562 illud
734 2499 788 2561 sat
803 2491 947 2562 forsitan
963 2493 1038 2563 risu
1053 2492 1208 2585 dignum,

141 2614 315 2710 quaesisse
330 2611 435 2684 anxie
452 2613 545 2705 quod
563 2612 722 2684 riderem.
745 2613 915 2698 Severior,
938 2625 1107 2706 quantum
1127 2614 1210 2686 mibi

141 2739 288 2822 videtur,
303 2735 501 2829 antiquitas,
515 2745 601 2807 aetas
615 2745 735 2807 nostra
751 2736 913 2807 iooosior:
931 2735 1071 2828 quando
1088 2745 1209 2809 natura

33 2844 38 2849 ¹
140 2886 256 2935 rerum
278 2872 333 2933 est
353 2872 390 2933 ut
410 2862 444 2931 in
464 2882 566 2934 curas
588 2860 703 2944 seriis,
726 2858 760 2930 in
787 2859 879 2931 iocos
906 2859 1043 2953 ineptiis
1069 2880 1210 2932 movea-

139 3009 227 3060 mur.
249 2987 360 3058 Crede
392 2987 489 3071 mihi,
513 2987 589 3078 plns
623 3006 727 3078 quam
762 2985 869 3054 semel
903 2981 1039 3052 risisset
1060 2982 1209 3054 Crassus

140 3110 195 3181 ille
210 3109 373 3191 seniensi
389 3108 452 3179 sibi
467 3106 648 3176 nobiscum
663 3105 784 3176 vivere
797 3103 1008 3195 contigisset,
1025 3106 1210 3199 saeclisque

139 3232 270 3304 collatis
291 3227 572 3322 intempestivum
586 3228 693 3298 risum
713 3248 813 3298 suum
831 3227 1046 3297 Democritus
1064 3248 1135 3299 nun
1151 3248 1212 3299 ne-

141 3363 279 3448 gasset:
302 3361 351 3422 tot
363 3351 464 3424 modo
481 3350 595 3420 stultis
613 3347 764 3434 senibus,
786 3358 834 3419 tot
849 3348 1076 3421 delirantibus
1093 3353 1213 3423 anicu-

141 3478 183 3549 lis
204 3479 305 3569 plena
325 3485 406 3547 sunt
431 3473 557 3556 omnia,
591 3480 629 3543 ut
661 3494 770 3544 vanos
803 3496 843 3544 ac
876 3473 1038 3545 ridiculos
1065 3473 1213 3547 iuvenes

142 3598 411 3694 praetermittam.
433 3598 555 3668 Coram
576 3608 690 3669 tamen
711 3599 777 3668 ista
796 3597 989 3670 iucundius.
1008 3599 1214 3673 lntransitu

142 3725 279 3818 Alpium
296 3720 354 3793 tibi
375 3719 451 3792 haec
472 3719 600 3793 scribo:
621 3743 664 3793 ne
685 3720 815 3792 litteras
835 3719 976 3814 Alpinas
993 3734 1214 3817 angustoque

143 3850 218 3918 loco
237 3868 278 3919 ac
299 3842 442 3936 tempori
463 3846 671 3915 conformem
692 3844 871 3939 epistolam
894 3845 1038 3917 mireris.
1061 3847 1114 3917 Tu
1134 3869 1213 3933 me,

143 3991 219 4055 oro,
241 3969 420 4043 confestim
442 3988 600 4060 sequere,
622 3978 656 4039 et
676 3967 790 4051 facies,
811 3968 890 4039 scio.
909 3969 1045 4041 blallem
1071 3971 1217 4043 comita-

145 4093 247 4176 reris,
270 4106 308 4164 ut
329 4114 422 4185 saepe
443 4092 544 4163 alias:
568 4090 629 4162 sed
649 4092 740 4161 nulla
760 4089 953 4164 iucunditas
971 4092 1026 4163 bic
1046 4103 1216 4187 perpetua

144 4227 208 4288 est.
230 4215 285 4287 Ad
305 4216 432 4286 fontem
453 4214 585 4306 Sergiae
606 4222 641 4285 te
656 4222 802 4306 expecto
819 4215 930 4287 locum
954 4237 1091 4310 semper
1107 4217 1217 4289 mira-

145 4340 247 4412 bilem
269 4348 371 4433 atque
400 4359 590 4409 amoenum:
616 4339 679 4411 sed
705 4350 828 4412 aestate
849 4340 1059 4433 persimilem
1082 4340 1214 4435 campis

146 4462 284 4560 Elysiis.
319 4462 388 4533 lllic
414 4461 660 4553 aliquantulum
695 4463 948 4559 respirabimus
980 4464 1074 4557 prius
1108 4486 1213 4558 mam
