2738 5062
364 697 456 745 aranu
477 696 743 746 saxrusnaeruus
757 696 958 745 -amsrona
982 700 1023 747 ιιι.
1175 688 1229 748 tlt

153 841 248 904 certe
270 830 299 900 si
322 851 389 899 non
411 839 506 900 amat
525 829 625 910 aliea,
649 849 777 921 paucos
799 842 904 912 amat,
928 852 1075 922 quorum
1096 853 1140 902 ex
1168 819 1250 900 ιιιι-Ι

153 975 247 1024 mero
270 972 338 1021 uon
358 972 446 1034 sum,
466 958 502 1020 et
521 951 659 1020 mallem
681 969 763 1021 esse
783 972 886 1042 quam
906 952 1076 1042 pontifex
1092 954 1186 1023 l'ale.

294 1095 338 1151 Ad
353 1096 458 1150 iontem
472 1095 586 1165 Sorgn'ae,
602 1095 626 1149 V
642 1094 780 1149 Kalendas
795 1094 908 1166 Aprilis.

654 1315 731 1323 ...—

570 1542 748 1606 Epistola
768 1543 813 1604 lt.

382 1729 576 1779 raaucrsaus
598 1728 766 1777 auratum
788 1728 830 1777 ιιι
852 1728 1002 1777 rouoruir.

149 1891 219 1945 Vere
243 1889 372 1961 indignos
394 1870 521 1944 homines
544 1905 605 1943 asse
634 1887 735 1959 quibus
753 1893 793 1941 tot
813 1892 942 1958 motaque
960 1887 1092 1942 beneficia
1110 1889 1230 1943 contule-

237 1979 272 2033 rit
295 1978 370 2033 Deus
394 1984 463 2050 quot
476 1975 578 2031 Christi
593 1992 644 2030 nos
658 1975 737 2030 donet
751 1974 861 2045 religio:
879 1991 934 2029 non
950 1975 1014 2029 inde
1029 1982 1121 2041 tamen
1137 1976 1166 2030 in
1182 1976 1231 2029 du-

237 2067 315 2122 bium
334 2067 469 2122 sartonam
488 2065 632 2119 ueritatem
647 2078 707 2118 esse
722 2062 915 2130 revocandam,
929 2078 981 2118 nec
999 2063 1182 2119 deliniendum
1202 2064 1230 2117 in

238 2157 301 2211 side.

249 2391 348 2462 ltlitto
373 2390 439 2461 alia
465 2390 509 2461 de
539 2388 669 2480 quibus
694 2391 841 2482 colloqui
869 2387 1021 2475 dabitur,
1051 2403 1090 2462 ut
1115 2412 1227 2482 spero.

151 2515 265 2585 Unum
284 2510 426 2604 periculi
444 2510 584 2582 maioris
600 2522 635 2582 et
647 2511 741 2602 quod
758 2532 890 2582 moram
909 2513 1050 2606 respuit,
1068 2512 1226 2584 scribam.

145 2633 370 2728 Suspiciones
402 2631 551 2711 tuasde
584 2651 720 2701 summa
746 2633 867 2704 salutis
901 2655 997 2723 aegre
1021 2633 1107 2714 iero,
1134 2633 1226 2723 quod

146 2776 243 2848 saepe
270 2751 330 2823 tibi
351 2774 510 2846 praeeens
536 2750 633 2833 dixi;
662 2751 724 2822 sed
752 2763 789 2823 ut
814 2753 918 2823 video
944 2773 1011 2821 non
1037 2764 1104 2822 tam
1133 2773 1228 2843 saepe

147 2897 253 2967 quam
269 2874 384 2958 debui,
397 2884 434 2945 et
454 2883 623 2966 quantum
645 2872 734 2943 duro
750 2873 879 2967 pectori
903 2873 1137 2945 necessarium
1154 2882 1229 2944 erat

148 3007 187 3066 ut
208 2997 436 3084 frangeretur.
451 2994 542 3077 Quid
555 3016 640 3065 vero
653 3017 745 3066 nune
755 2995 850 3066 aliud
864 3016 942 3067 rear
957 2996 1045 3066 iuter
1062 2994 1227 3085 ambages

148 3139 267 3188 rerum
288 3124 323 3186 et
341 3117 493 3188 fallacias
514 3115 641 3187 diaboli
663 3116 815 3189 animum
832 3117 1015 3210 cogitantis
1037 3100 1225 3199 involvere,

144 3236 213 3308 nisi
236 3236 273 3307 id
288 3237 383 3328 quod
400 3238 520 3329 negari
538 3259 607 3308 nou
625 3247 748 3329 potest,
767 3260 933 3311 nonesso
950 3238 1095 3329 dignum
1112 3257 1226 3328 genus

145 3359 332 3431 humanum
361 3358 415 3430 cui
444 3360 521 3431 haee
541 3360 676 3431 coelitus
698 3359 830 3443 fierent,
859 3382 938 3452 quae
965 3362 1053 3432 saeta
1077 3357 1227 3430 credidi-

144 3502 238 3564 mus,
260 3480 418 3571 eoquod
441 3481 496 3553 hic
516 3484 584 3559 sur.
606 3481 662 3552 ille
683 3481 852 3572 periurus,
874 3481 930 3551 ille
953 3481 997 3552 sit
1022 3479 1166 3565 adulter,
1193 3494 1228 3552 et

145 3601 270 3673 talibus
290 3603 389 3693 plena
411 3601 457 3671 sit
476 3603 589 3675 omnis
607 3614 708 3687 terra,
730 3605 852 3695 quales
873 3602 1056 3676 induxisse
1077 3603 1225 3695 legimus

144 3721 341 3793 Creatorem
376 3734 415 3793 ut
446 3724 600 3795 diceret:
633 3728 771 3817 paenitet
808 3749 858 3795 ore
894 3729 1007 3817 secisse
1038 3726 1226 3797 bominem?

142 3843 324 3926 Quomodo
346 3865 433 3935 ergo
458 3846 538 3916 talia
564 3855 681 3918 tantus
716 3856 786 3918 tarn
820 3848 997 3940 indiguis?
1030 3848 1115 3919 Haeo
1140 3847 1225 3917 sorte

142 3987 235 4035 nune
262 3974 374 4037 tecum
405 3967 503 4039 diois.
533 3966 820 4039 Animadvertere
849 3981 965 4040 autem
992 3976 1136 4060 oportet.
1158 3986 1225 4035 uon

143 4084 221 4155 haee
242 4086 288 4157 ad
310 4086 598 4168 incredulitatem,
623 4086 686 4156 sed
713 4087 757 4157 ad
779 4088 1003 4157 humilitatem
1024 4098 1059 4156 et
1080 4084 1226 4176 gratitu-

138 4204 256 4276 dinem
278 4206 411 4279 debere
437 4210 604 4279 conterre.
628 4207 730 4279 Pauci
758 4206 935 4278 benefieiis
957 4207 1019 4278 Dei
1039 4206 1147 4297 digni,
1175 4208 1224 4278 sa·

142 4335 227 4412 teor,
248 4329 352 4399 immo
371 4332 487 4402 nullus
507 4329 656 4412 omnino,
674 4328 744 4398 nisi
766 4350 870 4421 quem
892 4329 949 4401 ille
968 4329 1112 4420 dignum
1133 4330 1224 4399 iece-

140 4449 194 4519 rit.
229 4453 340 4523 Tanto
370 4452 481 4523 maior
514 4451 570 4521 illa
597 4449 795 4539 benignitas
827 4461 863 4521 et
888 4451 1074 4526 liberalitas
1100 4449 1224 4522 clarior
