<?xml version="1.0" encoding="UTF-8"?>
<!DOCTYPE html PUBLIC "-//W3C//DTD XHTML 1.0 Transitional//EN"
    "http://www.w3.org/TR/xhtml1/DTD/xhtml1-transitional.dtd">
<html xmlns="http://www.w3.org/1999/xhtml" xml:lang="en" lang="en">
 <head>
  <title>
</title>
<meta http-equiv="Content-Type" content="text/html;charset=utf-8" />
  <meta name='ocr-system' content='tesseract 3.04.00' />
  <meta name='ocr-capabilities' content='ocr_page ocr_carea ocr_par ocr_line ocrx_word'/>
</head>
<body>
  <div class='ocr_page' id='page_1' title='image "./epistolaederebu02fracgoog_0062.png"; bbox 0 0 2738 5062; ppageno 0'>
   <div class='ocr_carea' id='block_1_1' title="bbox 296 734 941 789">
    <p class='ocr_par' dir='ltr' id='par_1_1' title="bbox 296 734 941 789">
     <span class='ocr_line' id='line_1_1' title="bbox 296 734 941 789; baseline -0.002 -1"><span class='ocrx_word' id='word_1_1' title='bbox 296 734 307 753; x_wconf 80' lang='lat'><strong>¹</strong></span> <span class='ocrx_word' id='word_1_2' title='bbox 419 740 510 788; x_wconf 72' lang='lat' dir='ltr'>stoan</span> <span class='ocrx_word' id='word_1_3' title='bbox 531 740 857 789; x_wconf 66' lang='lat' dir='ltr'>nonus—setarum</span> <span class='ocrx_word' id='word_1_4' title='bbox 879 741 941 788; x_wconf 83' lang='lat' dir='ltr'>xlv.</span> 
     </span>
    </p>
   </div>
   <div class='ocr_carea' id='block_1_2' title="bbox 552 966 819 1032">
    <p class='ocr_par' dir='ltr' id='par_1_2' title="bbox 552 966 819 1032">
     <span class='ocr_line' id='line_1_2' title="bbox 552 966 819 1032; baseline -0.004 -1"><span class='ocrx_word' id='word_1_5' title='bbox 552 966 729 1032; x_wconf 73' lang='lat' dir='ltr'>EPISTOLA</span> <span class='ocrx_word' id='word_1_6' title='bbox 750 968 819 1031; x_wconf 76' lang='lat' dir='ltr'>xiv.</span> 
     </span>
    </p>
   </div>
   <div class='ocr_carea' id='block_1_3' title="bbox 141 1135 1225 1188">
    <p class='ocr_par' dir='ltr' id='par_1_3' title="bbox 141 1135 1225 1188">
     <span class='ocr_line' id='line_1_3' title="bbox 141 1135 1225 1188; baseline 0 -1"><span class='ocrx_word' id='word_1_7' title='bbox 141 1136 342 1187; x_wconf 76' lang='lat' dir='ltr'>FRANGISCUS</span> <span class='ocrx_word' id='word_1_8' title='bbox 365 1136 532 1186; x_wconf 75' lang='lat' dir='ltr'>PETRARCA</span> <span class='ocrx_word' id='word_1_9' title='bbox 551 1136 640 1185; x_wconf 81' lang='lat' dir='ltr'>LUCAE</span> <span class='ocrx_word' id='word_1_10' title='bbox 661 1135 866 1185; x_wconf 74' lang='lat' dir='ltr'>runsutrnuo</span> <span class='ocrx_word' id='word_1_11' title='bbox 883 1137 1083 1187; x_wconf 71' lang='lat' dir='ltr'>attenuante</span> <span class='ocrx_word' id='word_1_12' title='bbox 1106 1139 1131 1187; x_wconf 88' lang='lat' dir='ltr'>S.</span> <span class='ocrx_word' id='word_1_13' title='bbox 1149 1139 1177 1187; x_wconf 88' lang='lat' dir='ltr'>P.</span> <span class='ocrx_word' id='word_1_14' title='bbox 1195 1140 1225 1188; x_wconf 83' lang='lat' dir='ltr'>b.</span> 
     </span>
    </p>
   </div>
   <div class='ocr_carea' id='block_1_4' title="bbox 312 1275 1060 1348">
    <p class='ocr_par' dir='ltr' id='par_1_4' title="bbox 312 1275 1060 1348">
     <span class='ocr_line' id='line_1_4' title="bbox 312 1275 1060 1348; baseline -0.001 -17"><span class='ocrx_word' id='word_1_15' title='bbox 312 1276 419 1332; x_wconf 85' lang='lat' dir='ltr'>Laudat</span> <span class='ocrx_word' id='word_1_16' title='bbox 434 1276 590 1332; x_wconf 82' lang='lat' dir='ltr'>solitudinis</span> <span class='ocrx_word' id='word_1_17' title='bbox 604 1281 780 1348; x_wconf 80' lang='lat' dir='ltr'>appetentem</span> <span class='ocrx_word' id='word_1_18' title='bbox 794 1281 823 1330; x_wconf 87' lang='lat' dir='ltr'>et</span> <span class='ocrx_word' id='word_1_19' title='bbox 836 1275 962 1331; x_wconf 87' lang='lat' dir='ltr'>stimulos</span> <span class='ocrx_word' id='word_1_20' title='bbox 976 1276 1060 1331; x_wconf 80' lang='lat' dir='ltr'>addit.</span> 
     </span>
    </p>
   </div>
   <div class='ocr_carea' id='block_1_5' title="bbox 141 1463 1229 3494">
    <p class='ocr_par' dir='ltr' id='par_1_5' title="bbox 141 1463 1229 3494">
     <span class='ocr_line' id='line_1_5' title="bbox 244 1463 1225 1557; baseline 0.001 -21"><span class='ocrx_word' id='word_1_21' title='bbox 244 1464 363 1536; x_wconf 83' lang='lat' dir='ltr'>Sentio</span> <span class='ocrx_word' id='word_1_22' title='bbox 375 1484 525 1556; x_wconf 78' lang='lat' dir='ltr'>angores</span> <span class='ocrx_word' id='word_1_23' title='bbox 540 1473 627 1547; x_wconf 75' lang='lat' dir='ltr'>tuos</span> <span class='ocrx_word' id='word_1_24' title='bbox 643 1486 710 1535; x_wconf 90' lang='lat' dir='ltr'>non</span> <span class='ocrx_word' id='word_1_25' title='bbox 726 1463 837 1555; x_wconf 79' lang='lat' dir='ltr'>magis</span> <span class='ocrx_word' id='word_1_26' title='bbox 854 1483 942 1556; x_wconf 87' lang='lat' dir='ltr'>quos</span> <span class='ocrx_word' id='word_1_27' title='bbox 955 1465 1108 1554; x_wconf 88' lang='lat' dir='ltr'>loqueris</span> <span class='ocrx_word' id='word_1_28' title='bbox 1121 1487 1225 1557; x_wconf 90' lang='lat' dir='ltr'>quam</span> 
     </span>
     <span class='ocr_line' id='line_1_6' title="bbox 145 1583 1229 1681; baseline -0.002 -23"><span class='ocrx_word' id='word_1_29' title='bbox 145 1608 238 1680; x_wconf 89' lang='lat' dir='ltr'>quos</span> <span class='ocrx_word' id='word_1_30' title='bbox 266 1597 373 1658; x_wconf 88' lang='lat' dir='ltr'>taces.</span> <span class='ocrx_word' id='word_1_31' title='bbox 405 1584 506 1656; x_wconf 88' lang='lat' dir='ltr'>Scio:</span> <span class='ocrx_word' id='word_1_32' title='bbox 538 1587 635 1656; x_wconf 83' lang='lat' dir='ltr'>multi</span> <span class='ocrx_word' id='word_1_33' title='bbox 668 1583 865 1677; x_wconf 88' lang='lat' dir='ltr'>tequidem</span> <span class='ocrx_word' id='word_1_34' title='bbox 893 1596 1033 1681; x_wconf 86' lang='lat' dir='ltr'>propter</span> <span class='ocrx_word' id='word_1_35' title='bbox 1062 1607 1118 1656; x_wconf 90' lang='lat' dir='ltr'>me</span> <span class='ocrx_word' id='word_1_36' title='bbox 1150 1607 1229 1678; x_wconf 90' lang='lat' dir='ltr'>per-</span> 
     </span>
     <span class='ocr_line' id='line_1_7' title="bbox 143 1698 1228 1802; baseline -0.002 -22"><span class='ocrx_word' id='word_1_37' title='bbox 143 1717 356 1802; x_wconf 86' lang='lat' dir='ltr'>sequuntur,</span> <span class='ocrx_word' id='word_1_38' title='bbox 389 1732 446 1780; x_wconf 94' lang='lat' dir='ltr'>me</span> <span class='ocrx_word' id='word_1_39' title='bbox 475 1717 590 1780; x_wconf 87' lang='lat' dir='ltr'>autem</span> <span class='ocrx_word' id='word_1_40' title='bbox 617 1711 701 1780; x_wconf 88' lang='lat' dir='ltr'>cur‘?</span> <span class='ocrx_word' id='word_1_41' title='bbox 730 1710 802 1779; x_wconf 92' lang='lat' dir='ltr'>Hoc</span> <span class='ocrx_word' id='word_1_42' title='bbox 830 1707 992 1800; x_wconf 86' lang='lat' dir='ltr'>profiteor</span> <span class='ocrx_word' id='word_1_43' title='bbox 1024 1698 1080 1780; x_wconf 87' lang='lat' dir='ltr'>me</span> <span class='ocrx_word' id='word_1_44' title='bbox 1116 1711 1228 1780; x_wconf 90' lang='lat' dir='ltr'>nesci-</span> 
     </span>
     <span class='ocr_line' id='line_1_8' title="bbox 143 1828 1228 1924; baseline 0.002 -24"><span class='ocrx_word' id='word_1_45' title='bbox 143 1852 201 1914; x_wconf 88' lang='lat' dir='ltr'>re,</span> <span class='ocrx_word' id='word_1_46' title='bbox 240 1828 309 1900; x_wconf 92' lang='lat' dir='ltr'>nisi</span> <span class='ocrx_word' id='word_1_47' title='bbox 336 1831 418 1921; x_wconf 91' lang='lat' dir='ltr'>quia</span> <span class='ocrx_word' id='word_1_48' title='bbox 444 1829 581 1900; x_wconf 87' lang='lat' dir='ltr'>nomine</span> <span class='ocrx_word' id='word_1_49' title='bbox 610 1831 727 1899; x_wconf 83' lang='lat' dir='ltr'>forsan</span> <span class='ocrx_word' id='word_1_50' title='bbox 761 1828 982 1900; x_wconf 79' lang='lat' dir='ltr'>offenduntur</span> <span class='ocrx_word' id='word_1_51' title='bbox 1012 1851 1102 1917; x_wconf 89' lang='lat' dir='ltr'>meo,</span> <span class='ocrx_word' id='word_1_52' title='bbox 1133 1830 1228 1924; x_wconf 91' lang='lat' dir='ltr'>quod</span> 
     </span>
     <span class='ocr_line' id='line_1_9' title="bbox 143 1951 1228 2046; baseline 0.001 -23"><span class='ocrx_word' id='word_1_53' title='bbox 143 1974 292 2046; x_wconf 88' lang='lat' dir='ltr'>parvum</span> <span class='ocrx_word' id='word_1_54' title='bbox 325 1951 406 2022; x_wconf 90' lang='lat' dir='ltr'>licet</span> <span class='ocrx_word' id='word_1_55' title='bbox 430 1960 466 2023; x_wconf 86' lang='lat' dir='ltr'>et</span> <span class='ocrx_word' id='word_1_56' title='bbox 496 1952 698 2035; x_wconf 88' lang='lat' dir='ltr'>obscurum,</span> <span class='ocrx_word' id='word_1_57' title='bbox 726 1951 838 2022; x_wconf 91' lang='lat' dir='ltr'>maius</span> <span class='ocrx_word' id='word_1_58' title='bbox 865 1960 981 2023; x_wconf 88' lang='lat' dir='ltr'>tamen</span> <span class='ocrx_word' id='word_1_59' title='bbox 1007 1954 1073 2024; x_wconf 86' lang='lat' dir='ltr'>iliis</span> <span class='ocrx_word' id='word_1_60' title='bbox 1098 1962 1135 2023; x_wconf 87' lang='lat' dir='ltr'>et</span> <span class='ocrx_word' id='word_1_61' title='bbox 1158 1956 1228 2025; x_wconf 85' lang='lat' dir='ltr'>cla-</span> 
     </span>
     <span class='ocr_line' id='line_1_10' title="bbox 142 2074 1228 2170; baseline 0.001 -25"><span class='ocrx_word' id='word_1_62' title='bbox 142 2076 218 2146; x_wconf 88' lang='lat' dir='ltr'>rius</span> <span class='ocrx_word' id='word_1_63' title='bbox 243 2074 385 2147; x_wconf 82' lang='lat' dir='ltr'>videtur</span> <span class='ocrx_word' id='word_1_64' title='bbox 409 2097 513 2168; x_wconf 89' lang='lat' dir='ltr'>quam</span> <span class='ocrx_word' id='word_1_65' title='bbox 538 2075 630 2168; x_wconf 88' lang='lat' dir='ltr'>lippa</span> <span class='ocrx_word' id='word_1_66' title='bbox 655 2077 747 2147; x_wconf 85' lang='lat' dir='ltr'>ferre</span> <span class='ocrx_word' id='word_1_67' title='bbox 772 2076 884 2170; x_wconf 90' lang='lat' dir='ltr'>possit</span> <span class='ocrx_word' id='word_1_68' title='bbox 900 2074 1040 2147; x_wconf 89' lang='lat' dir='ltr'>invidia.</span> <span class='ocrx_word' id='word_1_69' title='bbox 1066 2078 1138 2148; x_wconf 89' lang='lat' dir='ltr'>lam</span> <span class='ocrx_word' id='word_1_70' title='bbox 1166 2078 1228 2146; x_wconf 91' lang='lat' dir='ltr'>mi-</span> 
     </span>
     <span class='ocr_line' id='line_1_11' title="bbox 144 2197 1227 2292; baseline -0.001 -23"><span class='ocrx_word' id='word_1_71' title='bbox 144 2197 215 2269; x_wconf 91' lang='lat' dir='ltr'>rari</span> <span class='ocrx_word' id='word_1_72' title='bbox 231 2197 365 2269; x_wconf 91' lang='lat' dir='ltr'>desino.</span> <span class='ocrx_word' id='word_1_73' title='bbox 385 2198 428 2269; x_wconf 89' lang='lat' dir='ltr'>Ut</span> <span class='ocrx_word' id='word_1_74' title='bbox 445 2220 572 2289; x_wconf 78' lang='lat' dir='ltr'>magna</span> <span class='ocrx_word' id='word_1_75' title='bbox 590 2199 707 2284; x_wconf 88' lang='lat' dir='ltr'>maria,</span> <span class='ocrx_word' id='word_1_76' title='bbox 731 2200 779 2270; x_wconf 91' lang='lat' dir='ltr'>sio</span> <span class='ocrx_word' id='word_1_77' title='bbox 799 2219 880 2291; x_wconf 84' lang='lat' dir='ltr'>quae</span> <span class='ocrx_word' id='word_1_78' title='bbox 902 2208 983 2269; x_wconf 89' lang='lat' dir='ltr'>sunt</span> <span class='ocrx_word' id='word_1_79' title='bbox 999 2201 1056 2269; x_wconf 89' lang='lat' dir='ltr'>vei</span> <span class='ocrx_word' id='word_1_80' title='bbox 1075 2221 1157 2292; x_wconf 84' lang='lat' dir='ltr'>quae</span> <span class='ocrx_word' id='word_1_81' title='bbox 1172 2199 1227 2270; x_wconf 86' lang='lat' dir='ltr'>vi·</span> 
     </span>
     <span class='ocr_line' id='line_1_12' title="bbox 144 2320 1227 2415; baseline 0.001 -24"><span class='ocrx_word' id='word_1_82' title='bbox 144 2320 271 2391; x_wconf 89' lang='lat' dir='ltr'>dentur</span> <span class='ocrx_word' id='word_1_83' title='bbox 285 2342 413 2412; x_wconf 83' lang='lat' dir='ltr'>magua</span> <span class='ocrx_word' id='word_1_84' title='bbox 435 2322 584 2406; x_wconf 90' lang='lat' dir='ltr'>nomina,</span> <span class='ocrx_word' id='word_1_85' title='bbox 602 2321 778 2415; x_wconf 88' lang='lat' dir='ltr'>perpetuis</span> <span class='ocrx_word' id='word_1_86' title='bbox 798 2321 960 2394; x_wconf 84' lang='lat' dir='ltr'>fluctibus</span> <span class='ocrx_word' id='word_1_87' title='bbox 979 2333 1140 2393; x_wconf 80' lang='lat' dir='ltr'>aestuant.</span> <span class='ocrx_word' id='word_1_88' title='bbox 1163 2322 1227 2392; x_wconf 89' lang='lat' dir='ltr'>Ce-</span> 
     </span>
     <span class='ocr_line' id='line_1_13' title="bbox 146 2439 1224 2536; baseline 0.003 -25"><span class='ocrx_word' id='word_1_89' title='bbox 146 2439 275 2513; x_wconf 88' lang='lat' dir='ltr'>demus</span> <span class='ocrx_word' id='word_1_90' title='bbox 295 2441 559 2536; x_wconf 83' lang='lat' dir='ltr'>tempestatibus</span> <span class='ocrx_word' id='word_1_91' title='bbox 580 2462 648 2513; x_wconf 92' lang='lat' dir='ltr'>non</span> <span class='ocrx_word' id='word_1_92' title='bbox 668 2454 759 2515; x_wconf 87' lang='lat' dir='ltr'>metu</span> <span class='ocrx_word' id='word_1_93' title='bbox 782 2443 906 2536; x_wconf 88' lang='lat' dir='ltr'>aliquo,</span> <span class='ocrx_word' id='word_1_94' title='bbox 929 2443 992 2514; x_wconf 90' lang='lat' dir='ltr'>sed</span> <span class='ocrx_word' id='word_1_95' title='bbox 1012 2452 1224 2536; x_wconf 85' lang='lat' dir='ltr'>contemptu,</span> 
     </span>
     <span class='ocr_line' id='line_1_14' title="bbox 144 2563 1226 2659; baseline -0.002 -24"><span class='ocrx_word' id='word_1_96' title='bbox 144 2565 214 2658; x_wconf 89' lang='lat' dir='ltr'>qui,</span> <span class='ocrx_word' id='word_1_97' title='bbox 237 2563 297 2635; x_wconf 91' lang='lat' dir='ltr'>ubi</span> <span class='ocrx_word' id='word_1_98' title='bbox 314 2565 418 2636; x_wconf 92' lang='lat' dir='ltr'>nimis</span> <span class='ocrx_word' id='word_1_99' title='bbox 439 2565 647 2650; x_wconf 85' lang='lat' dir='ltr'>excreverit,</span> <span class='ocrx_word' id='word_1_100' title='bbox 666 2586 834 2637; x_wconf 88' lang='lat' dir='ltr'>nauseam</span> <span class='ocrx_word' id='word_1_101' title='bbox 856 2565 955 2659; x_wconf 89' lang='lat' dir='ltr'>parit.</span> <span class='ocrx_word' id='word_1_102' title='bbox 978 2565 1108 2635; x_wconf 89' lang='lat' dir='ltr'>ibimus</span> <span class='ocrx_word' id='word_1_103' title='bbox 1125 2574 1162 2637; x_wconf 86' lang='lat' dir='ltr'>et</span> <span class='ocrx_word' id='word_1_104' title='bbox 1177 2567 1226 2634; x_wconf 87' lang='lat' dir='ltr'>ia-</span> 
     </span>
     <span class='ocr_line' id='line_1_15' title="bbox 145 2684 1226 2780; baseline 0 -23"><span class='ocrx_word' id='word_1_105' title='bbox 145 2684 296 2757; x_wconf 88' lang='lat' dir='ltr'>tebimus</span> <span class='ocrx_word' id='word_1_106' title='bbox 316 2708 386 2757; x_wconf 90' lang='lat' dir='ltr'>non</span> <span class='ocrx_word' id='word_1_107' title='bbox 408 2686 484 2758; x_wconf 90' lang='lat' dir='ltr'>sine</span> <span class='ocrx_word' id='word_1_108' title='bbox 505 2688 622 2779; x_wconf 81' lang='lat' dir='ltr'>gloria,</span> <span class='ocrx_word' id='word_1_109' title='bbox 642 2709 838 2780; x_wconf 86' lang='lat' dir='ltr'>nomenque</span> <span class='ocrx_word' id='word_1_110' title='bbox 858 2698 1025 2772; x_wconf 88' lang='lat' dir='ltr'>nostrum,</span> <span class='ocrx_word' id='word_1_111' title='bbox 1045 2688 1111 2758; x_wconf 88' lang='lat' dir='ltr'>nisi</span> <span class='ocrx_word' id='word_1_112' title='bbox 1128 2688 1226 2759; x_wconf 84' lang='lat' dir='ltr'>satior</span> 
     </span>
     <span class='ocr_line' id='line_1_16' title="bbox 143 2806 1226 2902; baseline 0.002 -26"><span class='ocrx_word' id='word_1_113' title='bbox 143 2806 301 2898; x_wconf 58' lang='lat' dir='ltr'>augurio,</span> <span class='ocrx_word' id='word_1_114' title='bbox 323 2828 343 2878; x_wconf 93' lang='lat' dir='ltr'>e</span> <span class='ocrx_word' id='word_1_115' title='bbox 363 2806 507 2880; x_wconf 85' lang='lat' dir='ltr'>latebris</span> <span class='ocrx_word' id='word_1_116' title='bbox 523 2831 627 2902; x_wconf 91' lang='lat' dir='ltr'>quam</span> <span class='ocrx_word' id='word_1_117' title='bbox 646 2831 693 2880; x_wconf 81' lang='lat' dir='ltr'>ex</span> <span class='ocrx_word' id='word_1_118' title='bbox 713 2807 859 2880; x_wconf 80' lang='lat' dir='ltr'>urbibus</span> <span class='ocrx_word' id='word_1_119' title='bbox 877 2810 1003 2880; x_wconf 87' lang='lat' dir='ltr'>clarius</span> <span class='ocrx_word' id='word_1_120' title='bbox 1024 2808 1142 2879; x_wconf 85' lang='lat' dir='ltr'>audiet</span> <span class='ocrx_word' id='word_1_121' title='bbox 1162 2831 1226 2878; x_wconf 91' lang='lat' dir='ltr'>un-</span> 
     </span>
     <span class='ocr_line' id='line_1_17' title="bbox 142 2927 1223 3022; baseline -0.001 -22"><span class='ocrx_word' id='word_1_122' title='bbox 142 2928 337 3022; x_wconf 87' lang='lat' dir='ltr'>decumque</span> <span class='ocrx_word' id='word_1_123' title='bbox 358 2938 530 3000; x_wconf 86' lang='lat' dir='ltr'>torturum</span> <span class='ocrx_word' id='word_1_124' title='bbox 551 2930 700 3001; x_wconf 89' lang='lat' dir='ltr'>invidos.</span> <span class='ocrx_word' id='word_1_125' title='bbox 718 2930 769 2999; x_wconf 94' lang='lat' dir='ltr'>Ne</span> <span class='ocrx_word' id='word_1_126' title='bbox 789 2927 949 3001; x_wconf 89' lang='lat' dir='ltr'>dubites:</span> <span class='ocrx_word' id='word_1_127' title='bbox 971 2927 1135 2998; x_wconf 83' lang='lat' dir='ltr'>recondet</span> <span class='ocrx_word' id='word_1_128' title='bbox 1159 2950 1223 2999; x_wconf 92' lang='lat' dir='ltr'>nos</span> 
     </span>
     <span class='ocr_line' id='line_1_18' title="bbox 145 3049 1225 3146; baseline 0 -26"><span class='ocrx_word' id='word_1_129' title='bbox 145 3051 241 3121; x_wconf 86' lang='lat' dir='ltr'>Deus</span> <span class='ocrx_word' id='word_1_130' title='bbox 261 3051 294 3121; x_wconf 92' lang='lat' dir='ltr'>in</span> <span class='ocrx_word' id='word_1_131' title='bbox 320 3061 421 3145; x_wconf 87' lang='lat' dir='ltr'>portu</span> <span class='ocrx_word' id='word_1_132' title='bbox 442 3051 586 3146; x_wconf 87' lang='lat' dir='ltr'>optimo,</span> <span class='ocrx_word' id='word_1_133' title='bbox 608 3059 645 3120; x_wconf 86' lang='lat' dir='ltr'>et</span> <span class='ocrx_word' id='word_1_134' title='bbox 664 3049 810 3122; x_wconf 79' lang='lat' dir='ltr'>redimet</span> <span class='ocrx_word' id='word_1_135' title='bbox 829 3069 894 3118; x_wconf 91' lang='lat' dir='ltr'>nos</span> <span class='ocrx_word' id='word_1_136' title='bbox 915 3072 936 3120; x_wconf 90' lang='lat' dir='ltr'>a</span> <span class='ocrx_word' id='word_1_137' title='bbox 956 3049 1137 3120; x_wconf 87' lang='lat' dir='ltr'>calumniis</span> <span class='ocrx_word' id='word_1_138' title='bbox 1163 3051 1225 3120; x_wconf 73' lang='lat' dir='ltr'>hu</span> 
     </span>
     <span class='ocr_line' id='line_1_19' title="bbox 143 3169 1226 3259; baseline -0.005 -16"><span class='ocrx_word' id='word_1_139' title='bbox 143 3171 286 3259; x_wconf 88' lang='lat' dir='ltr'>minum,</span> <span class='ocrx_word' id='word_1_140' title='bbox 305 3184 345 3245; x_wconf 87' lang='lat' dir='ltr'>ut</span> <span class='ocrx_word' id='word_1_141' title='bbox 360 3176 600 3247; x_wconf 90' lang='lat' dir='ltr'>custodiamus</span> <span class='ocrx_word' id='word_1_142' title='bbox 618 3170 779 3244; x_wconf 89' lang='lat' dir='ltr'>mandata</span> <span class='ocrx_word' id='word_1_143' title='bbox 796 3191 871 3241; x_wconf 87' lang='lat' dir='ltr'>sua.</span> <span class='ocrx_word' id='word_1_144' title='bbox 889 3170 928 3241; x_wconf 89' lang='lat' dir='ltr'>in</span> <span class='ocrx_word' id='word_1_145' title='bbox 941 3169 1008 3240; x_wconf 91' lang='lat' dir='ltr'>hoc</span> <span class='ocrx_word' id='word_1_146' title='bbox 1025 3177 1133 3239; x_wconf 87' lang='lat' dir='ltr'>totum</span> <span class='ocrx_word' id='word_1_147' title='bbox 1151 3171 1226 3240; x_wconf 89' lang='lat' dir='ltr'>ani-</span> 
     </span>
     <span class='ocr_line' id='line_1_20' title="bbox 142 3291 1223 3386; baseline -0.007 -16"><span class='ocrx_word' id='word_1_148' title='bbox 142 3321 240 3370; x_wconf 93' lang='lat' dir='ltr'>mum</span> <span class='ocrx_word' id='word_1_149' title='bbox 258 3298 400 3371; x_wconf 88' lang='lat' dir='ltr'>intendi.</span> <span class='ocrx_word' id='word_1_150' title='bbox 428 3299 465 3368; x_wconf 90' lang='lat' dir='ltr'>ln</span> <span class='ocrx_word' id='word_1_151' title='bbox 486 3298 553 3368; x_wconf 91' lang='lat' dir='ltr'>hoc</span> <span class='ocrx_word' id='word_1_152' title='bbox 568 3294 693 3367; x_wconf 88' lang='lat' dir='ltr'>diebus</span> <span class='ocrx_word' id='word_1_153' title='bbox 718 3317 760 3367; x_wconf 91' lang='lat' dir='ltr'>ao</span> <span class='ocrx_word' id='word_1_154' title='bbox 780 3293 939 3366; x_wconf 90' lang='lat' dir='ltr'>noctibus</span> <span class='ocrx_word' id='word_1_155' title='bbox 959 3291 1102 3364; x_wconf 92' lang='lat' dir='ltr'>laboro:</span> <span class='ocrx_word' id='word_1_156' title='bbox 1129 3294 1223 3386; x_wconf 92' lang='lat' dir='ltr'>pium</span> 
     </span>
     <span class='ocr_line' id='line_1_21' title="bbox 141 3415 1226 3494; baseline -0.005 -2"><span class='ocrx_word' id='word_1_157' title='bbox 141 3431 264 3494; x_wconf 85' lang='lat' dir='ltr'>votum</span> <span class='ocrx_word' id='word_1_158' title='bbox 283 3423 379 3492; x_wconf 88' lang='lat' dir='ltr'>Deus</span> <span class='ocrx_word' id='word_1_159' title='bbox 399 3442 468 3491; x_wconf 90' lang='lat' dir='ltr'>non</span> <span class='ocrx_word' id='word_1_160' title='bbox 489 3416 721 3490; x_wconf 80' lang='lat' dir='ltr'>frustrabitur.</span> <span class='ocrx_word' id='word_1_161' title='bbox 743 3418 873 3488; x_wconf 87' lang='lat' dir='ltr'>Verum</span> <span class='ocrx_word' id='word_1_162' title='bbox 900 3427 970 3489; x_wconf 90' lang='lat' dir='ltr'>tota</span> <span class='ocrx_word' id='word_1_163' title='bbox 991 3438 1048 3487; x_wconf 89' lang='lat' dir='ltr'>res</span> <span class='ocrx_word' id='word_1_164' title='bbox 1069 3415 1130 3487; x_wconf 89' lang='lat' dir='ltr'>fiet</span> <span class='ocrx_word' id='word_1_165' title='bbox 1154 3418 1226 3487; x_wconf 91' lang='lat' dir='ltr'>ala-</span> 
     </span>
    </p>
   </div>
   <div class='ocr_carea' id='block_1_6' title="bbox 141 3538 1225 3751">
    <p class='ocr_par' dir='ltr' id='par_1_6' title="bbox 141 3538 1225 3751">
     <span class='ocr_line' id='line_1_22' title="bbox 141 3538 1222 3632; baseline -0.006 -18"><span class='ocrx_word' id='word_1_166' title='bbox 141 3543 247 3626; x_wconf 89' lang='lat' dir='ltr'>crius,</span> <span class='ocrx_word' id='word_1_167' title='bbox 264 3543 294 3614; x_wconf 91' lang='lat' dir='ltr'>si</span> <span class='ocrx_word' id='word_1_168' title='bbox 311 3563 506 3615; x_wconf 89' lang='lat' dir='ltr'>consensus</span> <span class='ocrx_word' id='word_1_169' title='bbox 528 3550 619 3624; x_wconf 89' lang='lat' dir='ltr'>tuus,</span> <span class='ocrx_word' id='word_1_170' title='bbox 636 3550 673 3610; x_wconf 90' lang='lat' dir='ltr'>ut</span> <span class='ocrx_word' id='word_1_171' title='bbox 685 3538 837 3632; x_wconf 88' lang='lat' dir='ltr'>incipere</span> <span class='ocrx_word' id='word_1_172' title='bbox 856 3538 1006 3623; x_wconf 89' lang='lat' dir='ltr'>videtur,</span> <span class='ocrx_word' id='word_1_173' title='bbox 1025 3538 1222 3611; x_wconf 87' lang='lat' dir='ltr'>accesserit.</span> 
     </span>
     <span class='ocr_line' id='line_1_23' title="bbox 144 3654 1225 3751; baseline -0.003 -25"><span class='ocrx_word' id='word_1_174' title='bbox 144 3658 196 3728; x_wconf 88' lang='lat' dir='ltr'>ita</span> <span class='ocrx_word' id='word_1_175' title='bbox 213 3657 327 3741; x_wconf 91' lang='lat' dir='ltr'>enim,</span> <span class='ocrx_word' id='word_1_176' title='bbox 361 3657 492 3741; x_wconf 88' lang='lat' dir='ltr'>amice,</span> <span class='ocrx_word' id='word_1_177' title='bbox 520 3655 604 3727; x_wconf 92' lang='lat' dir='ltr'>mihi</span> <span class='ocrx_word' id='word_1_178' title='bbox 628 3676 836 3751; x_wconf 87' lang='lat' dir='ltr'>persuasum</span> <span class='ocrx_word' id='word_1_179' title='bbox 863 3654 971 3739; x_wconf 87' lang='lat' dir='ltr'>scito,</span> <span class='ocrx_word' id='word_1_180' title='bbox 997 3675 1077 3725; x_wconf 85' lang='lat' dir='ltr'>esse</span> <span class='ocrx_word' id='word_1_181' title='bbox 1109 3664 1141 3724; x_wconf 86' lang='lat' dir='ltr'>te</span> <span class='ocrx_word' id='word_1_182' title='bbox 1171 3655 1225 3724; x_wconf 90' lang='lat' dir='ltr'>vi-</span> 
     </span>
    </p>
   </div>
   <div class='ocr_carea' id='block_1_7' title="bbox 144 3776 1225 4601">
    <p class='ocr_par' dir='ltr' id='par_1_7' title="bbox 144 3776 1225 4601">
     <span class='ocr_line' id='line_1_24' title="bbox 147 3776 1225 3872; baseline -0.002 -25"><span class='ocrx_word' id='word_1_183' title='bbox 147 3800 222 3848; x_wconf 93' lang='lat' dir='ltr'>rum</span> <span class='ocrx_word' id='word_1_184' title='bbox 264 3778 417 3851; x_wconf 90' lang='lat' dir='ltr'>bonum:</span> <span class='ocrx_word' id='word_1_185' title='bbox 465 3779 617 3872; x_wconf 87' lang='lat' dir='ltr'>alioquin</span> <span class='ocrx_word' id='word_1_186' title='bbox 656 3799 719 3850; x_wconf 91' lang='lat' dir='ltr'>nec</span> <span class='ocrx_word' id='word_1_187' title='bbox 765 3776 949 3849; x_wconf 86' lang='lat' dir='ltr'>amicitiam</span> <span class='ocrx_word' id='word_1_188' title='bbox 993 3787 1087 3846; x_wconf 85' lang='lat' dir='ltr'>tuam</span> <span class='ocrx_word' id='word_1_189' title='bbox 1130 3790 1225 3846; x_wconf 93' lang='lat' dir='ltr'>com-</span> 
     </span>
     <span class='ocr_line' id='line_1_25' title="bbox 145 3896 1222 3993; baseline -0.001 -25"><span class='ocrx_word' id='word_1_190' title='bbox 145 3901 270 3993; x_wconf 90' lang='lat' dir='ltr'>plexus</span> <span class='ocrx_word' id='word_1_191' title='bbox 302 3922 434 3984; x_wconf 85' lang='lat' dir='ltr'>essem,</span> <span class='ocrx_word' id='word_1_192' title='bbox 469 3909 505 3971; x_wconf 89' lang='lat' dir='ltr'>at</span> <span class='ocrx_word' id='word_1_193' title='bbox 538 3899 569 3970; x_wconf 90' lang='lat' dir='ltr'>si</span> <span class='ocrx_word' id='word_1_194' title='bbox 602 3899 637 3969; x_wconf 92' lang='lat' dir='ltr'>in</span> <span class='ocrx_word' id='word_1_195' title='bbox 668 3920 745 3970; x_wconf 90' lang='lat' dir='ltr'>eam</span> <span class='ocrx_word' id='word_1_196' title='bbox 771 3920 857 3970; x_wconf 89' lang='lat' dir='ltr'>casu</span> <span class='ocrx_word' id='word_1_197' title='bbox 883 3899 998 3991; x_wconf 88' lang='lat' dir='ltr'>aliquo</span> <span class='ocrx_word' id='word_1_198' title='bbox 1023 3896 1222 3969; x_wconf 88' lang='lat' dir='ltr'>incidissem</span> 
     </span>
     <span class='ocr_line' id='line_1_26' title="bbox 144 4018 1222 4112; baseline -0.001 -23"><span class='ocrx_word' id='word_1_199' title='bbox 144 4020 318 4112; x_wconf 80' lang='lat' dir='ltr'>ignorans,</span> <span class='ocrx_word' id='word_1_200' title='bbox 341 4024 397 4094; x_wconf 86' lang='lat' dir='ltr'>vel</span> <span class='ocrx_word' id='word_1_201' title='bbox 418 4021 679 4093; x_wconf 89' lang='lat' dir='ltr'>renunciassem</span> <span class='ocrx_word' id='word_1_202' title='bbox 701 4021 734 4091; x_wconf 93' lang='lat' dir='ltr'>ei</span> <span class='ocrx_word' id='word_1_203' title='bbox 759 4041 856 4090; x_wconf 92' lang='lat' dir='ltr'>more</span> <span class='ocrx_word' id='word_1_204' title='bbox 876 4018 1059 4100; x_wconf 88' lang='lat' dir='ltr'>maiorum,</span> <span class='ocrx_word' id='word_1_205' title='bbox 1082 4021 1139 4089; x_wconf 92' lang='lat' dir='ltr'>vel</span> <span class='ocrx_word' id='word_1_206' title='bbox 1160 4020 1222 4090; x_wconf 88' lang='lat' dir='ltr'>Ca-</span> 
     </span>
     <span class='ocr_line' id='line_1_27' title="bbox 144 4132 1222 4227; baseline -0.005 -11"><span class='ocrx_word' id='word_1_207' title='bbox 144 4132 233 4216; x_wconf 86' lang='lat' dir='ltr'>tonis¹</span> <span class='ocrx_word' id='word_1_208' title='bbox 251 4144 394 4216; x_wconf 87' lang='lat' dir='ltr'>consilio</span> <span class='ocrx_word' id='word_1_209' title='bbox 419 4145 637 4227; x_wconf 88' lang='lat' dir='ltr'>dissuissem,</span> <span class='ocrx_word' id='word_1_210' title='bbox 655 4165 725 4215; x_wconf 90' lang='lat' dir='ltr'>non</span> <span class='ocrx_word' id='word_1_211' title='bbox 750 4142 982 4214; x_wconf 89' lang='lat' dir='ltr'>discidissem.</span> <span class='ocrx_word' id='word_1_212' title='bbox 1004 4142 1076 4210; x_wconf 90' lang='lat' dir='ltr'>Hoc</span> <span class='ocrx_word' id='word_1_213' title='bbox 1099 4139 1222 4211; x_wconf 87' lang='lat' dir='ltr'>sunda-</span> 
     </span>
     <span class='ocr_line' id='line_1_28' title="bbox 144 4261 1222 4358; baseline -0.005 -23"><span class='ocrx_word' id='word_1_214' title='bbox 144 4276 261 4336; x_wconf 84' lang='lat' dir='ltr'>mento</span> <span class='ocrx_word' id='word_1_215' title='bbox 281 4266 380 4350; x_wconf 87' lang='lat' dir='ltr'>iacto,</span> <span class='ocrx_word' id='word_1_216' title='bbox 401 4265 571 4358; x_wconf 85' lang='lat' dir='ltr'>quidquid</span> <span class='ocrx_word' id='word_1_217' title='bbox 587 4265 674 4357; x_wconf 79' lang='lat' dir='ltr'>agis,</span> <span class='ocrx_word' id='word_1_218' title='bbox 690 4274 750 4335; x_wconf 88' lang='lat' dir='ltr'>aut</span> <span class='ocrx_word' id='word_1_219' title='bbox 767 4262 926 4354; x_wconf 85' lang='lat' dir='ltr'>loqueris,</span> <span class='ocrx_word' id='word_1_220' title='bbox 945 4264 1068 4355; x_wconf 89' lang='lat' dir='ltr'>placet.</span> <span class='ocrx_word' id='word_1_221' title='bbox 1087 4262 1154 4332; x_wconf 90' lang='lat' dir='ltr'>Sed</span> <span class='ocrx_word' id='word_1_222' title='bbox 1172 4261 1222 4330; x_wconf 91' lang='lat' dir='ltr'>sic</span> 
     </span>
     <span class='ocr_line' id='line_1_29' title="bbox 144 4381 1221 4479; baseline -0.006 -23"><span class='ocrx_word' id='word_1_223' title='bbox 144 4385 294 4458; x_wconf 87' lang='lat' dir='ltr'>habeto:</span> <span class='ocrx_word' id='word_1_224' title='bbox 325 4386 408 4456; x_wconf 86' lang='lat' dir='ltr'>nihii</span> <span class='ocrx_word' id='word_1_225' title='bbox 442 4399 474 4459; x_wconf 91' lang='lat' dir='ltr'>te</span> <span class='ocrx_word' id='word_1_226' title='bbox 508 4407 659 4479; x_wconf 89' lang='lat' dir='ltr'>uuquam</span> <span class='ocrx_word' id='word_1_227' title='bbox 692 4384 828 4456; x_wconf 82' lang='lat' dir='ltr'>dixisse</span> <span class='ocrx_word' id='word_1_228' title='bbox 859 4385 954 4477; x_wconf 92' lang='lat' dir='ltr'>quod</span> <span class='ocrx_word' id='word_1_229' title='bbox 980 4394 1111 4454; x_wconf 89' lang='lat' dir='ltr'>tantum</span> <span class='ocrx_word' id='word_1_230' title='bbox 1138 4381 1221 4451; x_wconf 89' lang='lat' dir='ltr'>mihi</span> 
     </span>
     <span class='ocr_line' id='line_1_30' title="bbox 144 4502 1222 4601; baseline -0.006 -24"><span class='ocrx_word' id='word_1_231' title='bbox 144 4509 287 4598; x_wconf 84' lang='lat' dir='ltr'>placcat,</span> <span class='ocrx_word' id='word_1_232' title='bbox 303 4518 469 4600; x_wconf 89' lang='lat' dir='ltr'>quantum</span> <span class='ocrx_word' id='word_1_233' title='bbox 488 4509 583 4601; x_wconf 93' lang='lat' dir='ltr'>quod</span> <span class='ocrx_word' id='word_1_234' title='bbox 594 4506 715 4580; x_wconf 87' lang='lat' dir='ltr'>dixisti</span> <span class='ocrx_word' id='word_1_235' title='bbox 736 4528 854 4599; x_wconf 91' lang='lat' dir='ltr'>nuper,</span> <span class='ocrx_word' id='word_1_236' title='bbox 870 4507 1011 4600; x_wconf 88' lang='lat' dir='ltr'>quaudo</span> <span class='ocrx_word' id='word_1_237' title='bbox 1022 4502 1222 4576; x_wconf 86' lang='lat' dir='ltr'>efficacissi-</span> 
     </span>
    </p>
   </div>
   <div class='ocr_carea' id='block_1_8' title="bbox 788 4824 805 4861">
    <p class='ocr_par' dir='ltr' id='par_1_8' title="bbox 788 4824 805 4861">
     <span class='ocr_line' id='line_1_31' title="bbox 788 4824 805 4861; baseline 0 0"><span class='ocrx_word' id='word_1_238' title='bbox 788 4824 805 4861; x_wconf 82' lang='grc' dir='ltr'><strong><em>Ι</em></strong></span> 
     </span>
    </p>
   </div>
   <div class='ocr_carea' id='block_1_9' title="bbox 0 0 1374 5062">
    <p class='ocr_par' dir='ltr' id='par_1_9' title="bbox 0 0 1374 5062">
     <span class='ocr_line' id='line_1_32' title="bbox 0 0 1374 5062; baseline 0 1"><span class='ocrx_word' id='word_1_239' title='bbox 0 0 1374 5062; x_wconf 95' lang='lat' dir='ltr'> </span> 
     </span>
    </p>
   </div>
  </div>
 </body>
</html>
