2738 5062
198 696 258 758 280
537 704 578 752 uu
599 701 700 753 nauus
722 699 943 750 rnuuumaus

198 864 268 935 quo
286 841 366 911 veni
384 840 451 909 iam
470 838 659 930 perlectum
678 835 738 919 sit,
755 855 800 906 au
817 855 903 906 vero
920 832 1040 930 perfici
1057 857 1127 907 non
1144 839 1291 930 possit?
1311 924 1317 932 ,

199 966 351 1056 Utraque
380 958 546 1031 redeundi
580 958 756 1030 sufficiens
788 966 989 1028 causaest.
1024 946 1161 1029 Rursus
1194 960 1288 1053 quid

199 1086 314 1158 sciunt
339 1106 383 1154 an
409 1082 525 1153 ethic
550 1103 630 1152 esse
657 1080 788 1151 diutius
816 1087 852 1149 et
877 1100 939 1150 eos
965 1079 1100 1149 interim
1134 1080 1287 1154 irridere

199 1206 412 1300 propositum
438 1203 504 1274 sit?
530 1205 599 1273 lam
627 1200 755 1272 doloris
775 1221 933 1285 causam,
963 1201 1030 1270 iam
1050 1201 1141 1272 clavi
1165 1202 1284 1274 lucum

199 1325 323 1420 reperi.
343 1326 414 1395 lloc
431 1333 499 1408 est,
515 1321 729 1404 mihicrede,
744 1321 840 1413 quod
857 1320 933 1391 illos
953 1321 1095 1413 premit,
1110 1343 1177 1392 non
1200 1325 1285 1414 quia

198 1469 254 1519 me
280 1447 381 1517 istinc
406 1445 586 1516 absentem
613 1444 764 1525 doleant,
793 1441 856 1513 sed
881 1442 962 1534 quia
988 1441 1043 1513 hic
1068 1451 1283 1534 praesentem

198 1578 368 1639 metuunt.
402 1567 482 1638 lstic
509 1565 601 1636 enim
627 1586 732 1635 aures
757 1584 877 1634 eorum
904 1574 1008 1655 atque
1033 1565 1153 1635 oculos
1178 1564 1284 1636 dum-

199 1698 297 1760 taxat
316 1689 467 1773 offundo,
489 1687 570 1758 hinc
587 1708 633 1756 ex
651 1709 708 1756 me
729 1684 892 1778 grauiora
913 1683 1121 1778 concipiunt.
1144 1686 1195 1757 lta
1214 1709 1284 1779 ego

198 1833 267 1882 uon
302 1813 412 1882 solum
439 1809 539 1881 bonis
564 1807 740 1892 amabilis,
766 1806 860 1901 quod
893 1828 1032 1900 semper
1061 1818 1281 1901 optaveram,

199 1933 276 2016 sed,
299 1933 393 2024 quod
419 1931 558 2001 minime
580 1931 788 2011 voluissem,
811 1927 926 1999 stultis
951 1949 1093 2022 quoque
1119 1930 1284 2003 sormida-

199 2053 277 2123 bilis
298 2055 409 2123 sactus
431 2075 520 2124 sum.
547 2054 683 2125 Novum
711 2073 798 2123 vero
825 2051 965 2121 malitiae
990 2072 1105 2142 genus
1125 2052 1282 2124 attende:

199 2172 305 2243 habet
323 2174 413 2243 enim
432 2183 468 2243 et
485 2173 658 2245 dementia
676 2197 780 2277 suum
795 2195 941 2245 acumen
957 2175 1167 2267 aculeosque
1187 2195 1281 2247 suos.

199 2294 330 2364 Moram
354 2315 466 2364 meam
487 2317 591 2387 quam
614 2295 804 2386 longiorem
827 2304 1037 2366 execrantur
1053 2316 1095 2366 ac
1114 2308 1281 2382 metuunt,

199 2410 396 2483 breviorem
418 2412 580 2483 simulant
602 2434 641 2483 se
661 2412 796 2498 timere,
817 2422 855 2484 ut
873 2416 927 2485 vel
950 2415 999 2486 sic
1019 2414 1169 2487 efficiant
1188 2416 1283 2510 quod

199 2531 394 2615 intendunt,
417 2554 485 2603 nnn
513 2531 624 2624 ignari
652 2553 707 2601 me
733 2532 871 2603 illorum
898 2555 1037 2626 semper
1061 2534 1284 2629 opinionibus

199 2662 271 2725 toto
296 2653 413 2725 animo
435 2662 701 2747 repugnantem,
724 2665 760 2725 et
786 2653 848 2725 niti
875 2654 1015 2726 solitum
1043 2679 1106 2750 per
1130 2657 1283 2729 adversa

199 2775 327 2849 iudicia
346 2775 579 2860 delirantium,
597 2776 710 2868 utqui
728 2776 822 2845 nullo
839 2777 925 2846 calle
942 2775 1077 2847 felicius
1095 2777 1139 2849 ad
1158 2799 1283 2849 verum

198 2899 373 2994 perveniri
406 2897 567 2981 arbitror,
590 2920 693 2990 quam
720 2898 916 2992 praecipites
950 2907 986 2967 et
1018 2898 1179 2991 obliquas
1204 2900 1282 2972 vias

198 3041 303 3093 caecm
335 3040 508 3111 vagaeque
538 3018 767 3090 multitudinis
804 3005 1010 3092 deserendo.
1050 3022 1158 3104 Quem
1199 3043 1284 3095 sane

198 3146 346 3216 colorem
366 3139 532 3231 figmento
549 3140 768 3232 praetendant
783 3141 978 3212 videamus.
997 3144 1082 3213 Nam
1102 3164 1146 3213 ue
1163 3145 1199 3213 in
1216 3144 1283 3215 hoc

199 3265 341 3357 quidem
355 3261 581 3343 conveniunt3
594 3283 663 3333 non
680 3259 856 3331 insolitum
872 3262 985 3333 turbae
1003 3265 1147 3334 malum:
1163 3286 1282 3337 secum

200 3383 275 3475 ipsa
300 3379 477 3452 discordat
501 3381 661 3453 amentia.
693 3379 841 3463 Quidam
868 3405 954 3475 ergo
980 3383 1129 3454 reditum
1150 3407 1280 3468 meum,

200 3500 260 3595 qui
280 3500 434 3570 nondum
457 3513 526 3584 est,
547 3513 651 3594 atque
674 3503 803 3573 utinam
824 3525 917 3574 nunc
933 3515 1047 3588 esset,
1064 3527 1132 3575 non
1152 3516 1190 3577 ut
1209 3506 1283 3576 illo

201 3643 276 3692 rum
298 3629 428 3705 metus,
453 3620 516 3693 sed
534 3635 572 3693 ut
592 3622 696 3694 animi
716 3621 781 3693 mei
800 3623 1014 3695 desiderium
1033 3626 1212 3710 leniretur,
1232 3626 1284 3697 in·

199 3743 403 3813 constantiae
436 3743 644 3828 attribuunt,
675 3744 776 3835 quasi
802 3767 869 3816 non
897 3745 1058 3818 omnibus
1084 3758 1205 3818 notum
1239 3747 1284 3819 sit

199 3862 328 3955 quibus
349 3888 416 3958 ego
435 3876 539 3939 notus
567 3888 660 3951 sum,
693 3868 820 3936 nullam
856 3867 972 3938 minus
998 3871 1169 3939 maculam
1196 3871 1283 3940 mois

199 3986 356 4059 moribus
377 3987 577 4071 convenire,
593 3987 840 4081 aliquantoque
859 3990 986 4080 magis,
1005 3990 1071 4061 nisi
1090 3991 1136 4062 ab
1156 3992 1283 4084 iniquis

200 4127 317 4177 rerum
352 4109 666 4193 existimatoribus
696 4108 894 4202 pertinaciae
919 4111 1153 4204 suspicionem
1179 4132 1284 4204 quam

200 4228 443 4302 inconstantiae
467 4233 730 4305 formidandam.
765 4233 913 4317 Quidam
941 4256 1025 4307 uero
1051 4235 1143 4306 idem
1168 4234 1284 4305 festini

200 4346 334 4420 reditus
355 4350 503 4435 crimen,
520 4362 559 4423 ut
577 4352 710 4436 scribis,
730 4354 888 4425 avaritiae
905 4353 1126 4439 adscribunt,
1142 4354 1281 4447 quibus,

200 4470 301 4543 tacito
321 4493 390 4556 me,
413 4472 483 4543 vila
506 4476 697 4569 respondet
717 4499 804 4549 mea.
823 4479 909 4561 Quis
927 4500 1080 4569 unquam
1099 4477 1205 4549 huius
1222 4495 1284 4567 ge-
