2738 5062
253 660 262 671 *
341 703 434 753 nnana
456 703 972 757 suasinusunnnuus.—unusnonn
995 710 1014 757 1.
1154 696 1208 761 421

142 842 254 910 alieno
274 857 381 930 snpra
403 858 533 913 monem
551 860 664 909 mcum
684 839 887 911 interserui:
902 862 1123 935 quamquam,
1138 853 1214 915 uta

140 961 252 1035 doctis
273 958 359 1029 viris
379 959 586 1052 accepimus,
608 960 777 1053 quidquid
797 960 844 1033 ab
869 963 937 1032 ulio
966 961 1055 1035 bene
1081 963 1213 1037 dictum

141 1093 197 1154 est
216 1088 372 1154 nostrum
395 1081 456 1159 sit,
479 1083 534 1152 vel
555 1080 684 1152 utendo
703 1093 797 1156 certo
817 1093 975 1156 nostrum
997 1084 1070 1158 fiori
1091 1088 1213 1180 possit.

142 1205 205 1274 Est
224 1204 316 1273 enim
338 1213 377 1273 ut
398 1224 512 1274 rorum
534 1203 585 1274 sic
604 1203 840 1275 ctvcrbornm
860 1207 1038 1299 usucapio.
1059 1209 1136 1280 Feci
1152 1230 1216 1280 au·

144 1339 211 1397 iem
240 1338 277 1397 ut
306 1328 383 1417 plus
408 1322 487 1396 iidei
513 1324 614 1396 dictis
640 1314 728 1395 meis
754 1337 850 1397 osset
875 1327 968 1421 apud
990 1340 1021 1400 te
1043 1340 1215 1402 tantorum

88 1440 92 1447 ’
144 1448 320 1521 hominum
340 1446 532 1517 testimonio
552 1446 719 1539 probatis
739 1447 830 1541 apud
846 1470 951 1542 quem
973 1461 1089 1523 tamon
1108 1453 1217 1525 fateor

145 1580 182 1641 ut
199 1592 324 1661 magna
342 1568 424 1639 mihi
443 1589 580 1660 sempor
596 1568 785 1641 auctoritas
802 1572 919 1656 fuerit,
933 1573 1028 1665 quod
1046 1573 1121 1646 sine
1138 1575 1217 1646 uilis

143 1691 298 1762 oxion-nis
324 1689 540 1762 adminiculis
566 1710 634 1760 non
656 1691 816 1762 moritum
837 1693 978 1785 quidem
1010 1717 1123 1766 mcum
1153 1695 1217 1765 sod

146 1826 202 1885 tua
225 1835 310 1884 vere
339 1812 457 1904 utique
485 1818 650 1902 germana
675 1811 827 1886 charitas
858 1815 946 1885 fecit.
977 1815 1021 1886 Et
1046 1816 1217 1886 hactonus

144 1935 298 2027 quidem,
320 1936 440 2019 frater,
458 1932 639 2005 laetissimo
657 1934 790 2025 stupori
808 1956 886 2006 meo
902 1935 962 2028 qni
978 1957 1026 2006 ex
1043 1935 1217 2031 insperata

146 2055 334 2127 iituorarnm
356 2065 494 2127 tuarum
516 2053 672 2126 ubertate
692 2054 809 2137 oritur,
829 2077 1035 2151 responsum
1053 2055 1107 2128 sit.
1125 2056 1217 2127 Nihil

148 2179 248 2250 modo
261 2200 407 2271 prorsus
424 2177 467 2250 ad
485 2177 632 2271 reliqua,
648 2177 712 2248 nisi
724 2177 818 2270 qnod
834 2180 1216 2272 quascumqueliboUus

148 2302 202 2372 iiie
220 2309 300 2371 tuus
318 2301 480 2385 continet,
500 2321 580 2393 quae
599 2309 680 2372 sunt
696 2302 817 2384 mulia,
835 2322 963 2393 magno
984 2304 1107 2395 plausu
1124 2302 1220 2373 oom-

147 2424 290 2514 pieotor,
308 2428 344 2490 el
357 2420 471 2505 laudo,
491 2420 775 2514 supplicibusque
787 2421 881 2494 votis
893 2425 1030 2516 postulo
1043 2445 1087 2494 nc
1104 2422 1219 2493 minus

146 2542 313 2614 adiuvent
331 2542 482 2613 animum
504 2565 608 2635 qnam
630 2542 812 2617 delectant.
834 2545 932 2627 Valc,
953 2544 1062 2616 docus
1093 2565 1218 2614 moum.

249 2732 253 2740 .
290 2681 450 2743 Modoaiiae,
466 2681 515 2736 vul
531 2682 597 2737 Idus
611 2683 786 2739 Novembris.

568 3177 744 3242 EPiSTOLA
765 3179 797 3240 li.

257 3371 450 3422 Funucnscus
471 3372 640 3422 PETRARCA
661 3370 880 3422 ADOLESCENTI
901 3369 960 3418 SUO
982 3368 1008 3416 S.
1030 3368 1058 3417 P.
1080 3368 1109 3415 D.

256 3536 478 3592 adolescentiam
492 3537 551 3593 eius
564 3537 645 3592 malis
656 3536 780 3592 moribus
791 3536 963 3609 inquinatam
977 3533 1114 3606 obiurgat,

420 3633 447 3682 ot
462 3628 626 3683 honestioris
640 3628 701 3683 vitae
716 3628 826 3683 initium
839 3626 946 3682 suadet.

245 3890 419 3960 Hactenus
440 3890 509 3960 huo
530 3891 656 3961 insama
677 3912 802 3963 nomon
828 3898 863 3960 et
882 3887 1063 3958 obscurior
1087 3888 1121 3955 in
1144 3885 1220 3957 dios

148 4034 262 4083 rernm
282 4022 420 4084 tuarum
439 4014 529 4082 sama
546 4021 764 4106 pervenerat.
782 4008 947 4082 uolebam
966 4008 1101 4089 tacitns,
1120 4006 1223 4077 dum-

147 4155 216 4225 que
241 4156 354 4226 genus
381 4132 475 4206 aliud
500 4132 654 4226 supplicii
682 4132 883 4226 parabatur,
907 4127 1067 4220 graviora
1088 4148 1224 4220 promc-

139 4256 251 4355 pitnm
279 4278 404 4328 sonoro
434 4255 570 4327 silentio
594 4253 797 4349 puniebam3
823 4249 985 4344 quamvis
1010 4261 1046 4320 ec
1065 4250 1223 4322 latentior

148 4375 284 4447 interim
306 4398 408 4470 poenn
429 4398 498 4447 non
517 4375 672 4455 desonam
694 4374 722 4444 si
744 4371 883 4465 quidem
912 4371 988 4466 pias
1007 4370 1109 4441 nimis
1139 4392 1224 4462 nuga

151 4512 342 4581 lemannus,
365 4498 430 4570 olsi
452 4503 588 4591 propter
607 4497 759 4567 locorum
781 4493 977 4566 distantiam
1005 4517 1024 4565 a
1047 4493 1156 4563 fornia
1176 4492 1225 4560 fe-
