2738 5062
495 605 533 652 nu
557 604 656 653 nullus
678 602 897 653 Fillllultlllllus

570 911 745 978 EPISTULA
766 912 810 975 lV.

223 1154 228 1167 ,
280 1110 471 1160 ult-ln'clsct's
493 1108 660 1157 ussuuancn
681 1107 857 1156 Falhclsco
879 1106 1103 1156 hunuollrmlo

382 1210 625 1260 Pholon'oTuhlo
647 1209 843 1259 Anosloulco
864 1211 890 1258 S.
913 1210 940 1257 Ρ.
963 1210 992 1257 Ι).

239 1408 326 1466 Quam
340 1399 426 1454 tristis
438 1398 511 1452 inter
525 1396 630 1450 urbana
644 1395 768 1466 negotia,
784 1410 868 1466 quam
883 1394 945 1449 laela
959 1395 1123 1450 econtrario

499 1487 527 1541 in
542 1486 599 1540 ocio
614 1485 687 1539 ruris
700 1490 798 1556 agutur
810 1485 874 1539 vita.

247 1724 354 1795 llaior
369 1723 543 1793 temeritas
562 1723 727 1792 minorem
745 1728 908 1812 contegat
924 1722 980 1791 vel
997 1731 1155 1806 excuset,
1174 1724 1220 1794 le·

148 1871 275 1940 rusque
295 1868 396 1939 coquo
418 1846 545 1930 animo,
571 1845 625 1916 vir
648 1843 807 1936 insignia,
838 1844 866 1916 si
895 1843 955 1915 tibi
983 1868 1075 1916 nunc
1100 1845 1220 1919 dixero

147 1971 241 2064 quod
257 1969 389 2041 dudum
408 1969 453 2039 illi
471 1970 572 2060 longe
585 1967 762 2039 homiuum
776 1967 930 2039 maximo
942 1989 1011 2039 non
1025 1968 1101 2039 sine
1113 1967 1220 2063 ipsius

147 2114 296 2164 assensu
316 2091 450 2162 dixisse
472 2113 526 2161 me
547 2093 669 2162 recolo.
692 2091 777 2161 Cum
805 2089 865 2160 tibi
888 2091 979 2161 enim
1006 2091 1080 2161 lere
1101 2111 1219 2163 omues

147 2214 332 2296 invideant,
354 2235 420 2304 ogo
441 2214 646 2306 compatior:
670 2214 765 2304 quod
785 2237 864 2287 cum
884 2233 977 2307 saepe
996 2210 1167 2287 hactenus
1186 2212 1219 2284 in

146 2336 299 2406 animum
320 2336 478 2406 venisset
499 2344 536 2404 ut
555 2335 720 2420 dicerem,
744 2347 815 2407 tum
836 2335 1029 2430 praeserlim
1053 2336 1219 2409 hodierno

144 2457 211 2527 die.
232 2455 318 2526 Nam
339 2454 423 2526 dum
444 2454 587 2538 absone,
607 2455 701 2548 quod
722 2477 818 2549 saepe
835 2459 942 2540 soleo,
963 2466 1076 2528 tecum
1093 2479 1218 2542 essem,

146 2589 276 2652 tantum
292 2578 485 2651 solitudinis
504 2600 591 2650 mcae
608 2578 824 2651 dulcedinem
844 2579 943 2651 auxit
959 2581 1219 2673 occupationum

146 2716 283 2776 tuarum
302 2702 502 2787 recordatio,
528 2714 571 2787 ut,
595 2723 695 2796 paeue
712 2724 768 2774 me
785 2701 902 2786 inscio,
918 2713 1041 2797 sponte
1062 2726 1128 2775 sua
1147 2726 1219 2776 ma-

145 2848 210 2898 nus
231 2827 297 2899 iret
315 2827 361 2899 ad
380 2828 561 2898 calamum.
583 2825 658 2897 Non
678 2847 755 2898 sum
774 2846 887 2918 usquc
907 2825 995 2898 adeo
1014 2826 1167 2899 incultus
1184 2837 1219 2898 et

144 2953 292 3043 agrestis
327 2961 364 3024 ut
396 2950 548 3022 nesciam
573 2949 656 3043 quid
682 2949 770 3020 iuter
794 2950 924 3021 clarum
954 2959 991 3019 et
1018 2948 1216 3034 obscurum,

142 3072 272 3166 quidve
290 3075 379 3145 intcr
399 3071 620 3164 magnificum
638 3082 673 3142 et
694 3072 856 3164 pusillum
879 3070 1032 3142 intersit:
1053 3070 1217 3167 profiteor

142 3207 257 3268 autem
279 3198 482 3267 honoratam
504 3217 545 3266 ao
567 3194 794 3288 splendidam,
818 3218 941 3266 verum
962 3194 1152 3289 inquietam
1177 3218 1217 3268 ao

143 3318 315 3390 turbidam
349 3328 477 3388 sortem
511 3327 615 3390 luam.
645 3319 779 3391 Censeo
811 3318 895 3389 nihil
924 3340 1030 3413 prope
1061 3319 1215 3392 omnium

142 3451 237 3511 tuum
258 3461 339 3511 csse
359 3460 479 3510 eorum
496 3462 576 3534 quae
595 3441 756 3513 videntur
774 3451 844 3524 tua,
864 3441 1026 3535 quodque
1046 3442 1216 3536 irrepara-

141 3562 207 3633 bile
229 3562 393 3634 damuum
411 3573 479 3645 est,
502 3585 545 3633 ne
566 3572 704 3656 tempus
725 3562 864 3659 quidem
886 3565 1013 3659 ipsum;
1034 3565 1129 3659 quod
1147 3587 1213 3637 uon

139 3694 233 3755 corte
258 3706 317 3776 per
343 3684 587 3776 negligentiam
614 3685 739 3768 lluenS,
763 3687 844 3770 sod,
865 3698 903 3759 ut
929 3690 1071 3760 Scnecae
1094 3688 1213 3761 verbis

142 3817 229 3892 utar,
245 3809 301 3878 vcl
320 3807 527 3880 subductum
547 3808 606 3877 libi
625 3811 682 3879 vel
698 3818 853 3902 ereptum
872 3811 994 3882 alicnis
1012 3810 1135 3883 usibus
1151 3811 1212 3884 da·

141 3942 204 4001 tur.
226 3931 363 4002 Nullum
383 3931 441 4002 tibi
462 3933 567 4016 diem,
586 3934 714 4003 nullam
738 3933 798 4004 tibi
816 3944 950 4004 noctem
972 3935 1105 4019 cedere,
1137 3937 1211 4008 nul-

140 4056 209 4125 lum
231 4054 291 4125 tibi
310 4057 526 4148 tranquillum
547 4058 800 4149 receptaculum
820 4078 966 4149 usquam
985 4061 1071 4129 lore:
1093 4058 1209 4132 hortos

138 4178 183 4250 ad
203 4177 358 4250 laborum
381 4182 497 4272 lugam
519 4201 558 4250 ac
580 4180 738 4251 solatium
759 4178 934 4273 quaesitos,
961 4181 1119 4272 pluribus
1143 4183 1207 4254 iam

138 4301 285 4392 negotiis
307 4323 409 4392 quam
432 4302 551 4372 herbis
564 4302 792 4386 authoribuS,
815 4301 973 4395 pluribus
990 4302 1084 4375 curis
1101 4304 1208 4377 abuu-

136 4424 219 4498 daro
238 4448 343 4518 (praru
372 4424 563 4507 lrondilrus3
591 4427 777 4498 thalamum
804 4450 844 4499 ac
869 4429 980 4500 cuhile
1006 4429 1051 4501 ad
1076 4449 1205 4502 recrea·
