2738 5062
188 702 247 764 ulo
523 712 564 761 nu
585 711 686 762 asans
708 710 927 760 rrulurnnmus

187 850 323 920 fervore
339 854 480 917 actuum
502 853 642 936 torpens
661 866 764 936 sopor
781 843 976 928 intervenit,
995 852 1031 915 et
1048 843 1261 916 modestissi-

189 969 244 1053 mi,
263 968 370 1039 velint
387 966 502 1050 nolint,
525 967 644 1037 laetitia
671 967 840 1057 gestiente
860 965 1059 1038 turbantur:
1085 976 1262 1061 postremo

187 1092 289 1163 etiam
311 1089 345 1159 in
367 1088 499 1160 deliciis
520 1098 615 1160 actos
640 1089 717 1160 dies
744 1099 905 1161 senectus
932 1090 1121 1182 improvisa
1141 1111 1269 1172 conse2

188 1215 318 1308 quitur,
341 1223 375 1284 et
400 1224 575 1305 gemmato
600 1213 704 1283 etiam
731 1211 853 1284 vertici
873 1232 967 1282 mors
993 1212 1146 1283 insultat.
1172 1213 1263 1283 Nulli

188 1335 358 1428 parcitur,
391 1334 475 1405 nulli
505 1334 600 1405 leriae
628 1335 796 1404 malorum
835 1344 937 1417 sunt;
974 1332 1080 1405 babet
1113 1336 1264 1428 quisque

187 1456 282 1530 domi
304 1477 379 1528 suae
395 1455 489 1548 quod
508 1454 635 1539 doleat,
657 1457 752 1549 quod
768 1455 890 1542 oderit,
910 1452 1003 1549 quod
1020 1458 1150 1548 lugeat,
1167 1456 1264 1550 quod

187 1589 365 1675 queratur.
391 1581 482 1651 Raro
507 1579 677 1650 adversus
704 1579 780 1651 baec
805 1579 933 1673 profuit
956 1587 992 1651 et
1021 1600 1115 1673 saepe
1145 1579 1264 1651 nocuit

190 1703 398 1774 eminentior
411 1703 563 1773 fortuna:
577 1703 806 1795 apertiorest,
821 1701 994 1773 etidcirco
1015 1702 1126 1793 magis
1147 1723 1264 1775 rerum

188 1826 348 1921 procellis
374 1825 544 1919 exposita.
566 1823 677 1896 Habet
700 1836 736 1895 et
760 1845 844 1896 suas
866 1825 1041 1896 molestias
1062 1833 1174 1896 status
1196 1825 1263 1895 hu·

189 1948 314 2033 milior,
342 1956 378 2019 et
405 1947 525 2020 urticis
554 1946 735 2018 urentibus
761 1956 946 2040 paupertas
971 1947 1108 2040 premit.
1132 1947 1264 2019 Verum

189 2070 321 2142 divitiae
347 2070 454 2162 spinis
475 2066 666 2141 acrioribus
692 2068 882 2154 abundant,
905 2078 941 2140 et
957 2071 1106 2163 potentia
1133 2080 1265 2163 tempo-

190 2191 272 2262 ralis
302 2212 428 2284 vepres
468 2191 572 2263 babet
602 2193 823 2286 asperrimos.
855 2191 960 2264 Novit
988 2192 1036 2263 ita
1061 2213 1141 2263 esse
1167 2191 1264 2285 quis-

192 2313 271 2407 quis
289 2322 472 2404 utramque
487 2315 663 2383 fortunam
679 2315 798 2385 sensit.
813 2316 878 2399 Tu,
892 2316 1001 2398 Pater,
1017 2313 1083 2386 nisi
1096 2324 1264 2407 quantum

190 2432 478 2530 inexperientiam
497 2434 635 2525 ingenio
656 2438 805 2530 suppleS,
827 2437 951 2509 borum
972 2436 1080 2508 iudex
1096 2458 1178 2508 esse
1196 2458 1265 2508 uon

192 2570 314 2654 potes;
340 2557 374 2627 in
399 2557 611 2650 amplissima
635 2557 727 2628 eninr
754 2557 857 2628 simul
877 2558 1140 2652 clarissimaque
1159 2558 1264 2631 domo

191 2680 343 2774 genitus,
373 2681 463 2751 inter
493 2701 640 2773 magnas
669 2680 809 2753 divitias
839 2702 880 2752 ac
911 2681 1051 2755 delicias
1080 2682 1261 2767 educatus,

191 2824 344 2898 praeesse
370 2801 491 2874 solitus
518 2824 670 2896 semper,
698 2801 843 2874 subesse
874 2823 959 2874 vero
984 2824 1176 2895 nunquam,
1202 2826 1265 2897 per

190 2946 311 2997 omnes
337 2927 408 2997 lere
439 2923 646 3017 dignitatum
678 2925 809 3018 gradus
835 2924 880 2997 ad
905 2946 1043 2996 summo
1068 2925 1263 3018 proximum

191 3048 272 3120 hinc
287 3047 428 3130 virtute,
450 3047 530 3119 binc
550 3048 682 3120 coelesti
704 3046 909 3120 sublevante
926 3047 1120 3131 clementia,
1139 3046 1265 3119 felicis-

192 3170 279 3243 sime
298 3169 542 3243 conscendisti.
564 3171 640 3241 Non
660 3192 699 3241 es
720 3170 865 3241 idoneus
891 3173 1037 3241 fortunae
1059 3170 1265 3241 submissio-

192 3296 241 3365 ris
262 3293 411 3364 arbiter:
430 3293 560 3364 altioris
578 3303 693 3363 autem
719 3312 821 3362 nemo
842 3293 963 3384 magis,
987 3292 1062 3363 sive
1083 3292 1265 3386 experien-

191 3415 237 3486 tia
267 3416 432 3506 magistra
461 3437 576 3486 rerum
606 3414 750 3507 optima,
782 3415 858 3486 sive
888 3415 1087 3523 observatio
1116 3415 1263 3506 diligens

191 3561 231 3611 ac
253 3539 418 3622 studium,
442 3539 518 3609 sive
542 3540 597 3609 vis
624 3539 751 3631 ingenii
777 3540 945 3631 quaeritur
970 3563 1010 3612 ac
1034 3541 1191 3612 celeritas
1213 3540 1264 3610 in·

192 3664 358 3733 telleclns.
384 3663 434 3731 lle
459 3660 525 3730 boc
549 3682 633 3751 ergo
657 3660 723 3731 etsi
750 3664 856 3732 multa
881 3662 1044 3747 dixerim,
1073 3663 1188 3735 adbuc
1212 3672 1263 3734 ta-

190 3806 268 3855 men
294 3805 362 3854 non
383 3801 492 3874 pauca
513 3778 640 3863 dicere,
662 3782 760 3852 etde
783 3805 819 3853 re
841 3780 900 3853 tibi
922 3784 1029 3854 multo
1054 3805 1156 3876 quam
1179 3783 1263 3853 mibi

189 3903 313 3975 melius
338 3913 418 3976 nota
445 3912 574 3986 tecum,
600 3902 666 3973 nisi
693 3903 844 3998 respuis,
870 3905 1090 3978 nuncetiam
1116 3904 1263 3998 colloqui

190 4050 288 4100 mens
305 4038 370 4101 est.
390 4028 523 4111 Dicam,
543 4034 639 4120 puto,
659 4048 739 4121 quae
766 4039 804 4099 tu
828 4052 911 4100 vera
932 4028 1107 4112 fateberis,
1134 4037 1170 4099 et
1195 4038 1262 4099 tam

187 4148 232 4220 de
254 4151 369 4223 medio
387 4160 540 4247 sumpta,
560 4160 598 4222 ut
613 4151 678 4221 nisi
700 4173 756 4223 me
780 4173 916 4236 nosses,
940 4172 1063 4245 posses
1089 4159 1262 4243 potentem

188 4271 330 4367 opinari.
352 4274 503 4345 Primum
524 4275 649 4366 igitur:
671 4285 837 4366 quantum
858 4273 1102 4367 indignationis
1127 4296 1168 4346 ac
1193 4284 1263 4345 slo-

190 4395 314 4478 machi,
344 4416 479 4487 quaeso,
507 4396 612 4468 babet
643 4399 815 4468 excelsior
841 4407 968 4484 status,
995 4398 1078 4470 dum
1103 4406 1262 4493 potentes

191 4515 420 4612 impotentiam
444 4541 540 4591 suam
563 4520 702 4604 delient,
725 4531 760 4591 et
781 4542 873 4614 saepe
893 4524 950 4593 vel
967 4522 1187 4594 minimarum
1208 4540 1263 4592 re·
