2738 5062
371 349 377 365 ἱ

142 696 199 757 ’130
475 705 514 751 nn
536 703 635 752 nunus
658 701 877 752 riurnmnmus

141 853 188 927 tc,
203 840 330 934 quibus
352 841 444 909 nulla
465 845 545 908 sunt
566 840 753 910 senectutis
771 839 932 930 insignia,
951 847 1078 930 praeter
1094 858 1206 930 rugas

140 985 245 1036 canos
267 970 302 1032 et
318 960 509 1044 calvitium,
530 968 565 1031 et
584 961 767 1031 incurvum
793 971 943 1051 tergum,
969 959 1115 1053 nasiquc
1140 980 1210 1031 ma-

93 1082 97 1089 ’
141 1086 256 1158 dentis
276 1084 467 1168 infantiam,
490 1091 618 1155 etcum
639 1103 717 1152 voce
739 1083 911 1152 trementia
928 1084 1085 1166 membro,
1100 1094 1138 1154 ut
1149 1084 1208 1154 Sa·

143 1211 272 1306 tyricus
293 1208 351 1280 ait.
373 1208 461 1278 Suas
485 1205 548 1277 sibi
576 1215 691 1276 autem
715 1204 877 1298 equidem
901 1205 1093 1277 invidiosas
1113 1205 1211 1277 dotes

142 1332 303 1415 habeant,
326 1352 389 1402 nos
409 1330 501 1400 onim
519 1352 588 1401 non
606 1336 723 1421 putres
741 1329 945 1420 quaerimus,
965 1329 1027 1400 sed
1044 1328 1209 1400 matumsss

141 1457 258 1548 Neque
278 1477 401 1525 rursus
420 1455 494 1524 illos
512 1452 676 1535 excludo,
693 1451 795 1544 siqui
814 1460 906 1535 sunt,
921 1452 995 1543 qui,
1010 1450 1212 1523 florentibus

142 1579 255 1661 annis,
278 1577 381 1647 animi
403 1586 732 1669 praeoccupaverunt
750 1584 972 1658 senectutem,
991 1596 1105 1666 neque
1121 1574 1213 1666 qnod

142 1701 176 1768 in
190 1708 222 1768 te
236 1698 355 1782 miror,
375 1697 409 1767 in
428 1697 504 1768 aliis
523 1719 663 1792 sperno,
683 1697 792 1769 sicubi
810 1718 951 1790 praecox
966 1697 1100 1768 indoles
1117 1696 1213 1768 afful-

144 1821 237 1892 serit.
259 1821 334 1892 Non
356 1843 432 1892 sum
453 1822 590 1892 nescius
611 1828 777 1913 quantum
803 1817 987 1890 Africanus
1011 1840 1113 1892 meus
1132 1820 1213 1893 ado-

141 1945 284 2015 lescens
300 1943 436 2014 afflictae
456 1943 668 2038 Reipublicae
688 1965 756 2013 non
777 1965 883 2013 manu
905 1944 1031 2026 solum,
1055 1942 1120 2015 sed
1135 1962 1214 2015 con·

144 2066 219 2137 silio
236 2065 414 2159 profuerit;
429 2077 495 2150 aut,
508 2066 589 2137 dum
605 2075 777 2138 secretum
791 2074 934 2137 senatus
947 2067 1043 2148 celat,
1057 2062 1214 2161 Papirius

142 2177 372 2259 Praetextatus
385 2208 534 2279 quonam
550 2189 623 2259 ioco
640 2199 784 2261 matrem
798 2188 979 2272 deluserit;
996 2187 1083 2282 quid
1101 2187 1215 2282 paeda·

144 2330 235 2401 gogo
256 2331 320 2379 suo
339 2308 475 2379 Portius
498 2309 592 2390 Cato,
626 2311 710 2401 quid
744 2309 817 2380 seni
851 2310 955 2381 auxio
987 2331 1074 2402 puer
1108 2309 1216 2381 suasit

145 2429 352 2502 Alcibiades.
373 2430 453 2514 Sed,
474 2431 692 2515 mihicrede,
711 2455 887 2524 perrarum
907 2453 1018 2524 genus
1037 2430 1214 2503 hominum

145 2552 272 2644 quibus
301 2562 417 2623 tenera
449 2562 551 2623 aetate
582 2553 756 2644 contingat
788 2576 921 2649 sapere.
946 2554 1010 2625 Ubi
1044 2576 1130 2628 sane
1152 2557 1215 2627 tale

86 2716 89 2722 ·
144 2674 272 2766 aliquid
285 2685 320 2745 ct
337 2695 571 2769 praegressum
587 2698 694 2747 annos
712 2676 965 2748 adolescentem
979 2677 1126 2763 videris,
1142 2678 1216 2774 (nec

145 2799 236 2870 enim
258 2797 391 2869 inficior
412 2797 487 2870 fieri
508 2799 637 2892 posse),
661 2821 783 2870 senum
804 2801 919 2871 choris
946 2800 1145 2874 adscribito.
1167 2804 1217 2875 Tu

145 2923 204 3012 qui
223 2931 259 2992 et
281 2921 414 2992 consilii
431 2922 541 3016 prima
558 2944 630 2994 vox
647 2932 681 2993 et
699 2944 811 2994 rarum
830 2931 934 3016 caput
949 2944 1028 2994 csso
1047 2924 1212 3008 meruisti,

145 3042 210 3116 boc
237 3066 374 3140 semper
401 3056 513 3115 tecum
547 3045 674 3136 cogita,
708 3045 838 3139 primas
872 3045 916 3116 ad
947 3056 980 3116 te
1011 3056 1129 3139 partes
1160 3049 1215 3119 vel

145 3165 264 3255 gloriae
277 3167 334 3234 vel
353 3164 501 3233 infamiae
519 3163 702 3254 portinere,
718 3164 878 3256 ideoque,
899 3166 1018 3259 sopitis
1036 3166 1214 3252 omnibus,

146 3290 241 3356 solus
262 3286 379 3375 vigila.
401 3286 520 3376 Neque
539 3284 643 3368 enim,
666 3286 759 3378 quod
779 3288 968 3359 illustribus
990 3290 1075 3360 viris
1093 3294 1214 3385 placet,

146 3430 208 3500 par
221 3408 438 3501 imperatoris
456 3419 491 3480 et
507 3408 622 3479 militis
642 3409 738 3481 labor
754 3423 817 3482 cst.
836 3413 1026 3508 Promptior
1042 3414 1086 3485 ad
1103 3425 1216 3486 actum

146 3531 256 3613 venit,
275 3551 378 3622 quom
399 3531 506 3601 maior
526 3533 657 3624 praemii
679 3556 758 3627 pars
779 3535 934 3629 impellit:
952 3548 988 3606 ct
1007 3558 1218 3631 quamquam

146 3655 320 3725 multaret
340 3653 447 3723 varim
469 3654 537 3723 sint
561 3658 783 3749 praemiorum
810 3659 957 3752 species
981 3659 1026 3730 ad
1047 3680 1137 3752 quas
1158 3682 1219 3754 pro

147 3776 316 3849 varietate
337 3776 519 3846 affectuum
553 3800 622 3849 non
655 3779 868 3851 uniformiter
888 3782 1101 3868 inclinamur,
1126 3782 1220 3855 haud

146 3898 290 3971 dubium
313 3908 444 3981 tamen,
465 3900 559 3992 quod
585 3902 757 3975 nobilibus
779 3904 911 3991 animis,
931 3915 1010 3999 post
1029 3906 1218 3990 virtutem,

151 4044 325 4093 summum
346 4024 457 4108 calcar
477 4032 531 4094 cst
552 4025 671 4116 gloria.
698 4027 784 4098 Hinc
809 4028 913 4119 igitur
933 4029 1122 4100 cxcitatum
1147 4028 1223 4099 ani-

147 4165 242 4213 mum
261 4147 354 4216 curis
371 4147 508 4240 optimis
525 4171 660 4220 exerce.
680 4151 766 4220 Sunt
783 4161 896 4220 autem
912 4151 1050 4245 optimae
1067 4170 1164 4221 curae
1174 4148 1222 4219 dc

148 4268 258 4336 salute
279 4269 412 4362 patrico,
434 4279 471 4342 ut
491 4271 537 4344 ait
558 4272 687 4342 Cicero.
709 4273 769 4342 His
787 4273 892 4364 igitur
910 4272 969 4343 tibi
989 4296 1079 4344 nunc
1099 4274 1134 4343 in
1151 4294 1224 4344 coe·

147 4388 218 4457 lum
240 4388 304 4458 iter
325 4391 479 4460 facturus
503 4414 662 4484 assurge,
685 4403 786 4486 teque
806 4414 911 4487 supra
932 4395 1093 4487 teipsum
1112 4392 1222 4485 erige.

148 4509 244 4596 Vide,
257 4508 492 4603 circumspice,
503 4517 732 4608 contemplare
745 4516 912 4601 omnia,et
922 4518 1040 4587 felices
1054 4517 1222 4589 bellorum
