2738 5062
288 708 380 755 arnan
402 708 919 781 sarrrupsnncnrus.-srusronn
941 710 992 757 vn.
1122 696 1179 757 447

106 842 208 932 Atqui
232 850 459 934 percunctare
481 845 813 939 unumquemlibet,
842 866 910 915 non
941 844 1052 916 dicam
1072 864 1118 915 ex
1140 844 1182 915 iis

104 985 192 1057 quos
216 964 302 1035 iraec
321 965 445 1037 cultior
471 978 582 1059 quam'
597 967 741 1038 Rhenus
762 967 872 1049 attuit,
895 965 957 1036 sed
978 986 1066 1058 quos
1088 964 1183 1037 misit

105 1085 265 1157 incultior
282 1086 338 1156 ilia
352 1087 532 1199 barbaries
550 1110 654 1181 quam
673 1087 850 1159 Danubius
863 1088 944 1178 ¹sire
960 1088 1064 1159 etiam
1076 1109 1181 1181 quam

105 1208 257 1278 Tbanais
290 1220 440 1302 asperat.
469 1211 566 1282 Dicet
592 1209 650 1279 tibi
678 1209 725 1279 nil
751 1213 839 1282 coelo
864 1211 977 1302 patrio
1001 1209 1179 1289 blandius,

104 1332 150 1401 nil
175 1352 217 1400 ca
240 1339 407 1402 terrarum
430 1333 571 1423 regione
599 1331 756 1402 suavius.
779 1333 929 1404 Provide
948 1317 1049 1417 eave,
1072 1354 1116 1403 ne
1135 1332 1180 1405 ad

103 1453 393 1547 comparationem
416 1455 550 1526 venias:
571 1453 787 1529 barbaricam
808 1455 902 1527 dicet
921 1456 1063 1527 Italiam.
1082 1456 1179 1526 Vale.

507 1967 684 2032 EPISTOLA
706 1969 772 2032 vili.

137 2163 329 2214 rnnncrscus
350 2162 517 2213 rsrnnncu
541 2164 658 2212 rnnrnr
679 2165 841 2214 imrrnno
862 2166 999 2216 counnsr
1020 2168 1046 2217 s.
1068 2168 1096 2216 a.
1118 2167 1148 2216 n.

134 2340 317 2412 Cupiditatem
331 2338 453 2395 discendi
468 2354 501 2395 eo
516 2338 682 2397 nobiliorem
697 2354 758 2397 esse
772 2355 828 2411 quo
842 2340 923 2396 citior
936 2346 979 2396 est
992 2341 1149 2398 divitiarum

161 2430 304 2503 cupiditas.
320 2430 401 2486 Illam
415 2430 444 2485 in
458 2430 547 2486 amico
561 2429 656 2485 laudat
669 2436 697 2486 et
710 2435 834 2485 veterum
849 2431 983 2505 exemplis
996 2432 1126 2489 illustrat.

198 2679 340 2751 Gaudeo
359 2679 520 2771 equidem
541 2689 576 2750 et
595 2682 717 2751 exulto
738 2681 899 2772 quotiens
921 2681 1106 2751 litteratum
1128 2682 1182 2751 vi·

103 2828 178 2876 rum
197 2801 355 2876 discendi
373 2801 535 2893 cupidum
557 2801 707 2872 invenio.
722 2802 815 2871 Solet
832 2800 978 2872 avaritia
991 2799 1182 2894 quaerendo

102 2946 259 2997 creseere
276 2934 312 2994 et
333 2923 557 2995 successibus
579 2922 718 3002 irritari,
739 2944 842 3014 quem
861 2921 1031 2994 adfinem
1048 2921 1179 3005 nescio,

102 3070 191 3129 cum,
207 3046 273 3118 nisi
286 3047 374 3119 ratio
386 3048 507 3117 exulat
524 3067 544 3115 a
562 3044 714 3117 consitiis
731 3043 900 3123 humanis.
920 3044 1036 3115 minus
1053 3066 1182 3139 cupere

103 3171 230 3243 debeat
253 3169 313 3264 qui
339 3172 418 3263 plus
444 3168 558 3240 babet.
584 3169 734 3239 Somnus
767 3167 991 3250 dormiendo,
1026 3167 1183 3259 fatigatio

103 3290 315 3387 quiescendo
340 3292 546 3386 depellitur3
573 3292 652 3363 cibo
684 3294 812 3374 sames,
848 3303 930 3383 potu
964 3291 1081 3363 sobrio
1106 3291 1183 3363 sitis

104 3417 331 3508 extinguitur.
351 3415 493 3486 Mirum:
516 3417 589 3486 sola
610 3415 750 3508 quidem
778 3414 923 3485 avaritia
944 3412 1103 3507 quaesitis
1123 3433 1182 3484 ac·

102 3539 273 3621 annuitur,
298 3548 335 3609 ut
356 3537 473 3609 surdis
493 3537 663 3609 cecinisse
683 3537 846 3609 videatur
862 3535 1026 3610 Horatius
1043 3534 1104 3608 ubi
1119 3532 1179 3605 ait:

221 3749 359 3827 Denique
376 3749 416 3811 sit
433 3750 503 3812 tinis
519 3751 692 3828 quaerendi3
710 3766 844 3829 cumque
861 3750 970 3813 habeas
986 3748 1054 3826 plus

220 3845 400 3926 Pauperiem
419 3855 537 3910 metuas
556 3848 671 3921 minus,
689 3855 719 3910 et
737 3848 826 3912 finire
843 3848 977 3910 laborem

220 3943 360 4023 incipias.
379 3951 464 4023 parto
483 3942 564 4021 quod
581 3944 691 4006 archus
709 3994 822 4008 .....

102 4148 248 4220 Salubre
265 4150 465 4233 consitium,
491 4150 520 4220 si
538 4149 674 4242 penitus
697 4148 903 4219 inanimum
930 4147 1182 4221 descendisset.

100 4271 171 4342 Nos
198 4295 283 4344 vero
310 4277 472 4344 mortales
494 4269 746 4342 immortalibus
766 4267 860 4341 curis
887 4270 992 4363 pleni,
1017 4283 1087 4342 turn
1110 4293 1180 4342 ma-

102 4393 196 4462 xime
214 4394 372 4464 timorem
393 4393 599 4485 incipimus,
620 4399 656 4461 ct
677 4390 847 4469 laborem,
869 4390 952 4463 dum
974 4390 1072 4465 finire
1094 4388 1180 4487 prae-

102 4512 273 4606 cipimur;
300 4516 424 4588 crescit
451 4513 607 4608 pecuniae
633 4513 784 4585 studium
812 4527 991 4585 crescente
1024 4512 1180 4606 pecunia.
