2738 5062
424 718 518 769 LIBER
538 717 736 769 uuctttu8.—
746 719 898 769 urtsrotu
921 721 940 767 1.
1185 706 1219 766 fii

143 870 159 906 r
185 840 299 933 gessi3
317 862 386 932 ego
403 842 499 933 leges
517 841 663 926 condidi,
682 863 749 932 ego
766 862 894 912 aunum
912 840 1037 933 partita
1054 861 1142 923 sum,
1157 861 1224 930 ego

142 993 157 1027 r
184 963 289 1035 docui
323 962 456 1033 militiae
488 963 717 1058 disciplinam,
744 985 811 1054 ego
836 962 1035 1056 quingentis
1062 962 1162 1034 annis
1189 961 1223 1030 in

141 1114 157 1150 s
183 1085 283 1157 ltalia
327 1085 562 1177 consumptis,
602 1083 763 1157 ducentis
807 1084 928 1156 ordine
973 1082 1221 1176 sequentihus,

140 1237 157 1272 s
183 1207 286 1279 cuius
312 1208 364 1279 rei
398 1206 467 1278 fide
494 1206 689 1298 dignissimi
716 1215 826 1278 testes
853 1218 947 1289 sunt,
969 1204 1104 1290 Asiam,
1132 1205 1223 1277 Atri-

139 1358 155 1394 »
183 1352 271 1413 cam,
290 1330 477 1422 Europam,
498 1337 608 1400 totum
625 1328 776 1421 denique
792 1328 912 1400 orbem
928 1338 1106 1413 terrarum,
1121 1327 1222 1399 hellis

140 1480 155 1515 a
185 1462 223 1523 et
242 1450 400 1524 victoriis
422 1451 607 1542 peragravi
628 1453 735 1522 multo
760 1450 903 1536 sudore,
925 1453 1032 1524 multo
1054 1454 1222 1543 sanguine

140 1604 157 1637 ι
184 1576 366 1666 multoque
378 1570 531 1654 consilio,
546 1571 723 1663 surgentis
737 1571 876 1664 Imperii
892 1572 1118 1645 fundamenta
1130 1594 1224 1643 com-

139 1724 156 1759 ν
185 1695 362 1767 muniens.
391 1696 467 1786 ligo
492 1693 641 1789 primum
667 1692 835 1765 libertatis
861 1704 1036 1768 auctorem
1063 1697 1220 1780 Brutum,

141 1846 157 1881 »
185 1816 271 1889 dum
293 1815 379 1886 mihi
399 1815 613 1908 obsequitur,
631 1815 820 1887 interfectis
842 1815 921 1887 filiis
941 1815 1220 1910 superbo'hosti,

141 1966 156 2002 a
186 1936 320 2009 mutuis
353 1936 636 2009 commorientem
659 1937 862 2009 vulneribus
882 1938 1042 2031 adspexi.
1064 1939 1140 2029 Ego
1160 1958 1223 2008 na-

141 2088 158 2123 »
186 2067 303 2130 lantes
322 2056 439 2130 virum
464 2068 635 2130 armatum
659 2068 694 2130 et
720 2059 886 2130 inermem
907 2060 1055 2151 puellam
1083 2057 1221 2150 stupui;

141 2208 157 2245 r
187 2202 254 2271 ego
271 2180 366 2273 pium
384 2178 516 2249 Camilli
532 2180 686 2264 exilium,
701 2189 737 2251 et
750 2179 910 2251 Cursoris
931 2178 1139 2252 laboriosam
1157 2179 1222 2249 mi-

142 2331 160 2368 »
187 2302 307 2386 litiam,
323 2310 359 2372 et
375 2299 588 2396 incomptum
607 2300 700 2372 Curii
720 2311 838 2395 caput,
861 2314 896 2375 et
911 2304 1059 2374 electum
1080 2301 1126 2373 ab
1145 2324 1222 2373 ara-

143 2451 160 2487 »
193 2433 248 2495 tro
279 2424 476 2506 consulem,
504 2432 540 2493 et
571 2423 754 2496 ruricolam
783 2426 997 2510 dictatorem,
1019 2435 1055 2496 et
1087 2425 1221 2517 regiam

141 2574 158 2610 s
189 2544 332 2617 Fabritii
351 2553 605 2640 paupertatem,
627 2558 662 2618 et
680 2547 867 2620 Publicolae
886 2550 1017 2620 elatum
1037 2550 1158 2631 funus,
1186 2557 1223 2616 et

142 2666 360 2739 »insolitam
392 2666 544 2738 viventis
578 2667 686 2738 Curtii
715 2672 937 2760 sepulturam,
964 2678 1000 2739 ct
1031 2669 1221 2760 gloriosum

142 2818 158 2854 s
185 2810 363 2862 carcerem
379 2786 498 2873 Attilii,
517 2797 552 2860 et
568 2789 697 2882 insigni
714 2789 909 2863 devotionis
928 2789 1047 2861 habitu
1062 2810 1222 2881 procum-

142 2939 158 2974 »
187 2909 311 2982 bentes
332 2910 467 2994 Decios
488 2920 523 2983 et
544 2911 683 2983 Corvini
706 2910 890 3005 spectabile
910 2913 1075 2992 duellum,
1103 2919 1139 2979 et
1158 2907 1222 2977 mi·

143 3063 159 3095 u
191 3042 260 3103 tem
280 3032 379 3126 patri,
401 3032 527 3105 durum
547 3031 617 3105 filio
638 3033 865 3125 Torquatum,
887 3042 923 3103 et
947 3033 1128 3124 profusum
1153 3052 1222 3101 una

143 3182 160 3219 a
189 3154 372 3225 Fabiorum
391 3154 606 3248 sauguinem,
622 3165 658 3227 et
670 3155 853 3227 attonitum
874 3155 1097 3236 Porsennam,
1117 3156 1185 3224 etl
1208 3194 1223 3205 -

142 3304 158 3339 r
189 3285 342 3347 mantem
362 3297 569 3366 generosam
590 3277 695 3350 Mucii
713 3280 896 3350 dexteram
918 3275 1000 3347 vidi.
1020 3277 1097 3368 Ego
1114 3277 1223 3346 Seno-

142 3425 158 3461 »
187 3420 271 3469 num
293 3396 470 3483 flammas,
491 3407 528 3470 et
551 3399 677 3496 Pyrrhi
696 3402 913 3494 elephantes,
940 3410 976 3472 et
995 3422 1081 3493 opes
1103 3399 1223 3470 Antio-

142 3547 159 3583 ι
186 3519 254 3602 chi,
267 3528 304 3591 et
320 3521 543 3612 pertinaciam
560 3521 778 3607 Mithridatis,
791 3534 827 3594 et
837 3524 1006 3619 Syphacis
1023 3523 1220 3606 amentiam,

146 3668 163 3704 ι
189 3649 226 3712 et
249 3641 418 3734 Ligurum
439 3642 674 3729 difficultates,
697 3655 732 3715 et
752 3645 841 3717 bella
862 3646 1060 3730 Samnitica,
1079 3655 1115 3716 et
1132 3644 1224 3715 Cim-

147 3761 333 3836 »brorum
363 3773 501 3851 motuS,
536 3776 571 3838 et
597 3767 823 3839 Macedonum
858 3769 984 3852 minas,
1007 3777 1043 3838 et
1072 3767 1222 3839 Punicas

147 3911 163 3944 r
191 3884 329 3958 fraudes
349 3887 487 3982 pertuli.
511 3889 588 3981 Ego
618 3889 782 3976 Carrhas,
810 3892 1011 3986 AEgyptum,
1030 3889 1219 3972 Persidem,

145 4010 167 4069 a·
187 4002 368 4091 Arabiam,
389 4010 549 4094 Pontum,
573 4020 609 4081 et
629 4020 812 4106 utramque
831 4012 1045 4095 Armeniam,
1067 4021 1103 4082 et
1122 4012 1222 4082 Gala-

145 4154 160 4189 »
189 4125 282 4212 tiam,
314 4129 579 4222 Cappadociam,
614 4134 805 4215 Thraciam,
828 4142 863 4203 et
887 4133 1049 4203 Pharium
1071 4133 1161 4216 litus,
1187 4143 1222 4203 et

144 4277 161 4312 r
187 4250 400 4344 AEtbiopicas
420 4275 564 4336 arenas3
584 4277 653 4347 ego
673 4255 794 4351 Libyae
811 4276 962 4348 campos
979 4265 1015 4326 et
1032 4254 1216 4348 ilispauiae,

144 4401 160 4437 l
187 4394 255 4465 ego
272 4396 383 4466 aquas
400 4376 548 4461 Sextiae,
567 4375 734 4459 Ticinum,
749 4375 917 4462 Trebiam,
933 4376 1218 4473 Thrasymenum,

144 4524 160 4559 r
188 4496 328 4568 Cannas
345 4507 380 4568 et
395 4496 618 4571 Ocriculanas
644 4498 787 4591 profuso
807 4518 931 4569 cruore
949 4499 1197 4591 Thermopylas
1212 4518 1219 4575 ;
