2738 5062
335 698 427 747 ninnn
449 696 950 757 ournrusnnciuus-enisnonu
972 697 1023 746 vu.
1162 686 1221 748 333

141 855 182 906 ac
206 841 438 926 contemptum
473 832 581 916 venit,
616 832 780 925 quodque
812 832 919 903 armis
953 832 1071 904 ulcisci
1105 833 1223 906 decuit

140 953 314 1027 oblivione
333 954 446 1025 levius
466 963 503 1024 et
522 953 659 1025 silentio
678 955 908 1025 consolamur.
929 953 1060 1026 ilicinis
1078 956 1222 1047 gravius

140 1075 303 1167 angimur
328 1075 438 1146 malis.
457 1075 544 1159 Quis
568 1075 788 1147 lanuensium
812 1076 977 1167 exiguam
996 1079 1145 1149 classem
1172 1077 1225 1148 in·

140 1197 240 1269 testis
259 1195 371 1291 proris
397 1197 443 1268 ad
467 1196 548 1268 litus
573 1197 744 1269 Venetam
767 1206 965 1282 venturam,
988 1198 1067 1291 quis
1087 1199 1223 1270 Britan-

140 1341 222 1391 num
239 1340 348 1411 parva
361 1341 465 1391 manu
479 1319 513 1388 in
526 1318 652 1391 Gallias
666 1320 879 1410 irrupturum
893 1320 1072 1393 crederet?
1085 1321 1224 1392 Utrum·

141 1462 211 1534 que
230 1441 372 1533 quidem
399 1442 487 1511 intra
513 1437 623 1512 breve
648 1451 786 1533 tempus
812 1440 1023 1514 audivimus.
1045 1440 1111 1512 Ubi
1132 1442 1221 1525 iam,

141 1583 279 1656 quaeso,
304 1573 375 1634 tuta
405 1583 500 1634 mora
529 1565 607 1634 est‘?
638 1562 795 1634 Venetiae
826 1574 861 1634 et
894 1564 1016 1634 Parisii
1045 1562 1222 1635 civitatum

140 1685 424 1771 omniumnostri
451 1685 546 1757 orbis
573 1686 758 1758 tutissimae
783 1684 1009 1769 videbantur3
1036 1687 1113 1759 haec
1139 1688 1225 1758 itali-

140 1829 276 1891 carum,
304 1807 360 1879 illa
390 1806 680 1899 transalpinarum
705 1828 772 1878 arx
798 1817 983 1890 terrarum3
1015 1808 1050 1877 in
1078 1816 1225 1899 utraque

141 1951 254 2025 nuper
273 1929 385 2002 hostis
407 1929 550 2001 incursu
577 1928 665 2000 sacili
692 1928 902 2020 gravissime
924 1930 1132 2022 trepidatum
1159 1940 1223 2002 est.

141 2053 226 2137 Quis
247 2074 401 2145 unquam
421 2051 618 2124 divinasset
638 2051 825 2122 Galliarum
843 2074 962 2144 regem
980 2052 1014 2121 in
1033 2047 1241 2124 britannico

140 2197 279 2249 carcere
292 2178 482 2258 victurum,
498 2177 585 2246 sorte
597 2175 701 2247 etiam
715 2174 1044 2247 moriturum‘llicce
1058 2175 1125 2246 iam
1140 2175 1225 2245 certi

142 2296 186 2368 de
203 2317 352 2380 earcere,
371 2295 416 2368 de
436 2293 505 2367 line
524 2294 687 2388 suspensi
713 2317 847 2367 sumus.
862 2293 947 2378 Quis
969 2294 1163 2367 divinasset
1180 2294 1226 2367 ad

142 2419 353 2491 Parisiorum
383 2428 501 2513 portas
526 2428 711 2489 venturum
741 2418 933 2491 exercitum
960 2417 1228 2519 Britannorum?

141 2542 232 2614 Ecce
244 2541 312 2612 iam
326 2542 430 2613 venit.
445 2542 662 2634 Quamquam
677 2541 756 2634 quis
770 2541 919 2625 omnino,
935 2540 999 2612 nisi
1014 2540 1157 2631 ignarus
1173 2562 1227 2610 re-

143 2688 235 2748 rnm,
256 2676 317 2736 aut
334 2663 428 2752 regis
442 2685 615 2736 carcerem
637 2673 697 2736 aut
717 2663 814 2737 urbis
835 2662 1052 2735 obsidionem
1068 2666 1228 2757 stupeat?

140 2788 317 2857 Romanus
345 2787 531 2881 imperator
552 2787 747 2859 incarcere
768 2785 903 2878 persico
929 2805 1074 2876 prorsus
1099 2784 1227 2856 misera

144 2908 313 2978 servitute
332 2907 523 2978 consenuit.
543 2907 622 2999 lpsa
638 2906 724 2977 urbs
744 2907 851 2976 Roma
868 2915 949 2975 ante
965 2904 1130 2975 Collinam
1149 2926 1230 2997 por-

145 3039 214 3099 tam
236 3028 397 3100 infestum
422 3050 501 3102 cum
522 3028 679 3101 exercitu
701 3028 789 3101 vidit
808 3025 1048 3111 Hannibalem,
1082 3026 1232 3121 idipsum

145 3149 180 3219 in
201 3148 367 3221 maiorum
388 3149 679 3244 comparationem
701 3152 812 3222 latura
838 3146 1052 3234 modestius,
1079 3158 1117 3219 ut
1141 3168 1223 3240 quae

144 3295 164 3345 a
184 3271 305 3344 Gothis
326 3273 446 3345 multis
467 3281 547 3365 post
567 3272 706 3344 saeculis
727 3270 908 3365 capienda,
930 3279 967 3341 et
986 3270 1054 3341 iam
1075 3291 1096 3341 a
1119 3270 1227 3340 Seno·

143 3396 248 3468 nibus
280 3407 381 3489 capta
412 3406 515 3469 esset.
551 3395 685 3481 Quibus
718 3394 890 3488 exemplis
926 3391 1089 3465 omnibus
1122 3415 1229 3463 unum

145 3540 228 3611 ago:
249 3518 284 3589 in
305 3519 361 3589 his
382 3518 488 3591 rebus
511 3519 716 3591 mortalibus
737 3517 822 3588 nihil
845 3537 927 3589 esse
951 3523 1020 3587 tam
1042 3515 1228 3600 miserum,

144 3639 363 3733 quodetiam
385 3639 427 3712 iis
448 3641 507 3735 qui
529 3641 717 3715 felicissimi
738 3641 901 3714 dicuntur
920 3663 989 3713 non
1010 3640 1122 3736 possit
1140 3637 1230 3709 acci-

147 3759 242 3832 dere.
262 3760 350 3843 Quae
366 3784 444 3834 cum
459 3765 511 3845 ita
531 3766 614 3848 sint,
635 3764 689 3835 vir
704 3763 845 3859 optime,
867 3763 953 3859 quid
975 3762 1149 3854 agendum
1171 3758 1232 3831 tihi

147 3885 193 3954 sit
210 3883 329 3970 videS,
348 3885 497 3979 ideoque
515 3907 757 3982 supervacuus
773 3887 918 3959 forsitan
936 3885 998 3957 sed
1017 3883 1135 3956 fidelis
1151 3904 1233 3954 con-

147 4011 259 4079 sultor
279 4007 444 4090 advenio,
468 4006 598 4099 tibique
620 4011 752 4081 suadeo
777 4009 872 4102 quod
898 4004 1124 4098 persuasisse
1148 4002 1231 4074 mihi

147 4129 215 4201 iam
238 4131 353 4202 velim.
375 4131 443 4201 Fac
463 4129 557 4222 quod
573 4128 672 4200 nitidi
689 4129 829 4221 quidam
851 4127 1009 4198 homines
1027 4128 1148 4210 solent,
1169 4146 1233 4196 neo

147 4252 306 4325 homines
321 4261 468 4333 tantum,
489 4251 552 4322 sed
570 4249 716 4323 candida
733 4249 896 4344 quaedam
915 4248 1074 4321 animalia
1092 4246 1231 4320 sordes-

148 4397 217 4467 que
240 4376 406 4458 timentia,
428 4391 508 4466 quae
529 4371 588 4444 ubi
609 4371 806 4445 cavernulis
831 4393 977 4465 egressa
1003 4374 1077 4444 loca
1102 4373 1231 4442 circum

147 4520 248 4570 ooeno
268 4496 380 4570 obsita
400 4494 660 4588 conspexerint,
686 4494 809 4587 pedem
846 4496 1039 4578 retrahunt,
1072 4504 1107 4564 et
1139 4492 1229 4560 intra
