2738 5062
192 588 252 651 360
535 602 576 649 nu
596 601 698 651 nunus
718 600 940 653 rturnrnnmus

191 755 259 828 que
275 734 483 805 Ambrosius
498 754 597 805 meus
610 733 681 819 luit,
694 736 877 829 erexitque
893 745 930 806 et
948 733 1101 809 firmavit
1116 740 1285 814 animum

190 879 259 928 non
292 857 404 948 magis
429 858 584 927 oratione
618 878 723 949 quam
750 857 843 939 vita;
871 866 1037 929 caeterum
1072 860 1187 931 serior
1212 864 1284 935 suit

190 978 363 1051 adventus
384 978 468 1073 ipse,
491 1000 597 1070 quam
615 980 750 1049 vellem.
773 976 983 1050 Habuissem
1004 979 1106 1073 spatii
1126 984 1211 1073 plus
1231 984 1281 1057 ad

189 1100 339 1170 fructum
359 1097 634 1169 conversationis
655 1096 834 1187 angelica,
862 1118 971 1189 aqua
991 1120 1095 1170 nemo
1117 1124 1277 1194 unquam

189 1220 254 1290 nisi
277 1238 357 1288 sese
378 1217 499 1287 melior
519 1219 631 1288 iactus
651 1216 835 1301 abscessit,
857 1240 926 1309 qua
947 1239 1004 1288 me
1025 1241 1166 1313 quoque
1185 1221 1276 1295 dnm

189 1350 344 1433 poteram
365 1359 434 1409 non
450 1338 610 1432 cupidius
630 1360 732 1411 usum
750 1339 859 1434 pudet
875 1361 916 1410 ae
932 1340 1088 1433 poenitet.
1106 1342 1177 1414 Sed
1195 1346 1275 1415 lon-

189 1457 296 1548 gioris
322 1459 406 1529 vitae
430 1480 511 1553 spes
536 1460 673 1541 ielellit;
699 1482 767 1531 non
796 1461 939 1552 respexi
962 1462 1009 1532 ad
1033 1471 1173 1534 aetatem
1199 1465 1272 1537 iam

192 1578 293 1650 valde
309 1580 489 1666 declinem,
510 1581 571 1652 sed
593 1581 639 1652 ad
657 1579 879 1651 sobrietatem
901 1602 1089 1675 moresque
1105 1583 1269 1670 bominis,

188 1711 223 1773 et
242 1724 368 1795 purum
389 1723 430 1773 ac
447 1701 594 1774 solidum
617 1702 712 1773 senis
733 1723 881 1795 corpus3
903 1700 1095 1795 acciditque
1112 1705 1198 1776 mihi
1222 1706 1270 1779 de

187 1824 244 1895 illo
263 1824 358 1915 quod
379 1825 496 1895 multis
513 1827 653 1916 fereque
669 1823 831 1895 omnibus
851 1824 997 1906 accidit;
1018 1824 1189 1918 quidquid
1205 1826 1269 1898 de-

186 1948 290 2018 lectat
311 1946 376 2017 sibi
402 1949 604 2038 longaevum
630 1946 811 2041 spondent.
834 1944 935 2026 Quod
956 1946 1031 2037 ipse
1051 1947 1154 2039 quasi
1175 1968 1267 2039 prae-

187 2067 317 2156 sagiret
336 2088 392 2135 me
410 2067 522 2137 itineri
543 2068 735 2139 accinctum
756 2077 804 2150 et,
826 2065 920 2160 quod
941 2065 1082 2138 minime
1109 2069 1266 2161 suspica-

184 2186 256 2267 bar,
272 2184 460 2257 verendam
478 2187 571 2257 illam
589 2189 678 2259 sacri
695 2188 765 2259 oris
782 2186 933 2281 effigiem
947 2188 982 2258 in
1001 2189 1102 2260 terris
1115 2190 1264 2283 amplius

186 2330 254 2380 non
274 2308 443 2390 visurum,
465 2310 603 2401 quantis
623 2309 822 2402 quibusque
842 2310 995 2381 consiliis
1017 2311 1195 2383 retrabere
1214 2311 1266 2382 ni-

185 2450 247 2500 sus
262 2428 314 2512 sit,
330 2436 478 2499 moestus
495 2428 598 2500 modo
620 2451 755 2500 mecum
774 2437 902 2522 repeto.
921 2431 987 2501 Pro
1003 2430 1133 2522 quibus
1153 2432 1265 2504 omni-

184 2552 252 2623 bus
270 2549 356 2644 quid
377 2550 442 2622 sibi
464 2550 653 2622 retribuam
675 2572 742 2621 non
764 2550 890 2635 babeo,
912 2551 979 2622 nisi
1005 2552 1209 2624 memoriam
1229 2564 1265 2625 el

183 2696 335 2746 amorem
352 2684 386 2744 et
406 2671 581 2757 fiduciam,
600 2694 670 2764 qua
691 2671 787 2743 illum
808 2683 846 2743 ut
866 2695 929 2767 pro
951 2694 1007 2744 me
1027 2684 1104 2745 oret
1123 2695 1261 2766 precor,

182 2798 345 2888 quoniam
379 2818 441 2889 pro
476 2797 696 2868 sanctissimo
730 2795 805 2866 vi'ro
837 2806 1050 2890 peccatorem
1085 2795 1262 2869 hominem

181 2940 282 2991 orare
298 2939 368 2991 non
388 2920 491 2991 modo
509 2941 767 3012 supervacuum
786 2919 848 2991 sed
871 2919 1091 2990 temerarium
1102 2917 1261 2992 ’videtum
1301 2930 1307 2939 '

181 3039 227 3109 At
252 3061 307 3111 me
336 3041 495 3133 privatus
520 3042 619 3113 dolor
644 3062 744 3111 meus
773 3040 941 3134 propositi
964 3039 1108 3111 oblitum
1134 3061 1262 3112 cuma

180 3163 318 3257 publico
336 3163 456 3234 dolore
474 3160 679 3233 distraxerit
698 3162 743 3233 ad
769 3183 848 3245 voS,
868 3162 903 3231 in
924 3161 1062 3232 Christo
1088 3161 1260 3233 carissimi

179 3285 305 3355 iratres
330 3285 412 3366 mei,
435 3283 550 3354 redeo.
576 3282 667 3368 Quid
687 3304 773 3353 vero
799 3304 890 3353 nunc
914 3282 1051 3354 dicam?
1077 3270 1196 3355 nescio
1215 3281 1261 3355 ab

180 3404 272 3473 illius
297 3402 364 3473 viri
389 3405 718 3476 commemoratione
743 3402 946 3485 discedere;
979 3426 1049 3496 quo
1077 3404 1189 3496 magis
1214 3402 1260 3475 de

181 3524 237 3593 illo
264 3522 378 3613 cogito
403 3525 516 3615 magis
542 3525 662 3608 ardeo,
694 3547 763 3617 quo
789 3525 866 3615 plus
893 3526 1014 3617 loquor
1038 3527 1138 3618 plura
1164 3524 1259 3617 loqui

180 3646 289 3737 cupio,
310 3666 380 3736 quo
400 3644 537 3735 longius
554 3666 597 3716 eo
617 3646 806 3737 longiorem
823 3645 917 3718 sandi
938 3645 1119 3718 materiam
1140 3645 1257 3730 video,

180 3774 215 3836 et
239 3766 355 3837 minus
381 3766 512 3838 exitum
539 3766 700 3848 invenio,
731 3765 794 3837 sed
825 3767 970 3861 epistola
1000 3766 1102 3839 finem
1135 3767 1259 3860 poscit.

179 3887 254 3958 Non
274 3887 387 3962 audeo
404 3889 544 3983 quidem
565 3887 703 3972 hortari,
726 3886 793 3960 imo
815 3911 900 3962 vero
916 3910 982 3961 nec
1002 3890 1259 3982 permitterent

180 4007 257 4079 talis
277 4009 342 4081 viri
363 4012 496 4084 exitum
517 4011 670 4106 ploretis,
698 4033 741 4083 ne
762 4012 860 4083 iuxta
888 4014 1093 4085 sententiam
1121 4012 1259 4084 Cicero-

179 4128 233 4201 nis
258 4128 399 4205 invidiae
420 4136 654 4229 potiusquam
676 4133 836 4206 amicitiae
859 4134 1017 4206 videatur
1041 4135 1258 4229 complorare

178 4250 323 4323 felicem.
356 4254 441 4337 Quis
466 4257 559 4326 enim
586 4256 651 4328 nisi
687 4255 829 4328 invidus
863 4257 1010 4327 amicum
1046 4258 1174 4347 lugeat,
1211 4256 1257 4327 de

177 4394 279 4445 carne
300 4372 343 4445 ad
362 4374 528 4464 spiritum,
547 4376 591 4447 dc
613 4378 714 4449 terris
733 4378 778 4450 ad
795 4379 930 4460 coelum,
949 4377 994 4449 de
1013 4375 1191 4449 laboribus
1209 4377 1256 4449 ad
