2738 5062
182 663 241 725 ιιι
443 654 447 663 ’
513 673 554 724 ns
576 675 676 725 nanus
697 675 918 727 rssruunmus

182 835 274 883 nunc
306 812 406 883 hoste
439 811 573 881 notorio
608 811 719 882 taliter
750 811 909 882 inimicus
936 811 1067 903 vulgus
1093 813 1168 883 iure
1194 834 1264 887 sao

181 932 303 1014 utitur;
326 931 442 1022 magni
463 942 580 1001 autem
601 940 637 1002 et
657 931 747 1002 bene
767 933 946 1024 compositi
968 933 1111 1004 viatoris
1132 943 1187 1004 est
1211 935 1264 1004 la-

182 1054 329 1124 tratibus
361 1074 428 1122 non
464 1051 606 1122 moveri.
640 1053 717 1143 Ego
754 1056 905 1145 profecto
935 1076 1003 1125 non
1042 1075 1198 1139 moveor,
1226 1064 1264 1127 et

182 1197 275 1270 saepe
309 1177 392 1247 illud
424 1175 598 1245 Ciceronis
620 1173 654 1243 in
674 1173 828 1245 animum
851 1174 959 1246 redit:
990 1174 1068 1264 quil
1093 1174 1133 1245 cle
1157 1187 1187 1245 te
1213 1176 1263 1246 lo-

180 1309 325 1389 quuntur
360 1297 508 1366 homines
545 1298 610 1387 ipsi
644 1294 798 1366 uiderint.
836 1297 881 1367 ut
916 1307 996 1388 post
1027 1320 1158 1390 pauca:
1191 1301 1263 1369 olto

179 1430 325 1511 spectare
344 1421 375 1488 si
392 1420 494 1499 voles,
516 1438 621 1508 aeque
645 1419 738 1509 culpi
755 1418 958 1488 sermonibus
979 1429 1009 1486 te
1029 1417 1170 1500 dederis,
1200 1441 1262 1490 nec

180 1541 216 1609 ia
233 1543 381 1633 premiis
401 1540 555 1608 hainonis
574 1560 663 1630 spem
679 1542 830 1631 posueris
849 1563 961 1610 reram
982 1552 1134 1611 tuarum:
1159 1551 1196 1614 et
1221 1543 1261 1612 il-

180 1663 240 1735 lud
260 1663 417 1734 Senecae:
438 1662 523 1729 mole
543 1657 582 1728 cle
602 1681 653 1728 me
675 1661 851 1750 loquantur
867 1662 1027 1746 homiues,
1045 1662 1174 1752 fuciunt
1192 1687 1261 1734 uon

178 1783 264 1879 quod
282 1805 424 1867 mercor,
445 1780 501 1851 sed
520 1779 605 1872 quod
630 1782 735 1852 solent
757 1784 849 1875 piqri
871 1804 968 1853 canes
1001 1795 1032 1852 ct
1064 1786 1198 1855 irrutiles
1230 1799 1261 1857 ct

179 1906 291 1977 inedia
316 1907 466 1988 scabiosi,
493 1903 624 1994 quondo
649 1902 692 1974 od
717 1907 833 1974 lunum
853 1907 986 1976 latrant.
1022 1905 1112 1989 Quid
1145 1928 1184 1978 se
1215 1906 1260 1980 de

159 2029 284 2101 rebus
305 2050 345 2100 ac
366 2028 410 2100 de
430 2026 607 2120 proposito
627 2027 704 2111 eius
726 2035 888 2119 torquent
914 2029 974 2120 qui
1000 2050 1177 2120 nunquam
1205 2031 1260 2100 vel

179 2151 287 2223 semel
308 2149 353 2220 de
373 2170 495 2218 eorum
518 2149 589 2218 vita
607 2149 662 2219 vel
681 2158 805 2232 morte,
824 2158 885 2219 aut
901 2152 1041 2221 omnino
1058 2149 1103 2220 de
1119 2151 1171 2223 eis
1192 2150 1260 2222 nisi

180 2281 218 2340 ut
236 2269 281 2340 de
304 2268 462 2350 totidem,
485 2289 529 2338 ne
550 2268 661 2340 dicam
687 2266 827 2352 belluis,
856 2270 920 2342 sed
945 2270 1176 2344 cadaveribus
1201 2293 1262 2344 oo-

179 2388 323 2482 gitavit‘?
343 2386 389 2457 Αι
412 2390 513 2461 dulce
537 2397 591 2459 est
617 2387 734 2459 multis
756 2388 923 2473 insanire,
958 2399 993 2461 et
1025 2391 1173 2486 propriis
1200 2413 1262 2463 ne-

179 2511 310 2604 glectis
325 2509 427 2581 aliani
442 2509 592 2604 pectoris
615 2519 749 2580 secreta
770 2510 986 2604 perquirere,
1008 2513 1261 2606 profundeque

179 2635 305 2707 mentis
327 2633 476 2706 latebras
499 2631 657 2705 scrutari.
684 2633 772 2717 Quae
795 2635 950 2707 omnium
970 2634 1181 2728 perdifficilis
1206 2634 1261 2703 in-

178 2755 271 2848 dago
283 2765 345 2840 est,
362 2755 520 2828 divinant
532 2755 619 2825 sorte
630 2754 723 2848 quod
738 2754 891 2826 humano
905 2753 1020 2827 studio
1034 2752 1113 2824 sciri
1127 2753 1258 2846 nequit.

177 2879 359 2964 Quisnam,
395 2899 470 2961 oro,
496 2876 639 2969 Delphis
664 2878 833 2969 prologus
860 2875 983 2969 Apollo
1008 2876 1153 2946 istorum
1180 2897 1261 2947 sese

177 3000 375 3095 pectoribus
397 2998 544 3070 infudit?
563 2999 729 3070 Prorsum
754 2999 841 3069 mira
869 3019 945 3069 res:
972 3019 1090 3069 rerum
1116 3018 1259 3068 suarum

177 3123 284 3194 nescii
305 3143 401 3194 meas
422 3128 561 3203 norunt,
581 3141 669 3213 quas
687 3141 753 3210 ego
773 3141 879 3211 qoam
898 3118 1101 3209 longissime
1122 3116 1167 3190 ab
1187 3119 1261 3189 illo-

178 3268 255 3316 rum
288 3244 410 3324 oculis
437 3251 486 3325 et,
521 3250 560 3311 ut
586 3240 714 3311 AEneas
740 3241 884 3334 pignora
913 3251 1129 3337 penatesque
1158 3260 1255 3323 suos,

177 3386 286 3434 curva
310 3362 344 3432 in
373 3364 463 3433 valle
497 3361 685 3434 recondidi.
719 3363 811 3447 Quid
843 3371 960 3432 autem
993 3363 1111 3435 dicant
1141 3381 1258 3454 operas

177 3483 324 3577 pretinm
346 3492 402 3553 est
421 3493 597 3553 excutere.
621 3485 689 3555 lam
712 3484 802 3553 enim
825 3483 1034 3577 pedetentim
1053 3486 1098 3556 ad
1115 3506 1257 3556 causam

177 3602 339 3697 loquendi
361 3604 594 3696 pervenimus.
618 3606 655 3675 in
675 3604 797 3700 primis
817 3604 957 3697 quidem
978 3606 1079 3677 cuius
1100 3604 1258 3678 abitalia

177 3725 374 3799 discessum
400 3726 497 3795 velut
522 3726 659 3797 fatalem
695 3727 761 3798 sibi
793 3748 834 3797 ac
861 3727 963 3799 valde
988 3728 1191 3820 pestiferum
1217 3727 1259 3798 ti-

178 3857 353 3930 muerunt,
372 3846 449 3917 eius
470 3869 561 3916 nunc
582 3847 731 3918 reditum
751 3849 854 3933 fama,
871 3859 909 3919 ut
925 3848 990 3933 ais,
1005 3850 1256 3943 praecognitum

176 3968 415 4053 criminantur,
438 3971 495 4039 vol
517 3969 721 4054 insolentes¹
746 3970 775 4041 si
795 3991 969 4063 nusquam
995 3991 1077 4040 esse
1103 3971 1213 4042 velint
1236 3992 1256 4041 a

175 4110 246 4182 quo
265 4113 437 4183 nusquam
458 4113 538 4163 esse
559 4090 797 4186 prohibentur,
818 4093 873 4163 vei
895 4091 1019 4175 insani,
1041 4091 1069 4163 si
1091 4092 1254 4164 cumdem

176 4211 333 4281 simulet
356 4212 537 4284 discedere
561 4213 701 4285 doleant
725 4224 760 4284 et
786 4214 924 4285 reverti.
960 4214 1036 4305 Ego
1061 4233 1147 4284 vero
1172 4211 1256 4305 quid

174 4332 312 4404 dicam?
331 4334 472 4425 quando
491 4335 593 4404 etiam
616 4359 706 4407 nunc
726 4347 864 4408 actuum
883 4334 970 4406 ratio
988 4334 1166 4407 reddenda
1183 4342 1253 4417 est,

177 4454 344 4549 (estenim
359 4454 459 4527 officii
481 4458 656 4549 proprium
679 4459 763 4531 nihil
783 4480 904 4550 agere,
927 4456 1027 4529 cuius
1048 4478 1116 4527 non
1138 4455 1254 4552 possis
