2738 5062
147 634 185 694 l8
480 647 521 694 nr
542 647 643 697 annus
665 649 884 698 raurnrnnrnus

147 791 223 861 sine
242 790 310 859 ulla
328 807 473 882 prorsus
495 788 713 861 haesitatione
733 788 997 875 committerem,
1013 791 1107 861 haud
1120 792 1219 882 igno·

147 932 227 982 rans
247 908 342 1002 quod
361 910 421 1003 qui
442 933 498 981 me
519 922 638 1006 aperto
658 910 837 983 mendacio
857 912 1008 983 lacerare
1038 935 1105 984 non
1126 914 1219 985 desi-

145 1043 243 1119 nunt,
265 1033 295 1104 si
320 1057 422 1129 qoam
451 1056 535 1106 vero
560 1038 718 1127 ansulam
742 1034 948 1119 invenerint,
969 1058 1038 1127 qua
1057 1037 1091 1106 in
1108 1037 1218 1110 verbo

145 1157 221 1252 oapi
241 1159 383 1252 possim,
402 1157 573 1229 ambabus
586 1157 678 1227 illam
696 1156 855 1229 manibus
869 1157 1030 1230 ardenter
1042 1161 1216 1253 arripient.

145 1280 285 1373 Facient
305 1281 340 1354 id
361 1304 454 1366 sane,
476 1305 532 1353 me
548 1282 701 1353 favente:
728 1278 900 1373 siquidem
919 1303 995 1373 ego,
1016 1305 1095 1354 cum
1123 1304 1217 1376 saepe

144 1403 327 1496 potuerim,
358 1405 402 1477 de
424 1416 490 1476 tam
508 1391 635 1476 'multis
668 1402 801 1474 iniuriis
832 1407 1036 1477 aemulorum
1072 1406 1217 1497 gravius

108 1615 111 1618 ⁴
144 1527 239 1599 ultus
258 1552 326 1601 non
349 1550 426 1599 sum
447 1528 581 1614 vivens
609 1547 712 1620 quam
739 1526 860 1618 patriae
878 1528 1036 1602 iniuriam
1063 1531 1217 1601 moriens

144 1648 337 1723 Africanus.
358 1651 490 1744 Nempe
506 1649 601 1744 quod
620 1671 641 1720 a
660 1649 777 1721 multis
803 1651 988 1743 appetitur,
1025 1654 1109 1724 nihil
1135 1677 1218 1745 pen-

142 1771 226 1844 dere
246 1771 375 1857 studui,
395 1773 510 1865 utqui
531 1796 551 1844 a
573 1772 727 1867 Satyrico
747 1771 948 1845 didicissem
972 1777 1066 1868 quod
1093 1786 1128 1847 et
1152 1777 1218 1846 mi-

143 1895 217 1967 nuti
236 1904 271 1967 et
290 1893 417 1966 inlirmi
437 1906 472 1967 et
491 1894 609 1986 exigui
627 1904 662 1964 et
680 1895 859 1968 muliebris
879 1896 983 1967 animi
1006 1920 1142 1993 semper
1163 1908 1218 1969 est

144 2020 237 2092 ultio.
257 2020 302 2090 Et
323 2021 353 2090 si
377 2020 515 2111 quando
535 2019 678 2090 forsitan
699 2019 842 2091 offensae
863 2020 961 2090 dolor
977 2020 1219 2091 descendisset

142 2142 257 2226 altius
278 2140 414 2212 solabar
434 2164 489 2212 me
510 2164 588 2213 cum
610 2141 667 2213 illa
687 2142 916 2237 promissione
936 2143 1121 2216 dominica:
1136 2143 1219 2214 miti

141 2261 321 2333 vindictam
341 2275 372 2333 et
392 2285 448 2354 eqo
468 2266 648 2334 retribuam
671 2274 707 2337 et
739 2288 994 2360 supervacuum
1023 2266 1218 2338 arbitrabar

141 2387 187 2460 ab
204 2386 343 2459 homine
360 2388 483 2460 tentari
502 2389 596 2480 quod
621 2392 789 2460 iacturum
820 2411 858 2460 se
888 2390 1019 2459 vindex
1044 2389 1218 2460 aethereus

143 2509 397 2607 spopondisset.
428 2510 528 2583 Anne
548 2511 654 2602 igitur
674 2533 773 2595 nunc,
797 2519 835 2581 ut
859 2509 952 2581 mitis
974 2510 1144 2594 hostibus
1168 2510 1218 2580 sic

141 2633 260 2706 amicis
280 2633 439 2720 infestus
457 2646 493 2706 et
512 2657 624 2726 agnus
645 2634 734 2705 inter
754 2635 868 2726 lupos,
883 2632 973 2702 inter
990 2653 1099 2723 agnos
1114 2635 1217 2725 lupus

141 2758 257 2830 dicor‘l
273 2757 365 2841 Quid
380 2781 467 2830 vero
484 2759 569 2829 mihi
586 2759 712 2852 proluit
730 2756 947 2849 negotiorum
960 2766 1066 2848 atque
1080 2754 1217 2827 urbium

141 2880 236 2974 iuga,
256 2881 339 2975 quid
365 2880 557 2953 solitudinis
584 2892 688 2975 atque
713 2879 772 2950 otii
806 2878 975 2963 studium,
1006 2878 1091 2971 quid
1120 2900 1216 2949 amor

142 3004 269 3096 quietis
289 3028 329 3077 ac
350 3004 484 3090 silentii,
501 3003 529 3076 si
544 3027 635 3076 nunc
656 3005 758 3075 etiam
773 3003 862 3074 inter
875 3002 1026 3073 artifices
1045 3004 1214 3072 scelerum

143 3128 353 3222 reputandus
376 3131 476 3199 sum‘l
502 3127 571 3198 beu
596 3148 700 3219 quam
726 3148 850 3196 verum
883 3125 1043 3219 experior
1076 3123 1215 3214 quoda

141 3249 352 3322 doctissimis
371 3248 458 3321 viris
476 3271 691 3341 acceperam,
714 3247 866 3319 omnium
888 3244 1120 3316 difficillimam
1133 3264 1215 3313 esse

141 3380 249 3442 artem
269 3370 424 3443 vivendi.
443 3372 499 3443 Sic
518 3382 574 3443 est
589 3370 720 3456 hercle,
740 3370 787 3439 nil
807 3379 862 3439 est
886 3366 1016 3438 verius.
1043 3364 1214 3450 Quidnam

140 3496 276 3587 agimus
289 3496 452 3567 mortales
466 3504 505 3566 ut
518 3497 703 3567 volumus?
717 3492 858 3585 ingenia
870 3499 988 3562 nostra
1005 3512 1118 3561 rerum
1133 3510 1215 3561 oon-

141 3619 324 3692 trariarum
344 3617 520 3691 vicinitate
541 3621 714 3690 lalluntur.
742 3617 780 3686 ln
812 3615 976 3687 damnum
1000 3634 1093 3706 saepe
1119 3612 1215 3684 labor

141 3744 297 3817 vertitur.
311 3744 402 3814 Raro
426 3744 542 3814 exitus
569 3742 854 3837 propositumque
877 3738 1096 3811 conveniunt.
1123 3739 1214 3809 Ecce

140 3889 206 3959 ego
225 3867 319 3939 unde
335 3888 460 3938 nomen
481 3865 687 3939 innocentiae
708 3863 892 3956 qnaesiisse
912 3861 1110 3947 debueram,
1129 3860 1214 3954 quid

141 3992 313 4084 quaesivi‘?
333 4014 457 4088 nempe
479 4012 648 4061 novarum
676 4013 792 4061 rerum
824 3985 1062 4081 maleficaeque
1085 3983 1216 4058 callidi-

142 4115 221 4186 tatis
241 4114 413 4189 adversus
434 4114 602 4210 optimum
622 4136 796 4207 quemque
815 4112 1058 4206 suspicionem,
1086 4118 1121 4179 et
1143 4108 1213 4177 lor-

143 4249 248 4323 tasse,
271 4240 364 4332 qnod
383 4238 501 4311 nescio
522 4238 668 4332 qualiter
688 4239 784 4308 venit
803 4237 849 4309 ad
866 4257 968 4308 aures
986 4255 1095 4316 meas,
1123 4229 1212 4299 inter

141 4381 287 4454 magnos
309 4383 404 4456 saepe
421 4362 598 4445 iactatum,
623 4362 686 4433 sed
706 4363 840 4433 lortuna
857 4378 1002 4451 magnos
1023 4377 1092 4449 non
1117 4353 1216 4443 inge-

141 4487 212 4572 nio,
234 4487 380 4557 sortasse
401 4485 540 4578 inquam
562 4487 679 4557 mullis
699 4485 766 4558 iam
785 4481 1061 4556 necromanticus
1082 4501 1122 4550 ae
1142 4497 1216 4547 ma-
