2738 5062
140 646 195 705 litt
263 684 268 691 .
474 656 515 702 nr
536 655 635 703 nunus
655 654 876 703 rsururuuruus

137 793 294 874 reddere,
322 811 400 861 cum
426 789 551 883 possis.
586 791 716 862 Verum
746 792 848 861 altius
877 790 1032 882 aspirare
1065 787 1205 862 suadeo.

140 915 274 998 Quibus
303 914 339 984 id
365 936 412 983 ex
444 915 512 983 alto
542 913 751 1005 permissum
785 923 852 996 est,
879 910 1001 983 videas
1026 934 1075 985 ex
1100 912 1207 984 libris.

138 1039 305 1109 lllaiorum
357 1036 493 1125 ingenia
526 1036 743 1128 Pieriamque
780 1035 824 1106 de
857 1036 990 1106 illorum
1024 1034 1209 1106 ardoribus

140 1160 312 1230 dammam
334 1159 487 1253 concipe3
509 1159 653 1229 ostende
674 1168 706 1230 te
727 1159 880 1231 vicissim
902 1158 1052 1252 posteris
1077 1169 1113 1229 el
1137 1160 1211 1230 illos

141 1284 310 1364 aecende;
333 1284 397 1353 boe
412 1282 547 1372 ingenio
566 1294 623 1353 tuo
636 1281 804 1363 debitum,
823 1282 888 1352 boc
905 1303 981 1373 age.
1000 1283 1136 1353 Pueros
1154 1282 1214 1354 do-

139 1418 239 1477 ceant
263 1405 321 1497 qui
347 1406 476 1475 maiora
502 1427 569 1474 non
596 1414 757 1495 possuut;
783 1403 910 1496 quibus
937 1403 1108 1475 sedulitas
1133 1424 1214 1499 ope-

139 1552 232 1611 rosa,
255 1550 353 1598 mens
377 1526 518 1609 tardior,
543 1526 648 1596 udum
670 1525 864 1607 cerebrum,
887 1525 1066 1617 ingenium
1092 1527 1217 1620 implu-

140 1675 209 1734 me,
234 1649 376 1742 sanguis
398 1650 548 1741 gelidus,
572 1671 698 1743 corpus
720 1648 877 1718 laborum
901 1648 1053 1740 patiens,
1076 1648 1216 1721 animus

140 1775 259 1867 gloriae
291 1782 516 1866 contemptor,
540 1772 651 1842 lucelli
684 1780 862 1864 appetens,
885 1771 1067 1861 negligens
1087 1770 1217 1842 fastidii

144 1897 267 1990 (cernis
295 1917 397 1988 quam
423 1896 539 1986 procul
572 1895 648 1964 baec
680 1917 700 1965 a
733 1893 887 1963 moribus
914 1892 984 1963 tuis
1010 1892 1155 1987 absint).
1175 1894 1216 1965 ui

141 2042 325 2110 puerorum
349 2041 471 2088 manus
490 2016 685 2098 instabiles,
704 2020 822 2091 oculos
839 2039 963 2108 vagos,
982 2027 1018 2086 et
1032 2018 1217 2089 contusum

142 2163 298 2209 murmur
319 2138 529 2222 observent,
551 2163 639 2231 quos
662 2140 759 2212 labor
779 2142 833 2210 ille
855 2141 1005 2211 delectat
1022 2148 1059 2211 et
1079 2140 1215 2235 pulvis,

46 2258 54 2279 ''
142 2270 178 2329 et
199 2260 377 2353 strepitus,
397 2273 431 2330 et
452 2260 517 2329 sub
537 2263 646 2331 ierula
667 2264 877 2352 gementium
904 2265 1034 2333 elamor
1054 2262 1218 2357 precibus

145 2383 274 2451 mixtus
305 2405 344 2453 ac
379 2384 542 2463 lacrimis,
579 2383 707 2474 quibus
740 2406 984 2475 repuerascere
1016 2385 1121 2457 dulce
1150 2396 1216 2469 est,

144 2528 232 2598 quos
254 2507 361 2598 pudet
380 2505 469 2576 inter
502 2505 597 2576 viros
629 2506 777 2589 versari,
811 2507 906 2600 piget
938 2506 1029 2576 inter
1062 2508 1218 2601 aequales

144 2629 279 2713 vivere,
303 2630 398 2700 iuvat
418 2651 573 2723 praeesse
590 2627 793 2711 minoribus,
818 2650 954 2720 semper
979 2628 1112 2700 babere
1131 2650 1219 2723 quos

144 2762 305 2834 terreant,
325 2775 413 2844 quos
430 2753 595 2835 crucient,
610 2774 698 2845 quos
711 2750 876 2840 affligant,
893 2750 1020 2843 quibus
1038 2751 1217 2846 imperent,

145 2876 203 2968 qui
224 2899 284 2946 eos
305 2875 440 2946 oderint
461 2876 544 2947 dum
566 2882 729 2946 metuant.
758 2873 947 2968 Tyranniea
968 2873 1036 2942 ista
1057 2875 1219 2968 voluptas

145 3007 211 3080 est,
233 3006 268 3066 et
285 3017 364 3088 quae
383 2997 530 3067 ferocem
551 2994 726 3089 Syracosii
745 2995 838 3064 senis
856 2993 1007 3062 animum
1027 2994 1218 3085 permulsit,

147 3129 186 3190 ut
223 3131 432 3202 memorant,
475 3119 654 3208 indignum
700 3115 896 3207 dignissimi
931 3116 1087 3186 solamen
1113 3115 1219 3187 exilii.

147 3244 197 3312 Tu
219 3251 345 3321 antem,
365 3240 420 3307 vir
438 3238 704 3321 modestissime,
727 3237 929 3309 melioribus
950 3238 1112 3311 incumbe
1133 3238 1222 3331 vigi-

146 3365 211 3432 liis.
234 3363 362 3443 Quales
383 3370 483 3430 erant
499 3361 558 3452 qui
580 3383 642 3431 nos
663 3362 771 3454 prima
790 3370 893 3431 aetate
911 3361 1112 3445 docuerunt,
1136 3365 1221 3434 tales

149 3485 217 3554 sint
237 3484 295 3575 qul
317 3484 465 3554 doceant
485 3483 714 3554 iuventutem:
732 3485 853 3576 quales
867 3485 1006 3552 luerunt
1023 3483 1057 3552 in
1079 3506 1145 3556 nos
1163 3484 1222 3577 qui

149 3605 281 3675 animos
304 3605 450 3698 primum
470 3614 607 3676 nostros
628 3607 798 3698 exemplis
819 3604 1072 3697 pulchrioribus
1098 3626 1223 3677 erexe-

149 3738 242 3809 runt,
267 3728 352 3796 tales
374 3727 484 3796 simus
507 3728 539 3796 in
560 3737 727 3820 posteros.
751 3726 850 3797 Anne
875 3749 954 3797 cum
975 3749 1139 3801 romanos
1158 3727 1224 3798 du-

149 3872 208 3920 ces
243 3848 441 3920 Ciceronem
475 3873 515 3921 ae
546 3850 727 3941 Virgilium
756 3851 853 3943 sequi
886 3851 1016 3942 possis,
1039 3852 1223 3943 plagosum

151 3976 249 4066 sequi
271 3975 369 4046 malis
390 3975 579 4045 Orbilium?
599 3975 697 4047 Adde
718 3978 810 4069 qnod
832 3998 896 4047 nee
916 3975 1143 4065 grammatica
1162 3996 1226 4045 nec

151 4106 283 4190 septem
304 4100 372 4168 ulla
394 4097 585 4168 liberalium
608 4099 731 4170 artium
753 4101 857 4192 digna
878 4110 941 4182 est,
965 4099 998 4167 in
1019 4119 1089 4191 qua
1110 4098 1226 4170 nobile

152 4231 307 4290 senescat
331 4221 517 4311 ingenium.
554 4224 733 4293 Transitus
760 4235 814 4294 est
841 4224 904 4307 ille,
940 4243 1008 4291 non
1042 4224 1225 4293 terminus.

152 4342 340 4433 Egregium
362 4343 527 4413 uiatorem
563 4368 624 4416 nec
658 4346 792 4415 riarum
826 4347 993 4438 asperitas
1027 4357 1132 4417 terret
1163 4366 1227 4416 nec

155 4466 277 4535 mulcet
301 4468 498 4547 amenitas,
517 4477 552 4538 et
573 4477 723 4538 montem
745 4468 917 4559 hispidum
933 4468 1064 4551 transit,
1079 4479 1115 4539 et
1128 4478 1227 4563 prata
