2738 5062
140 676 199 737 :tto
475 688 515 736 nn
539 688 638 736 liunus
660 688 883 738 rantursamcs

141 826 266 896 lectum
289 823 400 897 sentio
425 845 573 915 eamque
600 822 901 895 mansuetudinem
929 834 1022 895 tuam
1049 826 1162 911 novi,
1193 840 1234 901 nt

140 947 318 1041 colloquiis
340 945 419 1019 licet
446 945 626 1017 humilium
652 945 842 1018 amicornm
868 954 1072 1039 occupatam
1098 970 1231 1023 aurem

141 1091 209 1140 non
231 1068 420 1138 insolenter
440 1068 619 1151 adlribeaS,
646 1068 756 1139 fateor
780 1066 933 1138 iuvenile
958 1068 1116 1142 studium
1138 1072 1230 1145 mihi

141 1192 249 1262 luisse
270 1203 308 1261 ut
328 1191 493 1263 homerici
511 1191 674 1264 carminis
700 1192 903 1262 sententiam
932 1212 1084 1283 sequeus
1103 1216 1229 1267 mores

142 1312 319 1384 hominnm
342 1314 525 1384 multorum
549 1312 725 1405 urbesque
744 1312 994 1406 conspicerem,
1017 1334 1131 1387 novas
1153 1326 1228 1389 ter-

141 1457 211 1521 ras,
234 1435 422 1508 altissimos
445 1447 593 1519 montes,
616 1439 749 1508 famosa
774 1437 897 1520 maria,
921 1437 1081 1509 laudatos
1107 1437 1226 1525 lacus,

141 1557 277 1632 abditos
298 1560 423 1644 tontes,
446 1559 595 1650 insignia
615 1559 771 1644 flumina,
794 1559 981 1654 variosque
1002 1561 1160 1633 locorum
1178 1564 1229 1637 si-

142 1691 213 1764 tus,
235 1679 474 1753 curiosissime
490 1682 752 1773 contemplarer.
771 1682 822 1752 lta
839 1683 932 1754 enim
949 1683 1116 1776 expedite
1128 1706 1229 1759 com-

61 1858 64 1865 .
140 1801 376 1895 pendioseque
397 1824 437 1874 ac
454 1801 528 1873 sine
545 1800 697 1886 fastidio,
720 1803 825 1873 immo
842 1824 928 1876 vero
945 1825 1023 1876 cum
1043 1805 1226 1898 voluptate

142 1946 246 2018 posse
277 1924 497 1997 medactum
525 1922 599 1996 lieri
628 1923 741 2008 rebar,
768 1924 862 2017 qnod
887 1925 977 1996 inter
1001 1926 1113 2018 prima
1138 1928 1226 2001 mihi

143 2059 302 2119 votorum
341 2048 493 2119 onmium
533 2070 671 2143 semper
707 2047 786 2131 luit,
827 2047 1038 2140 videbarque
1070 2050 1225 2143 quodam

142 2168 244 2241 modo
264 2169 463 2259 agitatione,
500 2172 626 2240 mentis
659 2194 700 2242 ac
732 2170 888 2262 corporis
913 2170 1146 2261 ignorantiam
1170 2173 1226 2248 di·

142 2312 343 2364 scussurus,
364 2291 432 2362 Sed
457 2291 525 2361 iam
554 2291 640 2363 satis
666 2303 833 2377 arratum,
857 2294 943 2365 satis
963 2292 1133 2367 ambitum
1156 2306 1224 2369 est

142 2416 212 2486 lam
234 2413 320 2486 satis
340 2413 517 2487 desiderio
542 2435 674 2486 morem
700 2418 811 2508 gessi:
833 2429 971 2510 tempus
996 2428 1094 2489 esset
1118 2421 1225 2493 animi

143 2537 209 2607 mei
231 2536 433 2630 signiferum
456 2537 505 2609 sic
526 2538 665 2631 alloqui,
689 2550 726 2610 nt
747 2561 849 2611 snum
871 2562 1036 2613 mmanus
1060 2541 1119 2614 ille
1143 2566 1225 2617 cau-

142 2659 245 2730 turio:
266 2660 419 2756 signifer:
436 2670 542 2730 statua
562 2661 712 2749 signum:
729 2663 781 2732 tic
801 2665 920 2755 optime
940 2664 1158 2737 manebimus.
1181 2667 1226 2739 Et

142 2783 294 2876 proiecto
315 2783 371 2854 vel
391 2784 576 2856 multarum
600 2805 711 2878 usque
737 2785 781 2858 ad
808 2784 1003 2857 satietatem
1024 2788 1225 2881 peragratio

141 2909 375 3001 circuitusque
389 2916 567 2994 terrarum,
583 2911 638 2980 vel
652 2909 814 2981 iuvenilis
827 2907 931 2981 ardor
943 2906 1012 2979 iam
1025 2910 1225 2985 lentescens

141 3043 176 3105 et
196 3034 418 3126 tranquillum
439 3032 569 3104 sensim
591 3032 625 3103 in
647 3042 801 3125 teporem
822 3052 988 3123 vergens,
1015 3042 1124 3125 atque
1145 3033 1228 3107 inde

140 3154 257 3229 oriens
291 3154 418 3248 quietis
450 3153 622 3249 appetitus
655 3164 790 3225 naturae
824 3153 1099 3248 professionique
1134 3174 1225 3229 meae

140 3274 293 3359 debitus,
316 3275 468 3369 vagandi
487 3274 695 3368 errandique
716 3274 907 3347 discutiunt
928 3277 1130 3371 appetitum.
1153 3277 1225 3351 sed

142 3395 226 3488 quid
246 3399 372 3485 agam‘l
392 3395 518 3468 Credat
537 3394 698 3489 quisquis
723 3418 873 3490 unquam
893 3396 976 3467 mihi
994 3396 1127 3490 aliquid
1146 3418 1225 3471 cre·

142 3516 279 3588 diturus
301 3527 370 3586 est:
393 3516 423 3585 si
443 3539 546 3609 quem
564 3539 632 3610 ego
650 3518 717 3589 sub
732 3521 820 3591 coelo
837 3522 951 3592 locum
968 3518 1100 3592 bonum
1114 3520 1224 3592 immo

143 3661 211 3712 uon
243 3639 371 3709 malum
404 3659 449 3708 ne
481 3638 593 3710 dicam
630 3641 820 3733 pessimum
862 3643 1062 3736 reperirem,
1096 3642 1226 3737 cupide

143 3771 477 3857 perseveranterque
497 3761 742 3846 subsisterem
764 3787 855 3836 nunc
877 3768 972 3837 velut
996 3768 1032 3836 in
1057 3766 1225 3861 predum

144 3883 314 3956 recubans
335 3883 519 3976 grabatulo
540 3883 608 3956 huc
633 3884 713 3957 illuc
738 3906 875 3973 versor,
902 3909 967 3960 nec
994 3888 1086 3960 votis
1112 3885 1225 3960 omni·

142 4007 210 4080 bns
231 4009 415 4103 quaesitam
437 4007 592 4102 requiem
614 4008 763 4082 invenio.
782 4012 902 4102 ltaque
920 4009 1116 4083 lassitudini
1135 4026 1226 4081 mete

143 4130 224 4223 quia
243 4132 367 4204 cubilis
388 4132 562 4205 suavitate
580 4155 647 4205 nou
666 4155 819 4228 possum,
842 4133 1071 4206 alternatione
1091 4130 1225 4204 subre-

143 4252 210 4326 nio.
236 4253 354 4346 Vagor
377 4275 462 4344 ergo
487 4262 524 4323 et
549 4254 622 4326 sine
647 4253 716 4325 line
742 4255 949 4348 peregrinus
976 4254 1113 4327 videor:
1138 4251 1224 4325 dnm

141 4376 233 4449 enim
254 4375 317 4448 loci
339 4375 444 4447 huius
463 4375 589 4447 duritie
609 4378 725 4449 lessus
747 4398 840 4462 sum,
868 4377 914 4448 ad
939 4378 1086 4449 alterum
1113 4378 1222 4460 teror,

142 4500 209 4573 etsi
236 4496 342 4569 niliilo
375 4496 575 4575 molliorem,
605 4497 705 4569 cuius
736 4508 849 4567 tamen
878 4497 1013 4568 interim
1049 4496 1221 4579 novitate,
