2738 5062
138 583 198 644 ’1Πῦ
475 596 516 643 DE
537 592 638 642 aeuus
659 591 881 642 utumlsulsus

139 730 289 825 gloriosa
310 729 413 800 simul
433 739 469 799 et
488 725 637 799 iucunda
658 736 844 819 paupertas
869 735 933 798 est.
960 726 1055 799 Inter
1078 728 1236 829 diuitias

141 873 326 945 pauperem
348 849 463 920 animo
484 871 587 940 quem
606 848 690 918 mihi
708 848 887 940 reperies?
905 848 1072 942 Magnum
1088 862 1150 925 est
1166 876 1236 946 per

139 973 313 1046 obstantia
331 993 534 1066 erumpere:
562 970 748 1061 gloriosius
773 980 829 1041 est
852 983 1061 1066 praesentem
1081 974 1233 1047 hostem

141 1106 311 1174 sternere,
330 1114 434 1183 quam
457 1091 654 1162 venientem
672 1089 854 1162 declinare.
883 1091 1023 1162 lllaioris
1040 1093 1148 1164 animi
1171 1106 1234 1167 est

140 1218 353 1308 voluptatem
384 1224 616 1296 contemnere,
644 1234 748 1304 quam
775 1212 1232 1309 vitare,‘conspectumque

140 1359 263 1409 aurum
291 1357 471 1428 spernere,
495 1356 599 1427 quam
626 1354 825 1426 praecavere
845 1356 889 1405 ne
909 1332 1042 1406 videos.
1067 1335 1108 1405 ln
1135 1358 1231 1428 qua-

140 1481 290 1551 cumque
310 1460 445 1529 fortuna
467 1457 546 1527 licet
567 1476 685 1526 amare
707 1455 885 1539 virtutem,
919 1455 955 1524 in
980 1477 1050 1548 qua
1074 1458 1228 1533 colenda

140 1602 210 1673 quo
231 1583 307 1674 plus
329 1579 471 1663 laboris,
493 1599 535 1649 eo
560 1578 639 1670 plus
664 1576 778 1647 laudis
803 1598 844 1647 ae
868 1575 1001 1668 praemii
1026 1585 1094 1648 est.
1119 1578 1229 1650 Inve-

139 1703 214 1774 nies
236 1702 295 1795 qui
317 1714 349 1773 tc
370 1700 544 1772 blanditiis
565 1707 724 1781 onerent,
747 1707 875 1768 statum
897 1707 995 1769 tuum
1012 1699 1101 1770 coelo
1118 1710 1227 1775 tenus

139 1826 308 1908 attollant,
332 1827 554 1915 vulgatorum
580 1822 781 1912 dogmatum
807 1830 967 1892 auctores
993 1818 1136 1893 iubeant
1159 1822 1228 1893 mi-

140 1949 207 2017 rari
243 1959 275 2018 te
309 1948 423 2039 ipsum
450 1959 485 2016 et
512 1967 567 2016 res
594 1955 688 2027 tuaS,
714 1941 916 2034 dignitatem
942 1940 1088 2014 artificio
1116 1945 1224 2031 tueri,

140 2066 342 2137 meminisse
360 2068 554 2157 sanguinis,
570 2087 752 2137 numerare
769 2064 924 2150 divitias,
937 2065 1128 2158 potentiam
1139 2087 1227 2138 con-

139 2186 310 2280 templari,
330 2186 469 2257 demum
492 2187 720 2257 immortalem
745 2209 849 2281 prope
870 2198 902 2258 te
923 2184 1042 2257 verbis
1062 2186 1224 2259 efficiant

140 2311 215 2399 Ego
249 2328 334 2377 vero
369 2305 451 2374 nihil
486 2307 609 2376 horum
640 2305 810 2393 oblivisci,
834 2329 965 2403 proque
990 2308 1032 2378 iis
1058 2308 1225 2381 omnibus
1260 2386 1263 2391 ,

140 2443 243 2521 atque
264 2428 340 2498 aliis
361 2428 477 2498 moltis
499 2429 571 2497 Deo
593 2427 723 2517 gratias
744 2450 863 2519 agere,
886 2430 1014 2522 quibus
1038 2454 1146 2502 unum
1167 2432 1224 2502 ille

142 2563 173 2622 te
192 2549 270 2621 lecit
285 2571 332 2619 ex
349 2549 488 2642 paucis;
504 2547 539 2618 in
556 2548 650 2617 nullo
664 2556 780 2618 tamen
796 2548 921 2621 borum
942 2551 1006 2624 sed
1023 2552 1058 2622 in
1075 2552 1225 2627 Domino

140 2671 294 2763 gloriari,
317 2672 352 2742 in
373 2673 430 2743 illo
451 2671 572 2753 fidere,
593 2670 627 2739 in
649 2669 744 2739 illum
768 2691 849 2763 spes
868 2680 945 2742 tuas
963 2692 1084 2744 omnes
1101 2694 1225 2745 curas-

140 2819 208 2888 que
229 2796 442 2888 permittere:
464 2792 599 2865 interim
618 2802 651 2864 te
669 2792 784 2887 ipsum
801 2803 836 2862 et
856 2794 1009 2888 peritura
1025 2794 1221 2890 despicere,

139 2930 174 2989 et
198 2918 293 3011 quod
318 2917 585 2989 saluberrimum
611 2914 728 3001 luerit,
761 2913 865 2986 finem
901 2938 1039 3011 semper
1067 2920 1224 3012 cogitare

140 3040 289 3112 suadeo:
310 3040 376 3111 huc
392 3041 483 3110 enim
503 3061 572 3110 uno
593 3036 637 3108 ad
658 3038 768 3130 ipsius
786 3039 869 3109 vitae
885 3040 1014 3132 pariter
1030 3042 1224 3137 mortisque

139 3170 373 3253 contemptum
406 3159 490 3229 nillil
523 3157 709 3229 efficacius.
744 3159 826 3229 Sive
860 3171 975 3231 autem
1001 3162 1086 3234 vitae
1116 3163 1221 3237 huius

140 3283 299 3353 miserias
320 3281 503 3372 diligenter
523 3278 727 3364 attenderis³
748 3302 824 3364 nec,
845 3290 883 3352 nt
899 3282 1059 3366 arbitror,
1074 3288 1221 3357 multum

139 3401 260 3472 vivere
280 3402 414 3494 cupies¹
438 3423 502 3471 nec
523 3400 661 3473 timebis
681 3403 785 3484 mori;
811 3400 888 3472 sive
913 3400 1119 3477 brevitatem
1144 3406 1221 3479 eius

140 3519 363 3614 adspexeriS,
385 3528 422 3590 et
446 3520 491 3591 de
523 3522 768 3614 asperitatibus
802 3533 907 3615 atque
939 3523 1116 3598 blanditiis
1150 3537 1219 3598 tam

140 3640 265 3713 modici
285 3639 450 3732 temporis
471 3661 540 3711 non
561 3642 716 3727 curabis,
739 3651 808 3713 tarn
830 3666 959 3738 magno
983 3648 1099 3720 animo
1123 3670 1221 3742 sper-

138 3786 227 3837 nens
260 3784 378 3835 amara
410 3786 515 3857 qnam
549 3762 671 3835 dulcia.
707 3765 859 3838 Exilium
890 3768 956 3841 hoc
981 3771 1071 3842 scies
1112 3770 1221 3843 breve

139 3886 281 3979 quidem
320 3886 381 3958 sed
414 3886 569 3968 dillieile,
608 3885 666 3957 ubi
698 3910 864 3983 prospera
900 3893 1035 3977 fallunt,
1069 3893 1220 3966 adversa

139 4004 320 4090 deiicient3
342 4007 561 4080 difficultates
581 4021 724 4081 cunctas
745 4010 842 4082 tacite
864 4013 1046 4106 superabis
1071 4015 1102 4086 si
1126 4016 1220 4087 exilii

140 4126 334 4198 molestiam
351 4128 524 4200 brevitate
542 4131 751 4216 consolatus,
772 4138 909 4225 semper
926 4134 1085 4227 suspires
1099 4136 1145 4209 ad
1162 4158 1223 4232 pa-

141 4247 256 4331 triam,
271 4250 340 4332 cni,
360 4251 389 4320 si
410 4250 482 4320 Diis
504 4254 629 4346 placet,
648 4254 845 4349 adscriptus
862 4277 902 4327 es
920 4256 1023 4339 civis;
1042 4256 1112 4343 ubi,
1133 4261 1223 4332 sicut

40 4360 43 4365 ’
140 4371 282 4463 optima,
299 4371 348 4442 sic
365 4382 493 4443 aelerna
509 4386 590 4445 sunt
607 4377 731 4448 omnia.
747 4378 875 4462 Habes,
892 4378 938 4450 mi
952 4380 1110 4463 Domine,
1126 4381 1221 4473 quod
