2738 5062
225 633 285 696 uel
398 630 409 645 '
568 643 609 690 us
631 642 731 690 nauus
752 639 974 689 rauuiauiuus

227 782 313 854 stris
343 777 527 870 triumphis
561 797 602 846 ac
634 774 787 846 victoriis
816 773 1030 845 illustrastis:
1063 772 1313 868 Tyrrhenum,

227 901 452 983 Adriaticum,
475 897 666 980 Euxinum,
690 896 836 978 lonium,
859 893 1030 978 Africum,
1049 895 1215 985 AEgeum;
1234 896 1316 990 ipse

229 1035 346 1097 vestra
380 1022 480 1111 sigua
512 1020 609 1090 timet
641 1016 813 1102 Oceanus,
841 1017 1041 1109 gaudetque
1065 1016 1171 1089 Indus
1196 1019 1246 1093 ad
1271 1042 1315 1094 se

228 1144 370 1234 navigio
390 1163 459 1212 uon
479 1161 584 1235 posse
607 1141 757 1214 transiri.
780 1141 851 1212 Hoc
872 1150 1053 1232 supererat
1079 1150 1118 1210 ut
1142 1160 1315 1234 spuman-

230 1281 298 1339 tem
320 1266 471 1337 hostium
492 1274 692 1336 vestrorum
718 1262 902 1334 cruoribus
926 1262 1146 1358 Bosphorum
1172 1265 1314 1340 videre-

230 1411 324 1473 mus;
344 1400 381 1459 et
400 1385 562 1458 vidimus.
585 1385 677 1470 Quid
697 1386 788 1458 enim
816 1385 906 1455 iuter
932 1405 996 1456 uos
1016 1386 1077 1477 qui
1098 1386 1251 1477 legimns
1276 1401 1314 1460 et

229 1513 326 1604 ipsos
346 1510 501 1580 interfuit
520 1509 719 1593 bellatores
741 1507 810 1578 uisi
829 1507 924 1600 quod
944 1506 1011 1578 illis
1038 1526 1110 1599 prae
1135 1510 1313 1600 magnitu-

228 1633 311 1705 dine
332 1633 526 1703 animorum
549 1631 625 1701 sine
646 1630 788 1701 horrore
808 1627 997 1721 periculum
1024 1629 1108 1700 dum
1134 1652 1313 1724 pugnara-

230 1766 297 1840 tur,
320 1753 421 1826 nobis
440 1753 525 1823 dum
547 1754 745 1842 legeremus
759 1751 882 1822 horror
898 1750 975 1822 siue
992 1752 1145 1845 periculo
1162 1752 1312 1827 circnm-

228 1879 329 1949 susus
350 1874 556 1947 asclepius
583 1873 675 1944 enim
699 1873 851 1944 animum
885 1894 954 1944 nou
984 1873 1111 1945 horror
1128 1876 1314 1951 invaderet

229 1999 413 2072 audientis
431 2007 492 2069 aut
520 1996 667 2089 legentis
693 1995 784 2067 illius
812 1995 984 2067 horrificae
1008 1997 1119 2068 noctis
1144 2010 1311 2073 eventum

229 2121 369 2213 quaudo
389 2123 436 2192 ad
456 2142 638 2213 vesperam
661 2119 913 2191 violentissimo
933 2119 1040 2190 ssante
1064 2119 1195 2194 Austro
1222 2122 1313 2196 inter

97 2301 100 2306 .
230 2242 535 2334 Costantinopolim
565 2253 600 2313 et
630 2242 858 2314 Caleedonem
885 2241 988 2311 trium
1016 2241 1311 2345 vplldissimarum

229 2364 441 2456 gentiumin
463 2386 527 2435 vos
549 2365 661 2435 lactus
682 2365 845 2435 incursus
865 2373 932 2447 est,
955 2364 1021 2435 illis
1042 2387 1062 2436 a
1083 2365 1230 2438 meridie
1251 2390 1312 2441 ve-

229 2485 404 2557 nientibus
427 2485 460 2578 (a
479 2484 635 2576 Gallipuli
660 2485 754 2555 enim
781 2487 971 2580 solverant)
998 2496 1034 2558 et
1054 2498 1159 2560 vento
1181 2490 1311 2563 adiutis

229 2619 332 2699 atque
349 2607 428 2679 ideo
444 2610 525 2677 vela
543 2606 763 2689 iacientibus,
780 2609 879 2680 vobis
897 2621 1016 2681 contra
1036 2609 1311 2714 hostes-contra

230 2739 512 2816 ventum,contra
522 2751 617 2800 mare
632 2730 877 2825 pugnantibus,
889 2743 1029 2824 tamque
1040 2744 1143 2806 atrox
1153 2737 1309 2830 praelium

229 2863 386 2927 coortum
399 2863 466 2937 est,
484 2863 521 2923 ut
535 2851 618 2924 illud
632 2873 745 2945 neque
763 2862 954 2946 tempestas
968 2854 1096 2937 valida,
1111 2876 1226 2948 neque
1241 2878 1309 2929 nox

229 2980 387 3049 insecuta
403 2975 604 3047 dirimeret?
629 2974 716 3057 Quis
743 2974 798 3046 ille
823 2986 1007 3048 ventorum
1028 2975 1194 3069 impetus,
1216 2978 1311 3071 quod

100 3121 103 3125 ’
232 3086 390 3173 murmur
403 3099 604 3182 rudentum,
618 3097 698 3190 quis
716 3099 772 3168 ille
790 3098 952 3170 tubarum
970 3102 1125 3191 claugor,
1144 3101 1226 3193 quis
1243 3105 1311 3174 cla·

231 3247 306 3296 mor
318 3245 359 3293 ao
373 3221 524 3312 gemitus
539 3220 708 3304 virorum,
727 3242 809 3312 quae
825 3220 967 3293 navium
980 3221 1121 3307 collisio,
1136 3224 1218 3316 quis
1230 3225 1310 3298 lerri

231 3339 462 3432 sonitus,quis
475 3339 598 3412 sibilus
611 3362 673 3435 per
684 3341 847 3414 tenebras
858 3342 1075 3414 volitantium
1087 3344 1311 3436 sagittarum?

230 3467 368 3535 Pernox
380 3463 472 3533 enim
488 3462 645 3555 praelium
660 3463 794 3548 luit,cui
810 3464 998 3556 peremnia
1011 3466 1310 3540 conveniretillud

179 3608 182 3613 ¹
230 3584 418 3680 poeticum:

410 3713 485 3785 Quis
501 3714 615 3778 cladem
633 3716 712 3778 illius
728 3714 840 3792 noctis,
857 3716 928 3796 quis
943 3718 1051 3782 lunera
1066 3719 1157 3783 laudo

411 3809 556 3890 Explicet,
567 3820 619 3875 aut
635 3814 731 3892 possit
747 3812 881 3880 lacrimis
897 3834 1020 3897 aequare
1032 3818 1175 3883 labores?

230 3959 409 4029 Postremo
429 3957 624 4050 proximam
643 3955 676 4025 iu
694 3960 803 4031 lucem
826 3982 942 4054 pugna
960 3961 1036 4032 siue
1054 3959 1309 4037 intermissione

232 4091 403 4170 protracta
422 4089 489 4164 est,
508 4088 544 4151 et
559 4103 630 4173 quo
647 4082 759 4174 magis
778 4084 963 4174 posteritas
979 4082 1126 4156 miretur
1143 4105 1216 4157 nox
1228 4085 1311 4157 bru·

230 4202 329 4271 malis
350 4205 423 4273 luit.
445 4206 603 4296 Sequens
625 4226 754 4299 puguae
774 4206 851 4278 dies
872 4208 1024 4280 additus.
1045 4208 1132 4291 Quis
1154 4229 1308 4303 unquam

230 4320 341 4392 simile
362 4324 491 4416 aliquid
511 4326 657 4412 audivit,
680 4327 759 4420 quis
781 4330 848 4399 tale
867 4329 997 4422 aliquid
1016 4330 1104 4402 vidit
1123 4342 1184 4403 aut
1204 4332 1311 4425 legit?

230 4443 355 4534 Magna
376 4447 494 4529 unius,
518 4469 644 4539 magna
666 4450 809 4521 alterius
823 4450 910 4523 lucis
927 4461 1024 4543 parte
1036 4464 1072 4524 et
1085 4463 1157 4525 tota
1170 4454 1307 4526 interim
