2738 5062
372 658 464 707 mmm
486 658 951 708 uuuusuuumus.-umsuuuu
973 660 1014 708 ix.
1173 651 1232 711 535

152 803 356 869 cunctarum
372 794 527 885 gentium
541 814 644 865 aures
656 803 761 887 utque
773 815 835 866 ora
848 795 1122 889 complebimus?
1135 797 1234 868 Sem·

153 942 216 1014 per
233 917 364 990 mundo
379 914 474 1009 quud
494 915 633 1000 audiat,
651 919 754 987 summ
770 916 934 989 dabimus
948 917 1033 1011 quid
1048 921 1233 1011 loquutur?

153 1045 203 1116 ita
224 1063 270 1113 nu
290 1061 359 1112 uon
376 1039 471 1112 aetuti
490 1047 621 1111 tuntum
644 1060 728 1123 suae,
745 1038 809 1111 sed
821 1038 982 1112 omnibus
1005 1041 1153 1125 suculis,
1168 1063 1232 1114 uec

152 1165 289 1259 poetiuo
308 1162 419 1255 magis
439 1184 545 1254 quam
566 1162 766 1257 prophetico
786 1183 846 1234 ore
868 1163 970 1236 locuti
1004 1174 1086 1236 sunt
1117 1163 1232 1256 Virgi-

153 1290 218 1362 lius
236 1297 273 1359 et
291 1285 450 1368 Flaccus,
469 1305 618 1377 quorum
636 1286 740 1355 uitur:

393 1464 553 1531 Gravidam
573 1464 709 1545 imperiis
727 1466 874 1545 bellisque
889 1468 1071 1531 trementum

312 1565 427 1630 ltaliam

150 1758 254 1841 ‹lixit3
276 1759 377 1829 aiter:

788 1854 935 1917 Auditum
953 1854 1043 1917 Medis

310 1949 462 2028 Hesperiae
479 1950 616 2012 sonitum
634 1951 755 2017 ruiuaei
790 1950 792 1955 ’

149 2156 241 2249 Agat
256 2153 360 2226 modo
381 2156 530 2237 fortuna,
553 2150 708 2246 perficiat
727 2151 821 2245 quod
855 2152 993 2247 iuuepit,
1027 2154 1168 2247 quaudo
1199 2157 1228 2229 si

148 2409 211 2472 est.
234 2402 286 2473 Do
305 2421 376 2492 qua
397 2420 435 2469 re
455 2420 499 2469 ne
519 2398 604 2492 quid
626 2398 860 2493 praecipitunte
890 2399 1017 2473 iudicio
1048 2398 1227 2483 definiam,

148 2522 232 2594 nihil
252 2523 287 2593 in
309 2541 465 2615 praeseus
482 2518 687 2615 pmuunci0;
709 2529 746 2592 tu
768 2532 881 2593 tumen
896 2520 1100 2593 sententiam
1115 2540 1227 2591 meam

147 2645 248 2718 nosti.
271 2644 307 2715 Si
328 2644 413 2737 quid
431 2643 560 2716 serium
582 2644 675 2735 loqui
697 2647 805 2727 soleo,
829 2643 873 2716 ub
895 2644 959 2715 hac
979 2642 1140 2737 opinione
1173 2662 1228 2711 re-

147 2767 362 2841 motissimus
383 2788 473 2839 sum.
494 2765 593 2837 Nunc
614 2767 735 2858 loquor
758 2776 795 2836 ut
814 2767 956 2857 vulgus,
978 2785 1090 2857 aquo
1115 2762 1228 2834 maxi-

147 2913 203 2963 me
222 2889 402 2962 dissentio.
425 2889 598 2959 Caeterum
620 2887 696 2959 sive
717 2886 774 2958 itia
793 2886 878 2957 nihil
904 2886 981 2960 sive
1003 2885 1135 2979 aliquid
1154 2898 1226 2972 est,

145 3037 225 3087 num
246 3015 317 3084 Dea
335 3009 576 3104 proculdubio
596 3020 751 3096 nonest,
773 3018 809 3081 et
829 3032 952 3082 rursus
975 3010 1051 3082 sive
1068 3010 1126 3081 illa
1151 3010 1225 3082 suis

145 3136 293 3220 viribuS‚
316 3135 393 3206 sive
412 3143 530 3207 nostru
557 3133 697 3226 ignavia
717 3141 932 3227 potensest,
964 3132 1126 3226 quonium
1147 3131 1226 3225 qui-

145 3257 211 3332 bus
232 3257 317 3329 solis
336 3256 469 3330 obstari
490 3256 538 3327 iili
558 3265 708 3352 poterut,
731 3278 828 3328 armu
854 3256 996 3328 rationis
1017 3254 1223 3336 obiecimus,

144 3392 243 3473 agat,
265 3381 421 3472 inquam,
441 3378 578 3462 saeviat‚
598 3388 692 3451 tonet
712 3402 753 3451 uu
769 3378 942 3464 fulminet,
965 3379 999 3449 iu
1020 3378 1087 3449 hoc
1104 3376 1227 3470 praeci·

144 3500 468 3597 memmimus,
489 3498 547 3572 ubi
568 3501 603 3570 in
622 3510 955 3595 utramquepartem
976 3501 1164 3596 plurimum
1186 3520 1226 3570 εε

144 3646 283 3718 semper
314 3623 487 3706 exercuit,
521 3633 667 3719 pergat,
699 3625 816 3710 instet,
847 3635 996 3718 premat,
1032 3630 1156 3715 urgeat
1190 3631 1227 3693 ει

143 3746 283 3839 quaudo
300 3748 346 3818 ita
367 3747 503 3839 superis
524 3757 630 3838 utque
648 3747 766 3820 inieris
787 3750 911 3842 placet,
934 3757 973 3821 ut
997 3723 1127 3820 dictum
1150 3752 1223 3827 est,

141 3880 255 3963 uoeptu
275 3867 440 3963 perficiat.
461 3868 592 3940 Vereor
613 3889 697 3938 sane
717 3889 761 3938 ue
787 3890 944 3962 praesens
963 3866 1225 3960 praefatiuncula

141 3987 244 4081 quusi
265 4010 403 4081 muguae
424 3988 599 4061 moestitiae
620 3986 727 4058 iudex
747 3999 920 4059 amantem
941 3997 977 4058 ει
996 4006 1112 4058 umore
1125 3985 1225 4077 pavi·

141 4112 226 4184 dum
253 4124 358 4205 atque
384 4111 556 4183 solicitum
580 4111 733 4182 animum
768 4119 865 4182 tuum
900 4112 986 4181 torte
1022 4105 1222 4180 turbaverit.

140 4234 234 4307 Pone
256 4243 397 4306 metum.
424 4233 588 4306 Privatim
610 4233 694 4304 nihil
725 4232 865 4305 adversi
893 4242 962 4317 εει,
993 4240 1101 4304 certe:
1134 4231 1222 4303 sicut

140 4354 278 4450 publice
297 4356 381 4427 nihil
401 4366 458 4429 est
478 4355 646 4452 prosperi.
666 4355 757 4439 Quid
774 4354 865 4425 enim
886 4375 1090 4451 prosperum
1112 4353 1224 4424 viris?

101 4564 110 4573 ι
141 4476 213 4549 Imo
233 4477 423 4570 veroquid
445 4501 535 4549 nunc
555 4501 622 4551 nun
646 4477 743 4549 triste
764 4498 908 4571 prorsus
924 4489 959 4550 ει
975 4478 1158 4557 miserum,
1183 4475 1222 4544 li·
