2738 5062
337 652 431 703 orsus
452 648 963 703 ooruuusosoluus.-srrsronr
985 650 1025 700 rr.
1163 640 1220 703 lli

142 788 318 886 quondam
347 799 382 859 te
420 798 594 881 praesente
634 786 789 879 suscepi,
827 783 873 857 ad
912 783 1071 856 eumdem
1117 806 1222 877 quam

144 914 294 1008 primum
321 910 515 1005 perveniat.
544 908 620 1000 Ego
644 908 735 980 enim
762 929 878 979 rerum
901 905 1030 979 dubius
1055 907 1148 979 hunc
1176 908 1224 979 ad

143 1044 175 1107 le
207 1033 430 1126 potissimum
451 1031 629 1102 destinare
650 1029 768 1113 statui,
795 1038 912 1101 certus
946 1029 1007 1113 tui,
1035 1030 1128 1123 quod
1153 1051 1223 1103 non

143 1169 275 1229 temere
309 1153 425 1225 nidum
468 1152 616 1243 linquis,
655 1152 906 1246 epistolamque
944 1151 1063 1224 addidi
1102 1173 1222 1224 secum

141 1279 393 1375 profecturam,
426 1273 510 1366 quia
535 1295 598 1366 per
630 1295 804 1345 armorum
830 1274 1012 1366 strepitum
1036 1275 1224 1347 micantes-

141 1420 210 1493 que
243 1395 378 1491 gladios
418 1416 486 1466 non
520 1402 594 1464 luto
626 1404 794 1464 venturus
832 1393 1016 1465 videbatur
1047 1395 1224 1467 incomita-

143 1530 199 1593 tus
229 1530 267 1591 et
294 1515 435 1588 inermis
465 1515 597 1599 Cicero,
625 1513 693 1598 vir,
727 1523 763 1585 ut
787 1513 929 1605 quidam
961 1514 1022 1598 ait,
1049 1515 1135 1584 nihil
1159 1515 1224 1586 mi-

142 1662 208 1715 nus
232 1661 338 1735 qoam
362 1638 408 1711 ad
432 1636 560 1709 bellum
585 1646 702 1719 natus;
722 1657 933 1728 quamquam
953 1635 995 1727 (si
1021 1637 1124 1709 iocari
1142 1658 1222 1708 oum

142 1766 316 1841 delunotis
335 1763 427 1857 lieet)
448 1762 504 1835 ille
526 1764 642 1834 forsan
667 1760 743 1832 haee
760 1761 880 1834 audiat
899 1762 1041 1847 invitus,
1063 1784 1166 1857 quem
1187 1763 1222 1834 in

142 1888 297 1983 epistolis
319 1887 365 1959 ad
384 1883 536 1957 Atticum
558 1883 696 1978 (mirum
721 1881 827 1976 dictu)
855 1893 949 1955 tanta
970 1883 1109 1957 tenebat
1126 1883 1222 1979 eupi-

142 2009 233 2085 ditas
252 2005 498 2102 triumphandi.
519 2005 616 2090 Vale,
638 2005 749 2079 nostri
769 2027 910 2079 memor.

287 2151 446 2221 Mediolani,
461 2150 561 2208 xvlll.
579 2150 640 2208 Kal.
657 2151 826 2209 Dooemhris.

560 2613 738 2678 EPISTOLA
760 2617 816 2680 xil.

236 2797 430 2850 rnaoclscos
452 2798 620 2848 PETRARCA
641 2796 758 2847 {AGOBO
780 2798 982 2848 moribundo
1003 2800 1029 2848 S.
1052 2800 1079 2847 P.
1101 2799 1130 2847 D.

188 2973 307 3031 Librum
321 2971 460 3031 Gioerouis
474 2973 509 3030 ab
523 2990 556 3030 eo
570 2980 712 3046 aooeptum
727 2981 755 3029 et
769 2991 785 3030 a
799 2990 828 3030 se
842 2975 1039 3045 transcriptum
1054 2975 1178 3031 remittit.

239 3214 360 3287 Cioero
381 3225 462 3286 tuus
484 3213 712 3308 quadriennio
745 3225 782 3286 et
813 3212 960 3307 amplius
986 3234 1122 3286 mecum
1147 3212 1221 3285 luit.

143 3337 262 3413 Tautae
283 3345 398 3409 autem
428 3334 602 3408 dilationis
633 3356 739 3407 causa
767 3334 974 3428 scriptorum
1005 3337 1081 3408 baec
1099 3335 1224 3408 intolli-

143 3458 296 3549 gentium
328 3457 454 3549 ingens
487 3455 611 3528 raritas
644 3466 749 3550 atque
781 3457 938 3552 penuria;
959 3480 1065 3552 quam
1091 3457 1224 3530 iactura

142 3578 336 3652 studiorum
357 3577 566 3650 incredibilis
592 3588 777 3651 consecuta
796 3589 865 3663 est,
887 3579 971 3652 dum
998 3601 1079 3674 quae
1099 3588 1224 3651 nutura

142 3700 424 3785 obmutuerant,
448 3700 673 3793 intelligibilia
695 3701 875 3775 desierunt
899 3725 993 3788 esse,
1016 3701 1224 3775 novissime-

141 3845 209 3915 que
228 3824 387 3914 negleota
405 3845 548 3916 prorsus
562 3823 607 3895 ab
621 3826 792 3909 omnibus,
808 3826 954 3917 periere.
968 3826 1019 3895 lta
1031 3824 1222 3893 litterarum

142 3943 327 4015 uberrimis
347 3954 451 4037 atque
472 3942 684 4017 dulcissimis
705 3944 928 4015 fructibuset
944 3942 1161 4033 ingeniorum
1183 3940 1224 4009 il·

141 4064 303 4137 lustrium
324 4065 452 4159 vigiliis
465 4079 570 4159 atque
589 4064 766 4137 laboribus
780 4073 900 4135 nostra
913 4062 1077 4158 paulatim
1093 4064 1223 4134 saecula

141 4197 342 4271 caruerunt,
365 4187 493 4281 quibus
510 4208 555 4258 an
572 4186 799 4259 excellentius
814 4183 944 4277 aliquid
958 4184 992 4254 in
1007 4183 1110 4256 torris
1128 4184 1224 4258 haud

141 4317 271 4380 temere
290 4308 498 4380 diffinierim.
520 4308 607 4381 lllud
633 4304 860 4378 fidentissime
881 4304 1030 4379 dixerim
1057 4307 1223 4378 maiorem

140 4428 232 4502 banc
250 4430 360 4503 nostri
382 4432 546 4524 temporis
568 4431 734 4503 iacturam
753 4427 998 4522 aliquantoque
1016 4428 1143 4500 iustius
1161 4425 1224 4496 de·

271 4561 297 4599 ll.
1036 4546 1065 4592 32>
