2738 5062
414 688 506 738 niusa
526 688 855 740 nouus—susrona
875 691 939 739 χιιι.
1182 678 1221 738 lt)

142 806 223 879 stris
255 803 452 890 conditam,
487 804 713 899 Brixiamque
744 817 781 878 ct
804 807 979 880 Veronam
1014 808 1059 879 ab
1088 808 1223 880 eisdem

140 929 272 1001 vestris
303 926 494 1019 maioribus
524 948 692 1021 possessa
717 929 792 999 loca
818 929 1030 1023 prospexit?
1053 929 1135 999 ludo
1162 951 1224 1022 pe-

141 1063 220 1123 tens
252 1049 437 1122 Patavium
468 1047 564 1120 troici
596 1070 685 1143 opus
715 1049 919 1133 Antenoris,
951 1051 1031 1122 hinc
1061 1051 1224 1122 Venetia-

140 1198 220 1248 rum
237 1175 331 1244 inter
354 1184 499 1243 cunctas
524 1170 663 1243 litoreas
690 1171 883 1246 mirabilem
909 1185 1014 1265 atquo
1047 1170 1226 1266 permaxi-

140 1318 234 1368 mam
272 1296 412 1380 urbem,
460 1316 545 1366 mox
587 1294 736 1366 cinctum
775 1294 976 1365 lluminibus
1018 1307 1053 1366 et
1089 1293 1223 1364 aestivis

140 1418 275 1490 deliciis
296 1439 473 1489 amoenum
492 1437 710 1511 parvumque
730 1415 937 1499 Tarvisium,
956 1438 1062 1508 quam
1082 1415 1147 1486 sibi
1169 1437 1225 1486 se-

142 1541 224 1613 dem
244 1538 392 1630 delegit,
413 1536 627 1610 delectationi
647 1558 717 1608 non
738 1547 807 1609 tam
829 1536 978 1630 propriae
999 1559 1103 1629 quam
1125 1536 1225 1608 undi-

142 1682 214 1755 que
244 1658 524 1731 convenientium
549 1657 784 1730 commoditati
810 1658 1048 1751 prospiciens3
1074 1656 1154 1728 inde
1180 1656 1226 1728 ad

143 1781 417 1876 compescendos
438 1779 584 1852 Arctoos
604 1790 729 1864 motus,
748 1779 942 1873 Aquileiam
963 1790 1223 1876 praetervectus,

143 1902 323 1999 Alpesque
342 1902 486 1974 Noricas
510 1911 769 1994 transgressus,
797 1905 899 1995 longe
923 1907 1062 1997 lateque
1085 1883 1227 1978 Germa-

143 2025 236 2097 niam
258 2024 473 2118 peragravit,
500 2033 536 2096 et
561 2025 654 2095 illum
676 2025 758 2096 olim
782 2025 916 2120 imperii
943 2026 1085 2098 limitem
1111 2029 1227 2098 Danu·
1336 2110 1340 2131 Ι

144 2145 250 2232 bium,
269 2147 347 2217 Nilo
363 2168 491 2239 parem,
511 2145 606 2217 mille
623 2146 814 2241 superbum
830 2147 982 2220 lontibus
1004 2158 1040 2221 et
1055 2147 1225 2221 horrificis

145 2267 343 2361 gurgitibus
364 2277 571 2338 aestuantem
593 2267 720 2358 attigit;
745 2268 826 2340 inde
846 2292 958 2364 nuper
976 2275 1084 2343 multa
1110 2293 1227 2345 rever-

149 2410 212 2460 sus
236 2410 316 2465 oum
340 2387 456 2473 laude,
484 2387 586 2459 hodie
612 2389 754 2461 minoris
780 2411 907 2483 corpus
931 2391 1070 2464 Antonii
1095 2393 1227 2482 ingenti

146 2509 264 2604 populi
288 2508 474 2582 devotione
495 2511 704 2595 transvexit,
730 2533 811 2605 quae
827 2534 898 2584 una
923 2512 988 2583 sibi
1009 2514 1103 2607 apud
1128 2515 1227 2584 Pata-

145 2632 242 2703 vium
262 2633 493 2725 longiusculae
513 2654 621 2705 morae
640 2655 747 2705 causa
763 2632 836 2719 tuit,
856 2635 912 2706 cui
929 2635 1143 2708 translationi
1160 2657 1228 2725 ego

146 2754 299 2840 interlui,
334 2754 518 2846 gravitatis
543 2755 686 2826 eximiae
710 2777 751 2827 ac
775 2756 1061 2828 caeremoniarum
1084 2757 1228 2826 mirator

147 2871 239 2947 nnus
266 2898 314 2948 ex
339 2875 508 2971 plurimis.
535 2877 694 2948 Crastino
720 2876 783 2946 iter
809 2877 1037 2969 interceptum
1062 2887 1158 2967 aget,
1190 2885 1230 2946 ut

149 2998 240 3069 sicut
264 2996 430 3070 Adriatici
462 2998 639 3069 fremitum
671 2997 778 3067 maris
810 2996 911 3079 vidit,
947 2997 997 3068 sic
1030 2995 1228 3091 Tyrrhenas

149 3119 294 3213 aspiciat
310 3130 548 3214 tempestates.
572 3121 617 3190 Et
629 3117 740 3212 primo
752 3116 891 3212 quidem
906 3117 1092 3188 fluviorum
1110 3141 1228 3209 rogem

149 3242 310 3314 transibit
329 3242 521 3314 Eridanum
539 3251 576 3313 et
593 3239 872 3335 antiquissimam
889 3239 1071 3313 civitatum
1092 3241 1230 3311 Raven-

147 3386 245 3450 nam,
276 3374 357 3460 post
388 3362 596 3448 Ariminum,
623 3387 708 3436 mox
739 3364 893 3449 Fanum,
928 3363 1009 3435 inde
1045 3363 1229 3436 Perusium

148 3485 377 3579 praevalidam
402 3485 537 3572 urbem,
567 3497 670 3580 atque
693 3485 935 3559 interiacentes
962 3487 1063 3572 alias,
1089 3488 1229 3559 taudem

151 3628 266 3678 rarum
285 3615 440 3701 caputet
464 3607 638 3680 dominam
656 3610 800 3680 Romam
821 3617 930 3702 petet,
952 3630 1057 3701 quam
1074 3608 1232 3700 quicum-

153 3751 220 3820 que
242 3751 312 3802 non
337 3729 465 3801 viderit
494 3740 626 3801 temere
655 3732 740 3802 alias
768 3731 973 3814 admiratur,
1002 3730 1101 3802 cuius
1133 3728 1230 3799 urbis

154 3862 328 3945 aspectus,
351 3863 389 3922 ut
409 3851 583 3923 interdum
610 3852 800 3947 speciosior
824 3855 913 3965 sprot
938 3854 1063 3946 populo
1088 3871 1231 3922 romano

152 3974 288 4046 fortuna
322 3974 527 4068 praestabat,
555 3983 704 4046 atvero
729 3998 905 4068 nunquam
934 3975 1117 4047 salutarior
1142 3973 1232 4044 iubi-

152 4097 239 4167 laeus
260 4119 374 4169 annus
395 4097 529 4168 alliciet.
550 4097 664 4167 Voces
684 4099 763 4168 licet
782 4101 933 4181 exulem,
955 4097 1011 4167 illo
1029 4096 1112 4165 mihi
1134 4096 1233 4167 νίᾱθ-

153 4215 245 4289 bitur
277 4219 499 4290 felicissimus
524 4220 741 4314 peregrinus.
769 4218 820 4287 lbi
844 4216 1089 4310 Apostolorum
1115 4217 1231 4287 limina

154 4351 189 4412 el
207 4352 336 4413 terram
357 4339 503 4413 calcabit
528 4361 628 4413 sacro
649 4349 840 4436 martyrum
860 4361 1072 4436 purpuream
1092 4359 1229 4420 cruore,

156 4462 288 4535 videbit
309 4466 365 4534 vol
387 4462 547 4535 muliebri
573 4463 679 4534 linteo
699 4463 757 4532 vel
780 4462 817 4532 in
836 4471 1038 4535 cunctarum
1059 4458 1232 4532 Ecclesia-

282 4595 311 4634 u.
1091 4581 1107 4627 a
