2738 5062
195 741 253 802 306
536 751 576 797 nr
598 750 698 797 nunus
721 747 942 797 rnurumruaos

195 887 501 960 remedio‘solarer
522 882 588 954 nisi
606 885 706 976 plane
727 904 868 954 nossem
887 903 950 953 nos
968 881 1167 974 omnesqui
1187 881 1279 953 vivi·
1303 938 1307 945 .

194 1033 273 1084 mus
299 1009 442 1081 iihentcr
468 1009 502 1077 in
528 1015 726 1078 nostrarum
752 1004 880 1076 iudicio
907 1025 1021 1075 rerum
1048 1003 1127 1074 falli.
1155 1004 1279 1098 itaque

195 1134 405 1208 simiiiimum
441 1130 516 1201 veri
548 1138 604 1201 est
637 1138 675 1199 ut
709 1128 799 1200 siout
818 1149 884 1218 ego
906 1126 1030 1199 studiis
1053 1127 1127 1198 suis
1149 1129 1278 1200 multos

194 1255 337 1338 irrideo,
362 1253 412 1325 sio
434 1252 588 1322 vicissim
610 1273 630 1322 a
652 1250 768 1322 multis
789 1248 950 1332 irrideam
972 1248 1069 1340 vulgi
1087 1258 1203 1321 tamen
1224 1251 1280 1322 iu-

194 1378 284 1451 dicia
303 1397 442 1468 semper
456 1374 588 1467 sprevi,
604 1394 730 1467 meque
747 1372 793 1443 ah
808 1370 932 1442 eodem
952 1372 1070 1465 sperni
1087 1392 1154 1442 non
1173 1373 1287 1446 modo-

195 1498 401 1593 contempsi,
425 1495 577 1568 sednon
603 1494 758 1567 ultimam
785 1493 906 1586 gloriae
932 1515 1021 1566 meae
1046 1504 1181 1590 partem
1200 1517 1279 1568 cre·

194 1619 278 1692 didi.
299 1619 387 1691 iilud
408 1637 464 1688 me
482 1615 626 1708 gravius
643 1616 769 1710 premit
785 1616 880 1709 quod
896 1615 1072 1688 interdum
1090 1617 1206 1689 studia
1224 1617 1278 1690 vi-

196 1744 367 1835 giliasque
389 1765 485 1814 meas
507 1742 590 1815 mihi
613 1741 687 1838 ipse
709 1744 771 1814 vix
791 1741 957 1837 approbo,
981 1740 1173 1834 videorque
1194 1762 1278 1813 con-

196 1865 323 1937 sultius
343 1876 485 1937 acturus
514 1866 543 1935 si
568 1863 710 1936 abiectis
731 1864 906 1947 omnihus,
930 1864 1057 1957 quihus
1078 1885 1221 1958 operam
1242 1873 1279 1934 et

197 1987 277 2071 hoc,
299 1987 400 2057 cuius
427 1995 520 2058 tanta
547 1985 690 2080 penuria
711 1997 777 2071 est,
802 1996 937 2079 tempus
964 1984 1139 2078 impende,
1167 2005 1275 2056 unum

196 2130 304 2199 agere
325 2108 511 2201 inciperem
532 2109 625 2202 quod
645 2108 776 2183 iamdiu
795 2107 945 2180 meditor
969 2118 1004 2180 et
1028 2108 1074 2178 ad
1098 2106 1194 2200 quod
1220 2126 1277 2178 so

196 2235 268 2302 ium
290 2228 325 2298 in
346 2228 436 2299 hanc
456 2226 598 2301 brevem
617 2240 651 2302 et
669 2230 833 2302 miseram
855 2230 963 2302 vitam
993 2228 1086 2300 veni.
1105 2228 1176 2300 Sed
1195 2226 1276 2300 huic

197 2348 397 2441 cogitationi
431 2368 527 2442 saepe
552 2349 608 2421 ilia
630 2350 821 2436 suboritur,
856 2351 939 2423 nihii
972 2352 1048 2422 haec
1081 2348 1196 2422 studia
1230 2349 1277 2421 iili

197 2471 375 2568 proposito
396 2493 538 2553 nocere,
562 2473 649 2544 sorte
670 2473 773 2544 etiam
793 2474 973 2569 prodesse.
997 2474 1089 2544 Inter
1110 2472 1187 2545 haee
1211 2472 1277 2545 du·

199 2596 293 2668 bium
316 2607 419 2690 atque
441 2596 660 2669 haesitantem
695 2599 769 2670 sola
803 2597 968 2694 temporis
1001 2597 1118 2669 turbat
1150 2596 1276 2693 inopia.

198 2721 249 2817 Ita
268 2740 336 2813 ego
357 2720 449 2792 unde
474 2741 529 2791 me
551 2720 719 2815 expedire
746 2719 879 2805 molior,
907 2718 1080 2791 interdum
1117 2721 1278 2793 intentior

195 2853 232 2914 et
250 2841 450 2936 occupatior
471 2840 526 2915 fio.
548 2842 723 2914 Caeterum
743 2843 831 2914 inter
852 2840 1154 2914 haeeaiternantis
1172 2842 1277 2913 animi

195 2965 340 3037 consiiia
361 2986 463 3037 suum
489 2964 619 3036 veritas
645 2965 759 3036 iocum
787 2974 913 3036 teneat.
946 2964 1025 3055 Ego
1055 2973 1206 3057 coeptam
1233 2961 1278 3037 ad

196 3089 456 3161 excusationem
479 3088 593 3160 redeo.
618 3087 674 3158 Sic
693 3108 779 3178 ergo
797 3085 1008 3179 quibusdam
1037 3107 1108 3158 non
1132 3085 1273 3180 parvis,

197 3221 235 3282 ut
258 3222 315 3282 est
338 3211 490 3292 animus,
516 3209 610 3303 apud
636 3230 691 3280 me
716 3209 864 3301 negotiis
890 3208 1074 3281 avocabar.
1101 3210 1277 3282 Noveram

197 3333 227 3402 si
245 3342 278 3402 te
295 3330 459 3402 adiissem
474 3354 580 3424 quum
593 3334 684 3402 iente
701 3330 903 3414 diverterem
926 3331 1092 3405 festinare
1112 3330 1279 3405 iubebant

196 3475 303 3538 curae,
329 3453 486 3545 fugiebat
518 3456 623 3526 velox
650 3475 691 3527 ao
716 3454 836 3526 brevis
865 3454 953 3538 dies,
982 3454 1098 3527 vicina
1122 3475 1195 3527 nox
1219 3477 1279 3525 ur·

197 3575 312 3668 gebat,
333 3596 417 3667 quae
435 3597 502 3659 me,
524 3575 700 3648 anhelanti
721 3576 800 3648 licat
815 3598 906 3670 equo
925 3587 1079 3661 vectum,
1100 3577 1137 3647 in
1156 3575 1278 3648 itinere

197 3695 431 3795 deprehendit
453 3698 504 3769 Da
524 3699 676 3782 veniam,
699 3720 838 3795 precor,
858 3721 951 3772 neve
969 3721 1100 3773 nouam
1118 3699 1278 3793 quereb

198 3843 278 3894 rum
308 3820 441 3892 habeas
475 3821 671 3905 materiam,
706 3821 792 3893 seito
824 3821 909 3893 mihi
942 3823 1097 3894 animum
1115 3841 1199 3894 esse
1223 3820 1278 3892 his

198 3942 366 4037 proximis
381 3941 510 4014 diebus
528 3943 563 4013 in
581 3941 714 4014 Italiam
734 3942 920 4037 proticisci,
955 3955 1002 4029 et,
1031 3953 1068 4016 ot
1094 3920 1197 4039 saepe
1215 3943 1278 4015 iai-

198 4065 273 4138 lunt
290 4067 476 4159 cogitatus,
491 4057 586 4159 quod
598 4075 766 4138 autumno
783 4088 888 4159 agere
904 4066 1133 4138 decreveram
1150 4064 1276 4161 hyeme

197 4207 379 4280 peragere:
401 4188 496 4282 quod
513 4188 544 4260 si
562 4188 609 4260 ad
620 4188 728 4261 Indos
746 4209 837 4272 eam,
853 4187 913 4260 tihi
928 4196 1185 4281 temperetque
1202 4182 1278 4259 uht-

199 4306 281 4381 tihet
300 4331 457 4404 pracsem
477 4333 549 4384 ero.
570 4311 667 4382 Vale.

339 4455 384 4509 Ad
397 4454 500 4512 iontem
516 4456 629 4528 Sor-gie.
647 4455 745 4512 Irhhue
756 4454 929 4513 Novembris

651 4583 829 4625 “OQ-
