2738 5062
394 682 488 731 urana
509 680 718 731 nuonncruus.
733 701 768 709 -
782 682 934 729 arrsrora
956 683 975 729 r.
1163 673 1215 731 161

141 826 270 888 clariter
291 813 456 907 arripias,
471 813 673 906 reiectisque
686 816 779 885 curis
793 814 963 899 omnibus,
979 836 1059 906 quae
1075 838 1219 906 gressus

142 952 213 1011 tuos
235 961 258 1009 a
280 949 357 1009 tarn
380 939 437 1033 pio
457 938 576 1010 itinere
598 938 791 1019 retrabunt,
819 916 950 1009 morum
979 940 1089 1023 tollas,
1118 941 1218 1011 claris

141 1084 280 1154 semper
293 1060 454 1132 exordiis
468 1061 665 1144 nocituram,
676 1084 715 1131 ac
731 1072 787 1131 tuo
801 1073 959 1153 egentem
973 1062 1101 1133 auxilio
1115 1088 1218 1157 quam

140 1182 292 1274 primurn
311 1181 465 1252 invisere
483 1183 571 1252 volis
589 1182 789 1253 Ausoniam.
808 1183 930 1275 Optato
946 1184 1135 1255 succedunt
1147 1209 1220 1257 om-

140 1305 207 1375 nia:
244 1304 316 1374 noli
352 1326 443 1374 unus
464 1305 589 1375 deesse
609 1306 771 1376 fortunae:
794 1307 887 1397 quod
909 1307 938 1376 si
960 1307 1073 1390 sareias,
1097 1309 1218 1398 ingens

140 1427 357 1521 posteritatis
377 1427 495 1497 odium
524 1450 585 1498 nee
611 1428 776 1498 minorem
812 1429 871 1497 tibi
904 1428 1109 1499 conflaveris
1134 1430 1186 1498 inl
1207 1469 1221 1481 -

143 1550 258 1621 miam.
279 1549 351 1618 Vix
369 1550 529 1642 equidem
551 1560 684 1643 optare,
714 1553 776 1622 vix
804 1552 913 1622 verbo
939 1553 1135 1644 exprimere
1160 1572 1221 1643 po-

142 1673 274 1745 tuisses
308 1684 378 1743 tam
408 1673 540 1743 facilem
574 1675 631 1746 lati
665 1675 768 1745 viam.
804 1677 909 1745 Putas
943 1697 985 1744 ne
1019 1686 1221 1766 perpetuum

142 1795 234 1868 bunc
255 1797 435 1865 favor-ema
460 1796 502 1865 Ut
526 1797 735 1882 veliemenS,
764 1799 814 1869 sic
847 1797 998 1868 volubile
1019 1802 1124 1868 latum
1145 1808 1220 1867 cst:

140 1941 209 1990 non
229 1919 386 1990 humano
406 1920 545 2010 quidem
567 1920 707 2012 ingenio
729 1923 791 1992 sed
813 1932 936 2016 suopte
958 1921 1110 1991 volvitur
1131 1919 1222 1989 arbi-

143 2041 220 2113 trio:
234 2042 354 2112 nullus
369 2050 490 2123 slatus
506 2046 598 2112 nulla
612 2043 715 2113 lacies
730 2067 846 2115 rerum
860 2044 971 2114 durat.
986 2045 1060 2114 Non
1078 2053 1114 2113 tu
1128 2043 1220 2113 idem

145 2186 279 2257 semper
298 2164 383 2246 eris,
403 2187 517 2258 neque
534 2165 609 2236 haec
628 2167 687 2237 tibi
709 2190 845 2263 semper
865 2168 1012 2239 occasio.
1038 2166 1219 2257 intelligia,

147 2287 450 2381 providentissime
473 2288 647 2380 princepS,
671 2314 738 2362 non
758 2302 888 2362 tanturn
907 2291 990 2382 quid
1009 2293 1138 2383 loquar,
1159 2290 1220 2360 sed

149 2407 230 2501 quid
247 2408 407 2501 cogitem.
423 2411 633 2482 Praesentem
648 2413 782 2484 Tusciae
798 2424 923 2485 statum
940 2414 1053 2495 vides3
1073 2412 1129 2483 ubi
1146 2414 1221 2504 plu-

145 2534 264 2605 rimum
280 2533 479 2604 rebellionis
492 2556 558 2604 avo
577 2545 634 2605 tuo
649 2537 794 2629 aliisque
813 2550 905 2608 rotro
922 2535 1131 2629 principibus
1146 2532 1217 2616 luit,

141 2655 206 2726 illic
227 2654 291 2726 tibi
312 2654 497 2748 plurimum
512 2657 577 2728 orit
594 2658 762 2750 obsequii.
779 2661 883 2729 Utere
901 2680 1015 2727 rerum
1031 2657 1220 2727 mutatione

142 2779 354 2863 felicissima,
379 2790 578 2872 sortemque
601 2792 694 2850 tuam
717 2803 759 2850 ne
778 2778 985 2870 neglexeris.
1007 2778 1219 2848 Breuitatcm

96 2957 98 2961 -
143 2924 184 2973 ae
202 2905 321 2995 lugam
343 2902 426 2973 vitae
448 2903 602 2974 mortalis
624 2915 703 2973 anto
720 2904 838 2972 oculos
861 2901 1003 2983 habeto,
1024 2912 1058 2971 et
1078 2898 1222 2969 instabi-

144 3026 274 3098 litatem
294 3049 427 3110 rerum,
461 3036 497 3096 et
529 3028 676 3097 lortunae
701 3023 785 3106 vim,
813 3022 913 3092 cuius
938 3032 1060 3093 natura
1093 3031 1147 3090 est
1185 3032 1222 3091 ut

143 3150 353 3223 audentibus
386 3162 488 3242 alque
523 3149 675 3220 sollicitis
709 3150 837 3228 lavent,
868 3144 1004 3215 timidos
1033 3144 1220 3237 pigrosque

142 3268 279 3352 reliciat,
303 3277 352 3345 ct,
377 3277 414 3336 nt
435 3265 647 3357 sapientibus
669 3266 796 3360 placet,
820 3274 911 3334 retro
928 3265 1027 3333 calva
1044 3280 1125 3331 esse
1141 3281 1220 3330 oum

143 3393 261 3474 soleat,
285 3391 432 3459 lrontem
454 3387 582 3457 habeut
600 3389 807 3481 capillatum.

235 3514 414 3603 Pluraque
445 3510 566 3602 scripsi
593 3511 687 3590 olim,
715 3519 750 3581 et
773 3513 872 3602 plura
898 3531 989 3579 nune
1016 3507 1217 3590 scriberem,

142 3638 204 3708 nisi
224 3635 310 3730 quia
333 3633 512 3725 sapientiae
542 3647 611 3704 tuae
643 3634 745 3704 etiam
775 3632 935 3727 pauciora
962 3630 1158 3707 sufficiunt.
1186 3644 1221 3701 et

141 3757 320 3831 devotioni
350 3778 437 3826 meae
464 3766 650 3850 utcumque
675 3757 740 3827 hoc
764 3755 978 3848 breviloquio
1005 3753 1218 3826 satisfactum

141 3894 203 3952 est.
223 3883 329 3963 Vale,
354 3880 571 3969 magnanimo
592 3880 722 3962 Caesar,
745 3891 780 3949 et
801 3899 955 3973 propera.
