2738 5062
143 637 201 700 lll
476 648 517 697 nn
538 649 638 698 nanus
659 648 880 698 rnnrnnnmus
939 722 942 726 Δ

142 786 264 859 animis
284 785 407 880 tepidis
425 786 585 857 amicitiae
607 789 728 879 regula
747 788 861 858 locum
878 784 993 857 habet.
1013 786 1140 857 Contra
1155 808 1214 859 an-

143 923 210 983 tem
234 911 323 981 sicut
342 912 402 1002 qui
423 909 555 981 felicius
577 934 699 981 arvum
724 914 855 994 colunt,
875 910 935 981 ’sic
955 931 1021 1000 ego
1046 932 1127 981 cum
1148 910 1214 982 tuis

142 1033 311 1118 omnibus,
327 1033 455 1126 quihus
473 1035 611 1104 animus
625 1032 798 1105 desiderio
812 1033 940 1105 ardens
953 1046 1017 1118 est,
1038 1033 1096 1103 tali
1113 1033 1217 1105 vicis-

142 1156 292 1228 situdine
311 1180 380 1228 non
400 1179 555 1247 egemus,
579 1158 724 1250 Semper
745 1156 859 1249 potius
880 1166 913 1227 te
940 1165 1161 1252 praesentem,
1187 1158 1216 1228 sl

142 1281 216 1353 lieri
236 1280 360 1374 possit,
382 1282 582 1371 nullamque
604 1280 652 1349 tui
685 1281 803 1350 vultus
837 1280 992 1372 eclipsim
1021 1280 1131 1352 oculis
1157 1300 1218 1352 no-

142 1403 222 1473 stris
244 1424 427 1475 occurrere
444 1412 480 1472 et
497 1402 657 1496 cupimus
677 1410 714 1472 et
730 1422 905 1492 rogamus.
927 1403 971 1472 Et
992 1412 1131 1474 sanent
1147 1402 1216 1489 tibi,

141 1549 205 1598 nec
218 1526 302 1597 milri
317 1525 431 1597 minus
450 1525 510 1617 qui
528 1527 662 1617 loquor,
683 1525 765 1595 utile
782 1524 965 1595 consilium
983 1536 1088 1596 vetus
1102 1546 1217 1598 meum

142 1648 323 1730 inculcem,
348 1658 483 1741 tempus
513 1657 568 1718 est
600 1646 668 1716 iam
702 1654 740 1717 ut
772 1646 883 1741 proris
918 1644 962 1717 ad
990 1646 1072 1718 litus
1104 1648 1217 1720 versis

143 1779 279 1865 portum
312 1779 470 1865 potamus
501 1769 712 1864 proximum,
739 1770 799 1841 ubi
824 1770 923 1841 iactis
950 1769 1090 1841 tandem
1116 1793 1218 1843 anco-

143 1893 191 1964 ris
222 1895 458 1985 quiescamus,
494 1893 691 1985 linquentes
724 1892 799 1963 aliis
834 1905 1003 1963 terrarum
1036 1892 1218 1985 pelagique

143 2016 306 2087 circuitus
344 2018 464 2107 plenos
503 2014 800 2086 innumerabilium
838 2014 1079 2087 difficultatum
1116 2025 1219 2110 atque

143 2137 393 2210 discriminum.
422 2138 510 2206 Salis
537 2160 710 2229 superque
736 2137 834 2220 satio,
856 2138 923 2207 nisi
949 2139 1059 2223 fallor,
1083 2140 1219 2235 experti

144 2280 266 2330 sumus
281 2265 448 2350 quantum
468 2268 628 2350 torquent
644 2282 774 2353 pernox
793 2283 888 2342 cura,
909 2270 1077 2351 quantum
1095 2261 1219 2334 diurna

144 2381 282 2473 negotia
302 2381 457 2471 fatigent,
486 2403 589 2474 quem
616 2383 813 2467 anhelitum,
840 2405 943 2475 quem
971 2383 1137 2455 sudorem
1162 2388 1217 2457 vel

143 2503 335 2575 adscensus
363 2503 486 2574 montis
512 2503 643 2575 excitet
669 2507 726 2575 vol
757 2504 973 2576 descensus:
1007 2505 1092 2599 quid
1125 2507 1217 2579 taedii

143 2625 256 2720 pariat
275 2624 444 2696 immensa
462 2623 631 2717 planities,
655 2625 739 2718 quid
758 2625 929 2697 nimbosae
950 2628 1059 2698 noctis
1080 2651 1166 2700 cura
1184 2628 1218 2699 in

142 2749 293 2821 tenebris
315 2749 456 2820 terroris
477 2748 610 2834 alferat,
632 2762 668 2820 et
688 2749 763 2821 irati
782 2749 887 2820 maris
909 2749 1000 2820 unda
1018 2751 1215 2833 ferventior,

141 2884 176 2945 et
195 2876 329 2945 ululatu
352 2871 490 2943 nautico
516 2871 711 2965 permixtus
736 2873 889 2945 ferientis
916 2873 1096 2967 scopulum
1123 2895 1216 2970 cym-

141 2996 197 3069 bae
217 3000 341 3090 fragor.
371 2998 414 3067 Et
438 2998 547 3068 lutum
572 3007 607 3068 et
632 3000 812 3090 pulverem
837 3008 872 3067 et
896 2997 996 3068 nives
1018 3005 1053 3066 et
1072 2998 1216 3089 glaciem

141 3128 176 3191 et
196 3142 283 3191 saxa
305 3120 545 3201 transivimus;
567 3131 601 3189 et
621 3119 825 3208 grandinem
839 3131 873 3190 et
888 3118 1069 3211 procellas,
1091 3131 1215 3193 ventos

141 3243 321 3333 nubesque
354 3243 572 3333 pertulimus,
599 3251 710 3312 aestus
742 3254 777 3313 et
800 3243 929 3334 frigora
953 3252 989 3312 et
1015 3244 1214 3335 praedonum

142 3363 285 3434 insidias
309 3373 344 3433 et
368 3364 533 3456 impetum
560 3363 764 3436 belluarum.
790 3366 928 3435 Nullum
955 3365 1025 3436 lere
1050 3365 1132 3436 mali
1157 3386 1216 3457 ge

141 3507 207 3555 nus
233 3485 435 3557 intentatum
462 3485 640 3580 liquimus
668 3497 703 3558 et
729 3488 817 3559 sicut
841 3511 903 3583 per
929 3489 995 3559 ista
1021 3487 1215 3561 iuveniliter

142 3609 360 3693 transivisse,
380 3620 483 3703 atque
504 3611 626 3681 horum
648 3621 768 3703 postea
789 3613 987 3683 meminisse
1003 3611 1212 3694 delectabile,

141 3733 191 3805 sic
211 3732 256 3802 ab
275 3733 329 3803 his
352 3757 527 3826 nunqnam
548 3734 666 3806 divelli
686 3758 791 3829 posse
813 3736 1045 3807 miserrimum
1067 3747 1133 3807 est.
1160 3735 1216 3807 Di·

141 3854 317 3926 mittamus
344 3856 448 3949 igitur
473 3856 549 3929 haec
574 3857 649 3928 aliis
676 3861 732 3928 vol
762 3859 954 3951 inexpertis
980 3861 1034 3929 vol
1060 3858 1215 3952 expertis

140 3978 225 4049 lorto
247 3980 390 4053 felicius.
414 3980 454 4050 Hi
479 3981 618 4073 quidem
644 3982 739 4076 quod
763 3982 893 4053 nostris
918 3981 1104 4054 didicimus
1125 3980 1216 4077 peri-

139 4103 235 4186 culis,
251 4105 323 4175 suis
337 4104 482 4176 discant.
497 4105 536 4175 Hi
555 4113 671 4177 autem
687 4126 750 4176 suo
766 4118 874 4175 marte
891 4106 1109 4199 protendant,
1124 4105 1217 4177 unde

140 4224 240 4296 nobis
264 4227 331 4297 iam
358 4238 393 4298 et
419 4229 663 4321 tempestivum
689 4238 725 4299 et
748 4229 967 4299 commodum
994 4240 1049 4299 cst
1074 4229 1214 4300 reverti.

140 4349 227 4419 Sunt
246 4349 372 4439 quibus
393 4352 623 4423 inexhaustus
649 4350 745 4422 labor
770 4359 806 4420 ct
830 4350 910 4442 iugc
937 4351 1128 4441 periculum
1155 4370 1217 4444 pro

140 4475 316 4567 voluptate
338 4473 391 4543 sit.
414 4474 533 4558 Nobis,
562 4474 590 4545 si
617 4473 840 4565 professionis
868 4495 1054 4565 rerumque
1080 4483 1216 4545 nostra-
