2738 5062
333 653 426 703 tinea
448 650 953 705 ocnnvusnncmus.-nmsnom
974 640 1055 706 niv(
1164 648 1225 710 503

143 790 262 873 fallor,
283 808 397 880 neque
417 784 590 857 absonum
614 807 728 879 neque
758 789 982 882 impertinens
1008 802 1064 863 est
1088 794 1221 866 audire.

143 912 301 983 Annaeus
318 911 449 980 Seneca
470 907 526 979 vir
545 908 668 999 ingens
688 911 801 1003 primo
822 909 1113 985 declamationum
1135 914 1224 989 libno

144 1032 243 1106 haud
263 1035 365 1124 longe
392 1053 412 1102 a
438 1030 621 1126 principio:
642 1030 799 1121 quidquid
824 1035 918 1103 nabet
942 1034 1053 1127 iuquit
1082 1057 1224 1108 romana

122 1136 317 1248 'sacundim
335 1151 421 1244 qaod
444 1154 600 1223 insolenti
628 1150 766 1225 Gracia
783 1165 843 1224 ant
862 1167 1006 1248 opponat
1024 1168 1083 1228 ant
1103 1162 1224 1251 prase-

142 1289 211 1361 rat,
241 1277 330 1345 circa
358 1273 550 1345 Ciceronem
569 1275 724 1367 effloruit:
749 1278 862 1347 omnia
885 1275 996 1349 stadia
1017 1302 1092 1371 qna
1112 1282 1222 1352 lamen

144 1398 260 1471 latinis
280 1399 397 1468 litteris
416 1399 599 1465 attulerant
619 1419 694 1467 cnm
712 1399 771 1469 illa
791 1400 866 1468 vira
885 1411 1066 1472 natusnnt.
1089 1402 1160 1473 Neo
1176 1403 1223 1475 ita

145 1523 254 1592 multo
277 1526 373 1613 post:
394 1538 505 1587 amaea
530 1517 642 1610 inquit
661 1521 776 1610 mapni
801 1521 945 1589 numinis
965 1521 1002 1590 in
1022 1525 1221 1612 eloquentia,

145 1652 283 1734 eccepto
318 1637 488 1720 Cicerone,
516 1637 643 1709 audisse
674 1639 757 1707 mitt
789 1638 912 1723 uideor,
945 1663 1005 1709 aec
1033 1639 1223 1713 Ciceronem

144 1765 228 1833 milti
243 1773 324 1832 atas
343 1763 524 1852 eripuerat,
539 1757 595 1828 sed
607 1760 763 1828 bellarum
779 1761 927 1830 ciciliam
944 1765 1040 1851 sarar
1059 1765 1117 1853 qni
1143 1775 1221 1834 tnnc

145 1896 248 1957 tatum
262 1883 508 1977 pervagabatur
524 1880 646 1964 arbem,
661 1881 751 1949 intra
765 1882 927 1953 caloniam
947 1905 1053 1954 meam
1072 1906 1125 1955 me
1144 1906 1222 1957 can-

145 2008 256 2090 tinnit,
279 2006 427 2096 alioquin
452 2007 488 2074 in
508 2003 565 2073 itta
584 2002 702 2071 atriolo
721 2003 758 2089 in
777 2025 840 2093 pao
866 2000 946 2074 duas
975 2005 1116 2096 prandea
1134 2030 1223 2101 proe.

137 2126 273 2199 'testatos
297 2130 345 2197 ait
367 2124 550 2195 declamare
568 2144 677 2193 secam
696 2124 816 2207 salitas,
840 2122 950 2194 uidere
970 2147 1045 2196 eam
1059 2132 1164 2220 potui,
1191 2141 1223 2199 et

142 2246 258 2319 aadne
275 2247 449 2337 inpenium
463 2242 561 2326 illud,
575 2241 662 2333 qaod
680 2247 784 2313 salum
797 2242 945 2336 Papulas
964 2244 1134 2335 Romanus
1149 2271 1218 2342 par
1251 2300 1254 2305 .

141 2371 279 2463 imma
298 2390 357 2438 aua
382 2369 510 2450 inbuit,
538 2378 569 2436 et
593 2364 678 2459 qnod
696 2365 736 2435 de
756 2367 865 2438 maltis
890 2367 959 2439 dici
980 2372 1072 2453 salet,
1101 2369 1157 2441 aed
1180 2372 1220 2442 de

142 2490 201 2563 atto
220 2492 289 2562 solo
308 2489 374 2560 dici
390 2488 497 2572 debet,
516 2491 613 2581 potui
631 2489 746 2559 aivam
764 2510 877 2558 nocem
896 2488 1021 2560 andire.
1047 2490 1092 2561 Et
1115 2493 1222 2575 Quin-

142 2613 282 2707 titianus
294 2613 518 2683 acutissimus
543 2609 765 2702 maximeque
777 2609 1003 2681 doctissimus
1016 2611 1073 2681 vir
1084 2610 1120 2680 in
1132 2610 1220 2686 libro
1328 2684 1330 2689 ,

141 2734 370 2809 oratoriarum
384 2732 637 2803 institutionum
651 2740 731 2824 post
744 2732 851 2802 multa
863 2729 908 2803 de
926 2732 1089 2803 Cicerone
1104 2731 1219 2826 dequo

140 2856 234 2930 illius
253 2854 460 2948 eloquentiae
479 2853 672 2947 principatu
696 2851 852 2942 graviter
878 2851 973 2924 dicta
992 2853 1218 2927 concludens:

146 2976 259 3068 Quaere
282 2977 419 3048 sitnon
451 2977 613 3044 immerito
632 2975 674 3044 ab
694 2975 844 3043 omnibns
864 2977 970 3044 atat-ia
988 2998 1057 3045 sna
1076 2999 1219 3069 regnare

141 3103 178 3172 in
193 3097 323 3171 suuis
339 3094 445 3167 dictus
464 3106 526 3167 eat:
542 3094 633 3189 apud
649 3105 794 3187 posteros
814 3116 891 3166 uero
911 3094 947 3165 id
965 3109 1165 3182 consecutas,
1182 3111 1222 3170 nt

145 3222 260 3294 Cicera
279 3221 349 3289 sam
369 3240 437 3288 non
457 3220 599 3289 hominia
617 3239 753 3300 namen,
772 3217 829 3288 aed
844 3221 1035 3310 eloquentia
1051 3219 1217 3291 habeatne

144 3344 243 3415 Hanc
267 3340 371 3431 ipitm
388 3332 583 3432 spectemus,
615 3340 674 3408 ltac
693 3341 900 3432 propositam
924 3340 1017 3409 noto
1040 3342 1085 3411 ait
1107 3362 1221 3412 caem-

141 3468 250 3560 plnm,·
274 3464 330 3532 ille
357 3482 393 3532 se
412 3462 588 3553 prosecutae
610 3461 702 3544 accat,
725 3463 780 3530 cni
805 3459 920 3531 Cicero
953 3460 1048 3532 ualde
1069 3464 1219 3555 placebit.

143 3587 216 3657 Hoc
230 3595 326 3657 astte
345 3582 579 3655 novissimum
596 3582 768 3653 siveram
785 3591 849 3667 est
864 3582 1005 3675 gaudeo
1021 3584 1136 3657 hercle
1154 3605 1219 3669 me,

141 3704 239 3799 quod
256 3704 409 3796 alioquin
429 3724 572 3795 sperare
588 3725 658 3775 non
676 3704 855 3788 auderem,
874 3706 1125 3798 aliquantulum
1143 3726 1223 3799 pro·

142 3829 280 3899 iecisse.
302 3826 372 3898 Sed
389 3825 456 3895 iam
477 3823 622 3895 nimium
644 3846 765 3915 vagor.
787 3826 850 3896 Hic
866 3827 982 3920 itaque
1003 3838 1085 3897 tuus
1103 3827 1222 3896 Cicero

144 3948 419 4019 Tusculanarum
436 3947 668 4039 quaestionum
689 3944 787 4016 titulo
806 3947 968 4037 insignis,
993 3947 1029 4016 in
1045 3967 1115 4038 quo
1129 3947 1221 4018 illius

143 4066 282 4165 pridem
297 4067 412 4139 obruti
431 4068 662 4159 consumique
682 4063 798 4158 oppidi
811 4087 938 4136 nomen
955 4067 1052 4149 vivit,
1071 4088 1091 4136 a
1110 4067 1223 4160 prima

144 4190 231 4262 mihi
257 4199 361 4261 aetate
379 4190 671 4260 familiarissimus
695 4188 769 4258 suit.
791 4188 841 4258 Tu
861 4188 945 4258 mihi
965 4210 1045 4260 eum
1066 4211 1159 4260 nunc
1179 4188 1223 4260 ad

145 4334 301 4406 unguem
317 4322 508 4384 correctum
526 4320 561 4381 et
576 4311 653 4382 aliis
671 4309 822 4381 tullianis
836 4311 1067 4397 monimentis,
1081 4313 1224 4404 insuper

146 4443 183 4504 et
212 4432 435 4506 amicissimis
460 4455 502 4504 aa
525 4432 750 4525 lepidissimis
776 4432 845 4503 tuis
871 4431 994 4502 litteris
1024 4432 1223 4502 comitatum
