<?xml version="1.0" encoding="UTF-8"?>
<!DOCTYPE html PUBLIC "-//W3C//DTD XHTML 1.0 Transitional//EN"
    "http://www.w3.org/TR/xhtml1/DTD/xhtml1-transitional.dtd">
<html xmlns="http://www.w3.org/1999/xhtml" xml:lang="en" lang="en">
 <head>
  <title>
</title>
<meta http-equiv="Content-Type" content="text/html;charset=utf-8" />
  <meta name='ocr-system' content='tesseract 3.04.00' />
  <meta name='ocr-capabilities' content='ocr_page ocr_carea ocr_par ocr_line ocrx_word'/>
</head>
<body>
  <div class='ocr_page' id='page_1' title='image "./epistolaederebu02fracgoog_0422.png"; bbox 0 0 2738 5062; ppageno 0'>
   <div class='ocr_carea' id='block_1_1' title="bbox 348 699 1217 760">
    <p class='ocr_par' dir='ltr' id='par_1_1' title="bbox 348 699 1217 760">
     <span class='ocr_line' id='line_1_1' title="bbox 348 699 1217 760; baseline 0.002 -3"><span class='ocrx_word' id='word_1_1' title='bbox 348 708 440 758; x_wconf 83' lang='lat' dir='ltr'><strong>LlllEll</strong></span> <span class='ocrx_word' id='word_1_2' title='bbox 462 707 762 760; x_wconf 69' lang='lat' dir='ltr'><strong>seruiliusouclltus</strong></span> <span class='ocrx_word' id='word_1_3' title='bbox 774 709 976 760; x_wconf 75' lang='lat' dir='ltr'><strong>-Eulsrotn</strong></span> <span class='ocrx_word' id='word_1_4' title='bbox 998 712 1017 758; x_wconf 94' lang='lat' dir='ltr'><strong>l.</strong></span> <span class='ocrx_word' id='word_1_5' title='bbox 1158 699 1217 760; x_wconf 69' lang='grc'><strong>413</strong></span> 
     </span>
    </p>
   </div>
   <div class='ocr_carea' id='block_1_2' title="bbox 140 843 1240 4583">
    <p class='ocr_par' dir='ltr' id='par_1_2' title="bbox 140 843 1240 4583">
     <span class='ocr_line' id='line_1_2' title="bbox 143 843 1215 938; baseline 0.007 -29"><span class='ocrx_word' id='word_1_6' title='bbox 143 875 158 909; x_wconf 70' lang='lat' dir='ltr'><strong>ll</strong></span> <span class='ocrx_word' id='word_1_7' title='bbox 187 846 350 914; x_wconf 86' lang='lat' dir='ltr'><strong>virtutem</strong></span> <span class='ocrx_word' id='word_1_8' title='bbox 368 843 498 925; x_wconf 88' lang='lat' dir='ltr'><strong>vivore,</strong></span> <span class='ocrx_word' id='word_1_9' title='bbox 519 852 554 914; x_wconf 89' lang='lat' dir='ltr'><strong>et</strong></span> <span class='ocrx_word' id='word_1_10' title='bbox 569 844 601 914; x_wconf 89' lang='lat' dir='ltr'><strong>ei</strong></span> <span class='ocrx_word' id='word_1_11' title='bbox 620 844 682 914; x_wconf 88' lang='lat' dir='ltr'><strong>soli</strong></span> <span class='ocrx_word' id='word_1_12' title='bbox 700 846 843 915; x_wconf 92' lang='lat' dir='ltr'><strong>evenire</strong></span> <span class='ocrx_word' id='word_1_13' title='bbox 860 866 965 938; x_wconf 91' lang='lat' dir='ltr'><strong>posse</strong></span> <span class='ocrx_word' id='word_1_14' title='bbox 983 846 1041 938; x_wconf 95' lang='lat' dir='ltr'><strong>qui</strong></span> <span class='ocrx_word' id='word_1_15' title='bbox 1060 847 1215 916; x_wconf 75' lang='lat' dir='ltr'><strong>notitiam</strong></span> 
     </span>
     <span class='ocr_line' id='line_1_3' title="bbox 143 964 1216 1050; baseline 0.008 -21"><span class='ocrx_word' id='word_1_16' title='bbox 143 996 157 1029; x_wconf 73' lang='lat' dir='ltr'><strong>n</strong></span> <span class='ocrx_word' id='word_1_17' title='bbox 187 965 248 1035; x_wconf 86' lang='lat' dir='ltr'><strong>Dei</strong></span> <span class='ocrx_word' id='word_1_18' title='bbox 266 964 393 1035; x_wconf 88' lang='lat' dir='ltr'><strong>habeat</strong></span> <span class='ocrx_word' id='word_1_19' title='bbox 409 974 444 1035; x_wconf 89' lang='lat' dir='ltr'><strong>et</strong></span> <span class='ocrx_word' id='word_1_20' title='bbox 461 966 695 1050; x_wconf 86' lang='lat' dir='ltr'><strong>imitationem,</strong></span> <span class='ocrx_word' id='word_1_21' title='bbox 716 987 780 1036; x_wconf 89' lang='lat' dir='ltr'><strong>neo</strong></span> <span class='ocrx_word' id='word_1_22' title='bbox 796 987 876 1037; x_wconf 92' lang='lat' dir='ltr'><strong>esse</strong></span> <span class='ocrx_word' id='word_1_23' title='bbox 894 967 995 1037; x_wconf 87' lang='lat' dir='ltr'><strong>aliern</strong></span> <span class='ocrx_word' id='word_1_24' title='bbox 1012 967 1059 1038; x_wconf 92' lang='lat' dir='ltr'><strong>oh</strong></span> <span class='ocrx_word' id='word_1_25' title='bbox 1074 990 1216 1040; x_wconf 87' lang='lat' dir='ltr'><strong>causam</strong></span> 
     </span>
     <span class='ocr_line' id='line_1_4' title="bbox 143 1086 1215 1181; baseline 0.007 -30"><span class='ocrx_word' id='word_1_26' title='bbox 143 1117 158 1152; x_wconf 79' lang='lat' dir='ltr'><strong>ll</strong></span> <span class='ocrx_word' id='word_1_27' title='bbox 187 1087 338 1157; x_wconf 89' lang='lat' dir='ltr'><strong>beatum.</strong></span> <span class='ocrx_word' id='word_1_28' title='bbox 365 1087 516 1179; x_wconf 84' lang='lat' dir='ltr'>Ideoque</span> <span class='ocrx_word' id='word_1_29' title='bbox 541 1107 608 1156; x_wconf 92' lang='lat' dir='ltr'><strong>non</strong></span> <span class='ocrx_word' id='word_1_30' title='bbox 629 1086 765 1157; x_wconf 88' lang='lat' dir='ltr'><strong>dubitat</strong></span> <span class='ocrx_word' id='word_1_31' title='bbox 785 1087 850 1158; x_wconf 92' lang='lat' dir='ltr'><strong>hoc</strong></span> <span class='ocrx_word' id='word_1_32' title='bbox 869 1108 950 1158; x_wconf 91' lang='lat' dir='ltr'><strong>esse</strong></span> <span class='ocrx_word' id='word_1_33' title='bbox 971 1088 1215 1181; x_wconf 89' lang='lat' dir='ltr'><strong>philosophari,</strong></span> 
     </span>
     <span class='ocr_line' id='line_1_5' title="bbox 143 1208 1218 1303; baseline 0.001 -24"><span class='ocrx_word' id='word_1_34' title='bbox 143 1237 157 1270; x_wconf 80' lang='lat' dir='ltr'><strong>r</strong></span> <span class='ocrx_word' id='word_1_35' title='bbox 188 1230 304 1279; x_wconf 88' lang='lat' dir='ltr'><strong>amare</strong></span> <span class='ocrx_word' id='word_1_36' title='bbox 329 1210 462 1289; x_wconf 80' lang='lat' dir='ltr'><strong>Deum3</strong></span> <span class='ocrx_word' id='word_1_37' title='bbox 497 1208 596 1278; x_wconf 91' lang='lat' dir='ltr'><strong>cuius</strong></span> <span class='ocrx_word' id='word_1_38' title='bbox 623 1218 745 1279; x_wconf 91' lang='lat' dir='ltr'><strong>natura</strong></span> <span class='ocrx_word' id='word_1_39' title='bbox 779 1208 824 1278; x_wconf 90' lang='lat' dir='ltr'><strong>sit</strong></span> <span class='ocrx_word' id='word_1_40' title='bbox 854 1208 1098 1303; x_wconf 81' lang='lat' dir='ltr'><strong>incorporalis3</strong></span> <span class='ocrx_word' id='word_1_41' title='bbox 1127 1209 1218 1280; x_wconf 91' lang='lat' dir='ltr'><strong>uude</strong></span> 
     </span>
     <span class='ocr_line' id='line_1_6' title="bbox 146 1330 1218 1424; baseline 0.001 -24"><span class='ocrx_word' id='word_1_42' title='bbox 146 1359 159 1393; x_wconf 75' lang='lat' dir='ltr'><strong>n</strong></span> <span class='ocrx_word' id='word_1_43' title='bbox 187 1332 305 1423; x_wconf 89' lang='lat' dir='ltr'><strong>utique</strong></span> <span class='ocrx_word' id='word_1_44' title='bbox 324 1330 497 1422; x_wconf 85' lang='lat' dir='ltr'>colligitur</span> <span class='ocrx_word' id='word_1_45' title='bbox 517 1340 598 1400; x_wconf 86' lang='lat' dir='ltr'><strong>tuno</strong></span> <span class='ocrx_word' id='word_1_46' title='bbox 614 1331 685 1400; x_wconf 88' lang='lat' dir='ltr'><strong>lore</strong></span> <span class='ocrx_word' id='word_1_47' title='bbox 707 1330 845 1402; x_wconf 87' lang='lat' dir='ltr'><strong>beatum</strong></span> <span class='ocrx_word' id='word_1_48' title='bbox 865 1333 1059 1403; x_wconf 90' lang='lat' dir='ltr'><strong>studiosum</strong></span> <span class='ocrx_word' id='word_1_49' title='bbox 1082 1331 1218 1424; x_wconf 90' lang='lat' dir='ltr'><strong>sapien-</strong></span> 
     </span>
     <span class='ocr_line' id='line_1_7' title="bbox 146 1449 1215 1545; baseline 0.005 -30"><span class='ocrx_word' id='word_1_50' title='bbox 146 1480 160 1515; x_wconf 70' lang='lat'>»</span> <span class='ocrx_word' id='word_1_51' title='bbox 191 1450 247 1522; x_wconf 84' lang='lat' dir='ltr'><strong>tiae</strong></span> <span class='ocrx_word' id='word_1_52' title='bbox 268 1451 315 1545; x_wconf 88' lang='lat' dir='ltr'><strong>(id</strong></span> <span class='ocrx_word' id='word_1_53' title='bbox 342 1450 433 1520; x_wconf 89' lang='lat' dir='ltr'><strong>enim</strong></span> <span class='ocrx_word' id='word_1_54' title='bbox 460 1459 514 1520; x_wconf 91' lang='lat' dir='ltr'><strong>est</strong></span> <span class='ocrx_word' id='word_1_55' title='bbox 541 1449 792 1542; x_wconf 82' lang='lat' dir='ltr'><strong>philosophus),</strong></span> <span class='ocrx_word' id='word_1_56' title='bbox 814 1473 893 1521; x_wconf 87' lang='lat' dir='ltr'><strong>oum</strong></span> <span class='ocrx_word' id='word_1_57' title='bbox 920 1452 987 1521; x_wconf 88' lang='lat' dir='ltr'><strong>lrui</strong></span> <span class='ocrx_word' id='word_1_58' title='bbox 1005 1453 1076 1524; x_wconf 89' lang='lat' dir='ltr'><strong>Deo</strong></span> <span class='ocrx_word' id='word_1_59' title='bbox 1102 1452 1215 1545; x_wconf 84' lang='lat' dir='ltr'><strong>ooepit.</strong></span> 
     </span>
     <span class='ocr_line' id='line_1_8' title="bbox 145 1571 1218 1664; baseline 0.006 -26"><span class='ocrx_word' id='word_1_60' title='bbox 145 1602 161 1638; x_wconf 71' lang='lat' dir='ltr'><strong>l</strong></span> <span class='ocrx_word' id='word_1_61' title='bbox 189 1573 357 1657; x_wconf 87' lang='lat' dir='ltr'><strong>Quamvis</strong></span> <span class='ocrx_word' id='word_1_62' title='bbox 378 1575 469 1643; x_wconf 90' lang='lat' dir='ltr'><strong>enim</strong></span> <span class='ocrx_word' id='word_1_63' title='bbox 488 1593 555 1642; x_wconf 93' lang='lat' dir='ltr'><strong>non</strong></span> <span class='ocrx_word' id='word_1_64' title='bbox 575 1571 737 1642; x_wconf 84' lang='lat' dir='ltr'><strong>continuo</strong></span> <span class='ocrx_word' id='word_1_65' title='bbox 757 1571 879 1642; x_wconf 89' lang='lat' dir='ltr'><strong>beatus</strong></span> <span class='ocrx_word' id='word_1_66' title='bbox 898 1574 943 1642; x_wconf 89' lang='lat' dir='ltr'><strong>sit</strong></span> <span class='ocrx_word' id='word_1_67' title='bbox 957 1572 1017 1664; x_wconf 93' lang='lat' dir='ltr'><strong>qui</strong></span> <span class='ocrx_word' id='word_1_68' title='bbox 1034 1594 1077 1643; x_wconf 92' lang='lat' dir='ltr'><strong>eo</strong></span> <span class='ocrx_word' id='word_1_69' title='bbox 1094 1574 1218 1644; x_wconf 81' lang='lat' dir='ltr'><strong>fruitur</strong></span> 
     </span>
     <span class='ocr_line' id='line_1_9' title="bbox 144 1693 1217 1789; baseline -0.003 -22"><span class='ocrx_word' id='word_1_70' title='bbox 144 1725 160 1760; x_wconf 77' lang='lat' dir='ltr'><strong>r</strong></span> <span class='ocrx_word' id='word_1_71' title='bbox 189 1697 282 1789; x_wconf 93' lang='lat' dir='ltr'><strong>quod</strong></span> <span class='ocrx_word' id='word_1_72' title='bbox 304 1706 398 1767; x_wconf 90' lang='lat' dir='ltr'><strong>amat</strong></span> <span class='ocrx_word' id='word_1_73' title='bbox 415 1693 524 1788; x_wconf 88' lang='lat' dir='ltr'><strong>(multi</strong></span> <span class='ocrx_word' id='word_1_74' title='bbox 545 1693 636 1765; x_wconf 91' lang='lat' dir='ltr'><strong>enim</strong></span> <span class='ocrx_word' id='word_1_75' title='bbox 656 1694 804 1765; x_wconf 91' lang='lat' dir='ltr'><strong>amando</strong></span> <span class='ocrx_word' id='word_1_76' title='bbox 824 1715 963 1786; x_wconf 84' lang='lat' dir='ltr'><strong>eaquae</strong></span> <span class='ocrx_word' id='word_1_77' title='bbox 984 1693 1131 1765; x_wconf 90' lang='lat' dir='ltr'><strong>amanda</strong></span> <span class='ocrx_word' id='word_1_78' title='bbox 1148 1716 1217 1764; x_wconf 92' lang='lat' dir='ltr'><strong>non</strong></span> 
     </span>
     <span class='ocr_line' id='line_1_10' title="bbox 145 1806 1240 1906; baseline 0.005 -25"><span class='ocrx_word' id='word_1_79' title='bbox 145 1848 160 1881; x_wconf 69' lang='lat' dir='ltr'><strong>s</strong></span> <span class='ocrx_word' id='word_1_80' title='bbox 190 1828 279 1901; x_wconf 89' lang='lat' dir='ltr'><strong>sunt,</strong></span> <span class='ocrx_word' id='word_1_81' title='bbox 300 1817 416 1887; x_wconf 92' lang='lat' dir='ltr'><strong>miseri</strong></span> <span class='ocrx_word' id='word_1_82' title='bbox 436 1826 525 1899; x_wconf 65' lang='lat' dir='ltr'><strong>sunt,</strong></span> <span class='ocrx_word' id='word_1_83' title='bbox 544 1824 579 1887; x_wconf 93' lang='lat' dir='ltr'><strong>et</strong></span> <span class='ocrx_word' id='word_1_84' title='bbox 597 1814 794 1886; x_wconf 82' lang='lat' dir='ltr'><strong>miseriores</strong></span> <span class='ocrx_word' id='word_1_85' title='bbox 812 1838 890 1886; x_wconf 89' lang='lat' dir='ltr'><strong>eum</strong></span> <span class='ocrx_word' id='word_1_86' title='bbox 909 1815 1095 1906; x_wconf 79' lang='lat' dir='ltr'><strong>fruuntur),</strong></span> <span class='ocrx_word' id='word_1_87' title='bbox 1116 1806 1240 1886; x_wconf 87' lang='lat' dir='ltr'><strong>nemo¹</strong></span> 
     </span>
     <span class='ocr_line' id='line_1_11' title="bbox 146 1920 1216 2030; baseline 0.003 -26"><span class='ocrx_word' id='word_1_88' title='bbox 146 1971 161 2004; x_wconf 71' lang='lat' dir='ltr'><strong>n</strong></span> <span class='ocrx_word' id='word_1_89' title='bbox 190 1951 309 2010; x_wconf 87' lang='lat' dir='ltr'><strong>tamen</strong></span> <span class='ocrx_word' id='word_1_90' title='bbox 329 1937 518 2020; x_wconf 87' lang='lat' dir='ltr'><strong>beatusest,</strong></span> <span class='ocrx_word' id='word_1_91' title='bbox 534 1938 593 2029; x_wconf 93' lang='lat' dir='ltr'><strong>qui</strong></span> <span class='ocrx_word' id='word_1_92' title='bbox 607 1959 650 2007; x_wconf 89' lang='lat' dir='ltr'><strong>eo</strong></span> <span class='ocrx_word' id='word_1_93' title='bbox 671 1937 765 2030; x_wconf 91' lang='lat' dir='ltr'><strong>quod</strong></span> <span class='ocrx_word' id='word_1_94' title='bbox 783 1920 962 2009; x_wconf 44' lang='lat' dir='ltr'><strong>amat&#39;nou</strong></span> <span class='ocrx_word' id='word_1_95' title='bbox 980 1937 1114 2007; x_wconf 80' lang='lat' dir='ltr'><strong>fruitur.</strong></span> <span class='ocrx_word' id='word_1_96' title='bbox 1130 1937 1216 2008; x_wconf 90' lang='lat' dir='ltr'><strong>Nam</strong></span> 
     </span>
     <span class='ocr_line' id='line_1_12' title="bbox 145 2057 1218 2152; baseline 0.003 -27"><span class='ocrx_word' id='word_1_97' title='bbox 145 2090 160 2125; x_wconf 70' lang='lat' dir='ltr'><strong>i</strong></span> <span class='ocrx_word' id='word_1_98' title='bbox 188 2073 222 2132; x_wconf 90' lang='lat' dir='ltr'><strong>et</strong></span> <span class='ocrx_word' id='word_1_99' title='bbox 247 2060 311 2152; x_wconf 94' lang='lat' dir='ltr'><strong>ipsi</strong></span> <span class='ocrx_word' id='word_1_100' title='bbox 337 2059 396 2152; x_wconf 94' lang='lat' dir='ltr'><strong>qui</strong></span> <span class='ocrx_word' id='word_1_101' title='bbox 424 2079 481 2129; x_wconf 91' lang='lat' dir='ltr'><strong>res</strong></span> <span class='ocrx_word' id='word_1_102' title='bbox 507 2079 574 2129; x_wconf 91' lang='lat' dir='ltr'><strong>uon</strong></span> <span class='ocrx_word' id='word_1_103' title='bbox 601 2057 769 2129; x_wconf 89' lang='lat' dir='ltr'><strong>amandas</strong></span> <span class='ocrx_word' id='word_1_104' title='bbox 791 2068 922 2142; x_wconf 89' lang='lat' dir='ltr'><strong>amant,</strong></span> <span class='ocrx_word' id='word_1_105' title='bbox 946 2081 1012 2129; x_wconf 95' lang='lat' dir='ltr'><strong>non</strong></span> <span class='ocrx_word' id='word_1_106' title='bbox 1037 2080 1075 2129; x_wconf 90' lang='lat' dir='ltr'><strong>se</strong></span> <span class='ocrx_word' id='word_1_107' title='bbox 1097 2057 1218 2128; x_wconf 84' lang='lat' dir='ltr'><strong>beatos</strong></span> 
     </span>
     <span class='ocr_line' id='line_1_13' title="bbox 145 2180 1218 2273; baseline -0.005 -20"><span class='ocrx_word' id='word_1_108' title='bbox 145 2211 160 2245; x_wconf 78' lang='lat' dir='ltr'><strong>r</strong></span> <span class='ocrx_word' id='word_1_109' title='bbox 189 2204 269 2254; x_wconf 89' lang='lat' dir='ltr'><strong>esse</strong></span> <span class='ocrx_word' id='word_1_110' title='bbox 285 2190 404 2273; x_wconf 91' lang='lat' dir='ltr'><strong>putant</strong></span> <span class='ocrx_word' id='word_1_111' title='bbox 416 2180 574 2263; x_wconf 86' lang='lat' dir='ltr'><strong>amando,</strong></span> <span class='ocrx_word' id='word_1_112' title='bbox 592 2180 654 2252; x_wconf 88' lang='lat' dir='ltr'><strong>sed</strong></span> <span class='ocrx_word' id='word_1_113' title='bbox 670 2180 837 2253; x_wconf 81' lang='lat' dir='ltr'><strong>fruendo:</strong></span> <span class='ocrx_word' id='word_1_114' title='bbox 857 2180 1017 2273; x_wconf 90' lang='lat' dir='ltr'><strong>quisquis</strong></span> <span class='ocrx_word' id='word_1_115' title='bbox 1036 2202 1121 2272; x_wconf 82' lang='lat' dir='ltr'><strong>ergo</strong></span> <span class='ocrx_word' id='word_1_116' title='bbox 1135 2180 1218 2251; x_wconf 88' lang='lat' dir='ltr'><strong>lrui-</strong></span> 
     </span>
     <span class='ocr_line' id='line_1_14' title="bbox 146 2301 1217 2395; baseline 0.002 -23"><span class='ocrx_word' id='word_1_117' title='bbox 146 2333 160 2367; x_wconf 79' lang='lat' dir='ltr'><strong>n</strong></span> <span class='ocrx_word' id='word_1_118' title='bbox 191 2313 246 2373; x_wconf 89' lang='lat' dir='ltr'><strong>tur</strong></span> <span class='ocrx_word' id='word_1_119' title='bbox 274 2301 435 2394; x_wconf 90' lang='lat' dir='ltr'><strong>eoquod</strong></span> <span class='ocrx_word' id='word_1_120' title='bbox 461 2314 564 2385; x_wconf 91' lang='lat' dir='ltr'><strong>amat,</strong></span> <span class='ocrx_word' id='word_1_121' title='bbox 599 2324 793 2395; x_wconf 92' lang='lat' dir='ltr'><strong>verumque</strong></span> <span class='ocrx_word' id='word_1_122' title='bbox 822 2314 858 2374; x_wconf 89' lang='lat' dir='ltr'><strong>et</strong></span> <span class='ocrx_word' id='word_1_123' title='bbox 891 2325 1066 2375; x_wconf 91' lang='lat' dir='ltr'><strong>summum</strong></span> <span class='ocrx_word' id='word_1_124' title='bbox 1089 2303 1217 2376; x_wconf 93' lang='lat' dir='ltr'><strong>honum</strong></span> 
     </span>
     <span class='ocr_line' id='line_1_15' title="bbox 145 2423 1218 2518; baseline 0.009 -31"><span class='ocrx_word' id='word_1_125' title='bbox 145 2453 161 2487; x_wconf 81' lang='lat' dir='ltr'><strong>ll</strong></span> <span class='ocrx_word' id='word_1_126' title='bbox 190 2434 290 2507; x_wconf 89' lang='lat' dir='ltr'><strong>amat,</strong></span> <span class='ocrx_word' id='word_1_127' title='bbox 305 2423 383 2516; x_wconf 94' lang='lat' dir='ltr'><strong>quis</strong></span> <span class='ocrx_word' id='word_1_128' title='bbox 396 2445 476 2494; x_wconf 90' lang='lat' dir='ltr'><strong>eurn</strong></span> <span class='ocrx_word' id='word_1_129' title='bbox 490 2423 630 2495; x_wconf 90' lang='lat' dir='ltr'><strong>beatum</strong></span> <span class='ocrx_word' id='word_1_130' title='bbox 646 2424 712 2495; x_wconf 91' lang='lat' dir='ltr'><strong>nisi</strong></span> <span class='ocrx_word' id='word_1_131' title='bbox 729 2425 947 2496; x_wconf 90' lang='lat' dir='ltr'><strong>miserrimus</strong></span> <span class='ocrx_word' id='word_1_132' title='bbox 964 2429 1091 2517; x_wconf 84' lang='lat' dir='ltr'><strong>neget?</strong></span> <span class='ocrx_word' id='word_1_133' title='bbox 1103 2425 1218 2518; x_wconf 89' lang='lat' dir='ltr'><strong>ipsum</strong></span> 
     </span>
     <span class='ocr_line' id='line_1_16' title="bbox 146 2547 1216 2628; baseline 0.004 -17"><span class='ocrx_word' id='word_1_134' title='bbox 146 2576 161 2612; x_wconf 78' lang='lat' dir='ltr'><strong>n</strong></span> <span class='ocrx_word' id='word_1_135' title='bbox 189 2548 314 2618; x_wconf 79' lang='lat' dir='ltr'><strong>autem&#39;</strong></span> <span class='ocrx_word' id='word_1_136' title='bbox 324 2566 447 2617; x_wconf 91' lang='lat' dir='ltr'><strong>verum</strong></span> <span class='ocrx_word' id='word_1_137' title='bbox 468 2556 504 2618; x_wconf 90' lang='lat' dir='ltr'><strong>et</strong></span> <span class='ocrx_word' id='word_1_138' title='bbox 524 2569 697 2618; x_wconf 90' lang='lat' dir='ltr'><strong>summum</strong></span> <span class='ocrx_word' id='word_1_139' title='bbox 720 2547 848 2618; x_wconf 89' lang='lat' dir='ltr'><strong>honum</strong></span> <span class='ocrx_word' id='word_1_140' title='bbox 874 2549 971 2618; x_wconf 89' lang='lat' dir='ltr'><strong>Plato</strong></span> <span class='ocrx_word' id='word_1_141' title='bbox 990 2548 1074 2620; x_wconf 84' lang='lat' dir='ltr'><strong>dicit</strong></span> <span class='ocrx_word' id='word_1_142' title='bbox 1093 2549 1216 2628; x_wconf 86' lang='lat' dir='ltr'><strong>Deum,</strong></span> 
     </span>
     <span class='ocr_line' id='line_1_17' title="bbox 145 2656 1220 2762; baseline 0.001 -27"><span class='ocrx_word' id='word_1_143' title='bbox 145 2701 159 2736; x_wconf 74' lang='lat' dir='ltr'><strong>n</strong></span> <span class='ocrx_word' id='word_1_144' title='bbox 189 2670 281 2742; x_wconf 91' lang='lat' dir='ltr'><strong>unde</strong></span> <span class='ocrx_word' id='word_1_145' title='bbox 302 2673 378 2740; x_wconf 90' lang='lat' dir='ltr'><strong>vult</strong></span> <span class='ocrx_word' id='word_1_146' title='bbox 397 2656 478 2740; x_wconf 80' lang='lat' dir='ltr'><strong>esse</strong></span> <span class='ocrx_word' id='word_1_147' title='bbox 499 2669 737 2762; x_wconf 89' lang='lat' dir='ltr'><strong>philosophum</strong></span> <span class='ocrx_word' id='word_1_148' title='bbox 759 2679 945 2740; x_wconf 84' lang='lat' dir='ltr'><strong>amatorem</strong></span> <span class='ocrx_word' id='word_1_149' title='bbox 968 2670 1041 2750; x_wconf 87' lang='lat' dir='ltr'><strong>Dei,</strong></span> <span class='ocrx_word' id='word_1_150' title='bbox 1072 2666 1108 2739; x_wconf 90' lang='lat' dir='ltr'><strong>ul</strong></span> <span class='ocrx_word' id='word_1_151' title='bbox 1132 2688 1220 2759; x_wconf 92' lang='lat' dir='ltr'><strong>quo·</strong></span> 
     </span>
     <span class='ocr_line' id='line_1_18' title="bbox 148 2791 1219 2886; baseline 0.001 -29"><span class='ocrx_word' id='word_1_152' title='bbox 148 2793 282 2864; x_wconf 79' lang='lat' dir='ltr'><strong>»niam</strong></span> <span class='ocrx_word' id='word_1_153' title='bbox 317 2791 535 2886; x_wconf 80' lang='lat' dir='ltr'><strong>philosophia</strong></span> <span class='ocrx_word' id='word_1_154' title='bbox 565 2791 609 2863; x_wconf 91' lang='lat' dir='ltr'><strong>ad</strong></span> <span class='ocrx_word' id='word_1_155' title='bbox 643 2791 779 2860; x_wconf 84' lang='lat' dir='ltr'><strong>beatam</strong></span> <span class='ocrx_word' id='word_1_156' title='bbox 812 2792 918 2862; x_wconf 89' lang='lat' dir='ltr'><strong>vitam</strong></span> <span class='ocrx_word' id='word_1_157' title='bbox 952 2792 1072 2872; x_wconf 88' lang='lat' dir='ltr'><strong>tendit,</strong></span> <span class='ocrx_word' id='word_1_158' title='bbox 1100 2792 1219 2860; x_wconf 79' lang='lat' dir='ltr'><strong>fruens</strong></span> 
     </span>
     <span class='ocr_line' id='line_1_19' title="bbox 146 2912 1220 3017; baseline 0.007 -40"><span class='ocrx_word' id='word_1_159' title='bbox 146 2942 162 2977; x_wconf 72' lang='lat' dir='ltr'><strong>l</strong></span> <span class='ocrx_word' id='word_1_160' title='bbox 191 2915 262 2985; x_wconf 89' lang='lat' dir='ltr'><strong>Deo</strong></span> <span class='ocrx_word' id='word_1_161' title='bbox 299 2913 499 3017; x_wconf 68' lang='lat' dir='ltr'><strong>sitheatus</strong></span> <span class='ocrx_word' id='word_1_162' title='bbox 531 2912 590 3006; x_wconf 94' lang='lat' dir='ltr'><strong>qui</strong></span> <span class='ocrx_word' id='word_1_163' title='bbox 624 2915 733 2983; x_wconf 87' lang='lat' dir='ltr'><strong>Deum</strong></span> <span class='ocrx_word' id='word_1_164' title='bbox 759 2913 937 2986; x_wconf 84' lang='lat' dir='ltr'><strong>amaverit.</strong></span> <span class='ocrx_word' id='word_1_165' title='bbox 968 2941 984 2976; x_wconf 79' lang='lat' dir='ltr'><strong>r</strong></span> <span class='ocrx_word' id='word_1_166' title='bbox 1020 2914 1102 2983; x_wconf 82' lang='lat' dir='ltr'><strong>llaec</strong></span> <span class='ocrx_word' id='word_1_167' title='bbox 1127 2913 1220 3006; x_wconf 90' lang='lat' dir='ltr'><strong>apud</strong></span> 
     </span>
     <span class='ocr_line' id='line_1_20' title="bbox 142 3034 1218 3125; baseline 0.001 -21"><span class='ocrx_word' id='word_1_168' title='bbox 142 3034 373 3125; x_wconf 78' lang='lat' dir='ltr'><strong>Augustinuur</strong></span> <span class='ocrx_word' id='word_1_169' title='bbox 401 3035 572 3106; x_wconf 89' lang='lat' dir='ltr'><strong>sententia</strong></span> <span class='ocrx_word' id='word_1_170' title='bbox 602 3034 754 3105; x_wconf 88' lang='lat' dir='ltr'><strong>Platonis</strong></span> <span class='ocrx_word' id='word_1_171' title='bbox 776 3035 819 3105; x_wconf 93' lang='lat' dir='ltr'><strong>ad</strong></span> <span class='ocrx_word' id='word_1_172' title='bbox 848 3036 994 3105; x_wconf 88' lang='lat' dir='ltr'><strong>verbum</strong></span> <span class='ocrx_word' id='word_1_173' title='bbox 1022 3037 1128 3106; x_wconf 91' lang='lat' dir='ltr'><strong>relata</strong></span> <span class='ocrx_word' id='word_1_174' title='bbox 1152 3045 1218 3117; x_wconf 87' lang='lat' dir='ltr'><strong>est,</strong></span> 
     </span>
     <span class='ocr_line' id='line_1_21' title="bbox 143 3153 1221 3250; baseline -0.002 -25"><span class='ocrx_word' id='word_1_175' title='bbox 143 3156 200 3247; x_wconf 96' lang='lat' dir='ltr'><strong>qui</strong></span> <span class='ocrx_word' id='word_1_176' title='bbox 228 3178 318 3226; x_wconf 91' lang='lat' dir='ltr'><strong>unus</strong></span> <span class='ocrx_word' id='word_1_177' title='bbox 350 3177 395 3226; x_wconf 84' lang='lat' dir='ltr'><strong>ex</strong></span> <span class='ocrx_word' id='word_1_178' title='bbox 426 3156 520 3226; x_wconf 89' lang='lat' dir='ltr'><strong>omni</strong></span> <span class='ocrx_word' id='word_1_179' title='bbox 556 3155 838 3250; x_wconf 92' lang='lat' dir='ltr'><strong>philosophorum</strong></span> <span class='ocrx_word' id='word_1_180' title='bbox 869 3164 961 3225; x_wconf 88' lang='lat' dir='ltr'><strong>coetu</strong></span> <span class='ocrx_word' id='word_1_181' title='bbox 997 3153 1221 3247; x_wconf 89' lang='lat' dir='ltr'><strong>propinquior</strong></span> 
     </span>
     <span class='ocr_line' id='line_1_22' title="bbox 142 3275 1219 3370; baseline -0.002 -22"><span class='ocrx_word' id='word_1_182' title='bbox 142 3277 287 3349; x_wconf 86' lang='lat' dir='ltr'><strong>accessit</strong></span> <span class='ocrx_word' id='word_1_183' title='bbox 300 3278 344 3350; x_wconf 94' lang='lat' dir='ltr'><strong>ad</strong></span> <span class='ocrx_word' id='word_1_184' title='bbox 357 3299 475 3349; x_wconf 90' lang='lat' dir='ltr'><strong>veram</strong></span> <span class='ocrx_word' id='word_1_185' title='bbox 490 3276 593 3348; x_wconf 87' lang='lat' dir='ltr'><strong>fidem</strong></span> <span class='ocrx_word' id='word_1_186' title='bbox 609 3304 616 3345; x_wconf 93' lang='lat'>:</span> <span class='ocrx_word' id='word_1_187' title='bbox 633 3299 737 3370; x_wconf 87' lang='lat' dir='ltr'><strong>quem</strong></span> <span class='ocrx_word' id='word_1_188' title='bbox 758 3277 791 3345; x_wconf 93' lang='lat' dir='ltr'><strong>in</strong></span> <span class='ocrx_word' id='word_1_189' title='bbox 810 3277 875 3347; x_wconf 89' lang='lat' dir='ltr'><strong>hoo</strong></span> <span class='ocrx_word' id='word_1_190' title='bbox 895 3287 932 3347; x_wconf 94' lang='lat' dir='ltr'><strong>ut</strong></span> <span class='ocrx_word' id='word_1_191' title='bbox 952 3277 983 3344; x_wconf 91' lang='lat' dir='ltr'><strong>in</strong></span> <span class='ocrx_word' id='word_1_192' title='bbox 1006 3275 1082 3346; x_wconf 91' lang='lat' dir='ltr'><strong>aliis</strong></span> <span class='ocrx_word' id='word_1_193' title='bbox 1102 3276 1219 3346; x_wconf 85' lang='lat' dir='ltr'><strong>multis</strong></span> 
     </span>
     <span class='ocr_line' id='line_1_23' title="bbox 142 3398 1218 3493; baseline -0.001 -23"><span class='ocrx_word' id='word_1_194' title='bbox 142 3401 342 3493; x_wconf 85' lang='lat' dir='ltr'><strong>complexus</strong></span> <span class='ocrx_word' id='word_1_195' title='bbox 352 3399 570 3491; x_wconf 83' lang='lat' dir='ltr'><strong>Augustinus</strong></span> <span class='ocrx_word' id='word_1_196' title='bbox 584 3400 707 3472; x_wconf 88' lang='lat' dir='ltr'><strong>eodem</strong></span> <span class='ocrx_word' id='word_1_197' title='bbox 719 3399 821 3469; x_wconf 91' lang='lat' dir='ltr'><strong>libro:</strong></span> <span class='ocrx_word' id='word_1_198' title='bbox 837 3398 1096 3491; x_wconf 72' lang='lat' dir='ltr'><strong>«Philosophiae</strong></span> <span class='ocrx_word' id='word_1_199' title='bbox 1106 3399 1218 3492; x_wconf 91' lang='lat' dir='ltr'><strong>ipsum</strong></span> 
     </span>
     <span class='ocr_line' id='line_1_24' title="bbox 147 3521 1221 3614; baseline 0.002 -23"><span class='ocrx_word' id='word_1_200' title='bbox 147 3549 163 3584; x_wconf 77' lang='lat' dir='ltr'><strong>r</strong></span> <span class='ocrx_word' id='word_1_201' title='bbox 190 3542 325 3605; x_wconf 90' lang='lat' dir='ltr'><strong>nomen,</strong></span> <span class='ocrx_word' id='word_1_202' title='bbox 356 3522 481 3614; x_wconf 90' lang='lat' dir='ltr'><strong>inquit,</strong></span> <span class='ocrx_word' id='word_1_203' title='bbox 507 3523 535 3592; x_wconf 93' lang='lat' dir='ltr'><strong>si</strong></span> <span class='ocrx_word' id='word_1_204' title='bbox 562 3522 666 3592; x_wconf 89' lang='lat' dir='ltr'><strong>latine</strong></span> <span class='ocrx_word' id='word_1_205' title='bbox 693 3521 960 3613; x_wconf 85' lang='lat' dir='ltr'><strong>interpretemur</strong></span> <span class='ocrx_word' id='word_1_206' title='bbox 986 3542 1137 3592; x_wconf 88' lang='lat' dir='ltr'><strong>amorem</strong></span> <span class='ocrx_word' id='word_1_207' title='bbox 1165 3545 1221 3593; x_wconf 89' lang='lat' dir='ltr'><strong>sa-</strong></span> 
     </span>
     <span class='ocr_line' id='line_1_25' title="bbox 148 3642 1222 3737; baseline 0.001 -25"><span class='ocrx_word' id='word_1_208' title='bbox 148 3671 163 3706; x_wconf 80' lang='lat'>»</span> <span class='ocrx_word' id='word_1_209' title='bbox 191 3643 329 3735; x_wconf 86' lang='lat' dir='ltr'><strong>pientiae</strong></span> <span class='ocrx_word' id='word_1_210' title='bbox 357 3642 544 3736; x_wconf 84' lang='lat' dir='ltr'><strong>profitetur.</strong></span> <span class='ocrx_word' id='word_1_211' title='bbox 571 3646 678 3714; x_wconf 89' lang='lat' dir='ltr'><strong>Porro</strong></span> <span class='ocrx_word' id='word_1_212' title='bbox 705 3644 733 3714; x_wconf 91' lang='lat' dir='ltr'><strong>si</strong></span> <span class='ocrx_word' id='word_1_213' title='bbox 762 3644 929 3737; x_wconf 89' lang='lat' dir='ltr'><strong>sapientia</strong></span> <span class='ocrx_word' id='word_1_214' title='bbox 954 3646 1049 3714; x_wconf 87' lang='lat' dir='ltr'><strong>Deus</strong></span> <span class='ocrx_word' id='word_1_215' title='bbox 1070 3652 1136 3725; x_wconf 89' lang='lat' dir='ltr'><strong>est,</strong></span> <span class='ocrx_word' id='word_1_216' title='bbox 1159 3666 1222 3736; x_wconf 89' lang='lat' dir='ltr'><strong>per</strong></span> 
     </span>
     <span class='ocr_line' id='line_1_26' title="bbox 147 3766 1221 3857; baseline -0.001 -22"><span class='ocrx_word' id='word_1_217' title='bbox 147 3794 161 3827; x_wconf 79' lang='lat' dir='ltr'><strong>r</strong></span> <span class='ocrx_word' id='word_1_218' title='bbox 189 3786 293 3857; x_wconf 93' lang='lat' dir='ltr'><strong>quem</strong></span> <span class='ocrx_word' id='word_1_219' title='bbox 315 3766 403 3836; x_wconf 86' lang='lat' dir='ltr'><strong>laeta</strong></span> <span class='ocrx_word' id='word_1_220' title='bbox 424 3775 506 3834; x_wconf 87' lang='lat' dir='ltr'><strong>sunt</strong></span> <span class='ocrx_word' id='word_1_221' title='bbox 525 3767 654 3850; x_wconf 90' lang='lat' dir='ltr'><strong>omnia,</strong></span> <span class='ocrx_word' id='word_1_222' title='bbox 679 3767 768 3838; x_wconf 88' lang='lat' dir='ltr'><strong>sicut</strong></span> <span class='ocrx_word' id='word_1_223' title='bbox 784 3767 901 3837; x_wconf 91' lang='lat' dir='ltr'><strong>diviua</strong></span> <span class='ocrx_word' id='word_1_224' title='bbox 921 3766 1107 3837; x_wconf 87' lang='lat' dir='ltr'><strong>auotoritas</strong></span> <span class='ocrx_word' id='word_1_225' title='bbox 1129 3766 1221 3835; x_wconf 87' lang='lat' dir='ltr'><strong>veri-</strong></span> 
     </span>
     <span class='ocr_line' id='line_1_27' title="bbox 149 3887 1220 3982; baseline 0.004 -30"><span class='ocrx_word' id='word_1_226' title='bbox 149 3913 163 3952; x_wconf 79' lang='lat'><strong>»</strong></span> <span class='ocrx_word' id='word_1_227' title='bbox 192 3897 316 3980; x_wconf 87' lang='lat' dir='ltr'><strong>lasque</strong></span> <span class='ocrx_word' id='word_1_228' title='bbox 350 3887 566 3969; x_wconf 86' lang='lat' dir='ltr'><strong>monstravit,</strong></span> <span class='ocrx_word' id='word_1_229' title='bbox 602 3911 708 3959; x_wconf 89' lang='lat' dir='ltr'><strong>verus</strong></span> <span class='ocrx_word' id='word_1_230' title='bbox 742 3887 969 3982; x_wconf 93' lang='lat' dir='ltr'><strong>philosophus</strong></span> <span class='ocrx_word' id='word_1_231' title='bbox 1000 3896 1055 3957; x_wconf 91' lang='lat' dir='ltr'><strong>est</strong></span> <span class='ocrx_word' id='word_1_232' title='bbox 1088 3897 1220 3957; x_wconf 91' lang='lat' dir='ltr'><strong>amator</strong></span> 
     </span>
     <span class='ocr_line' id='line_1_28' title="bbox 147 4004 1219 4097; baseline -0.004 -17"><span class='ocrx_word' id='word_1_233' title='bbox 147 4037 162 4073; x_wconf 80' lang='lat' dir='ltr'><strong>u</strong></span> <span class='ocrx_word' id='word_1_234' title='bbox 191 4011 261 4080; x_wconf 90' lang='lat' dir='ltr'><strong>Dei.</strong></span> <span class='ocrx_word' id='word_1_235' title='bbox 285 4038 299 4073; x_wconf 86' lang='lat'>»</span> <span class='ocrx_word' id='word_1_236' title='bbox 324 4009 459 4094; x_wconf 88' lang='lat' dir='ltr'><strong>Quibus</strong></span> <span class='ocrx_word' id='word_1_237' title='bbox 477 4008 559 4078; x_wconf 91' lang='lat' dir='ltr'><strong>illud</strong></span> <span class='ocrx_word' id='word_1_238' title='bbox 581 4010 817 4079; x_wconf 88' lang='lat' dir='ltr'><strong>incunctanter</strong></span> <span class='ocrx_word' id='word_1_239' title='bbox 837 4004 1028 4076; x_wconf 89' lang='lat' dir='ltr'><strong>addiderim</strong></span> <span class='ocrx_word' id='word_1_240' title='bbox 1047 4006 1138 4097; x_wconf 93' lang='lat' dir='ltr'><strong>apud</strong></span> <span class='ocrx_word' id='word_1_241' title='bbox 1157 4029 1219 4077; x_wconf 90' lang='lat' dir='ltr'><strong>nos</strong></span> 
     </span>
     <span class='ocr_line' id='line_1_29' title="bbox 142 4129 1220 4226; baseline -0.005 -23"><span class='ocrx_word' id='word_1_242' title='bbox 142 4134 201 4226; x_wconf 92' lang='lat' dir='ltr'><strong>qui</strong></span> <span class='ocrx_word' id='word_1_243' title='bbox 221 4132 375 4225; x_wconf 85' lang='lat' dir='ltr'><strong>quotidie</strong></span> <span class='ocrx_word' id='word_1_244' title='bbox 395 4134 544 4202; x_wconf 87' lang='lat' dir='ltr'><strong>fatemur</strong></span> <span class='ocrx_word' id='word_1_245' title='bbox 564 4129 738 4199; x_wconf 86' lang='lat' dir='ltr'><strong>Christum</strong></span> <span class='ocrx_word' id='word_1_246' title='bbox 766 4129 874 4197; x_wconf 87' lang='lat' dir='ltr'><strong>Deum</strong></span> <span class='ocrx_word' id='word_1_247' title='bbox 902 4136 1070 4210; x_wconf 85' lang='lat' dir='ltr'><strong>nostrum,</strong></span> <span class='ocrx_word' id='word_1_248' title='bbox 1098 4149 1220 4198; x_wconf 87' lang='lat' dir='ltr'><strong>conse-</strong></span> 
     </span>
     <span class='ocr_line' id='line_1_30' title="bbox 140 4247 1217 4346; baseline -0.008 -21"><span class='ocrx_word' id='word_1_249' title='bbox 140 4264 288 4346; x_wconf 88' lang='lat' dir='ltr'><strong>quenter</strong></span> <span class='ocrx_word' id='word_1_250' title='bbox 327 4253 566 4342; x_wconf 81' lang='lat' dir='ltr'><strong>veraciterque</strong></span> <span class='ocrx_word' id='word_1_251' title='bbox 607 4248 762 4321; x_wconf 87' lang='lat' dir='ltr'><strong>concludi</strong></span> <span class='ocrx_word' id='word_1_252' title='bbox 805 4268 927 4317; x_wconf 90' lang='lat' dir='ltr'><strong>verum</strong></span> <span class='ocrx_word' id='word_1_253' title='bbox 975 4247 1217 4341; x_wconf 92' lang='lat' dir='ltr'><strong>philosophum</strong></span> 
     </span>
     <span class='ocr_line' id='line_1_31' title="bbox 141 4367 1220 4452; baseline -0.008 -10"><span class='ocrx_word' id='word_1_254' title='bbox 141 4374 278 4444; x_wconf 92' lang='lat' dir='ltr'><strong>nonnisi</strong></span> <span class='ocrx_word' id='word_1_255' title='bbox 304 4393 426 4443; x_wconf 87' lang='lat' dir='ltr'><strong>verum</strong></span> <span class='ocrx_word' id='word_1_256' title='bbox 453 4393 533 4442; x_wconf 92' lang='lat' dir='ltr'><strong>esse</strong></span> <span class='ocrx_word' id='word_1_257' title='bbox 560 4369 797 4441; x_wconf 88' lang='lat' dir='ltr'><strong>christianum.</strong></span> <span class='ocrx_word' id='word_1_258' title='bbox 824 4367 913 4452; x_wconf 86' lang='lat' dir='ltr'><strong>Quid</strong></span> <span class='ocrx_word' id='word_1_259' title='bbox 941 4390 1025 4440; x_wconf 91' lang='lat' dir='ltr'><strong>vero</strong></span> <span class='ocrx_word' id='word_1_260' title='bbox 1050 4370 1132 4439; x_wconf 90' lang='lat' dir='ltr'><strong>mihi</strong></span> <span class='ocrx_word' id='word_1_261' title='bbox 1160 4369 1220 4435; x_wconf 91' lang='lat' dir='ltr'><strong>tri-</strong></span> 
     </span>
     <span class='ocr_line' id='line_1_32' title="bbox 143 4491 1216 4583; baseline -0.009 -21"><span class='ocrx_word' id='word_1_262' title='bbox 143 4492 240 4565; x_wconf 86' lang='lat' dir='ltr'><strong>huo‘l</strong></span> <span class='ocrx_word' id='word_1_263' title='bbox 267 4493 348 4564; x_wconf 91' lang='lat' dir='ltr'><strong>nihil</strong></span> <span class='ocrx_word' id='word_1_264' title='bbox 374 4504 429 4564; x_wconf 85' lang='lat' dir='ltr'><strong>est</strong></span> <span class='ocrx_word' id='word_1_265' title='bbox 454 4493 609 4563; x_wconf 88' lang='lat' dir='ltr'><strong>additum</strong></span> <span class='ocrx_word' id='word_1_266' title='bbox 636 4513 656 4560; x_wconf 91' lang='lat' dir='ltr'><strong>a</strong></span> <span class='ocrx_word' id='word_1_267' title='bbox 680 4512 735 4561; x_wconf 90' lang='lat' dir='ltr'><strong>me</strong></span> <span class='ocrx_word' id='word_1_268' title='bbox 766 4499 891 4583; x_wconf 86' lang='lat' dir='ltr'><strong>praeter</strong></span> <span class='ocrx_word' id='word_1_269' title='bbox 921 4491 1047 4561; x_wconf 88' lang='lat' dir='ltr'><strong>Christi</strong></span> <span class='ocrx_word' id='word_1_270' title='bbox 1081 4507 1216 4557; x_wconf 87' lang='lat' dir='ltr'><strong>nomon.</strong></span> 
     </span>
    </p>
   </div>
   <div class='ocr_carea' id='block_1_3' title="bbox 0 0 1376 5062">
    <p class='ocr_par' dir='ltr' id='par_1_3' title="bbox 0 0 1376 5062">
     <span class='ocr_line' id='line_1_33' title="bbox 0 0 1376 5062; baseline 0 0"><span class='ocrx_word' id='word_1_271' title='bbox 0 0 1376 5062; x_wconf 95' lang='lat' dir='ltr'><strong> </strong></span> 
     </span>
    </p>
   </div>
  </div>
 </body>
</html>
