2738 5062
427 740 521 789 arnna
542 740 913 825 nouus-amsancti.
1181 732 1201 793 3

127 896 231 976 atque
247 881 370 954 affecto
386 882 465 953 licet
484 882 519 953 in
543 904 696 978 corpore,
713 904 820 955 sanus
844 885 1015 981 apparuit,
1043 887 1201 980 intraque

124 1010 284 1081 dotorum
305 1029 445 1079 morsus
462 1019 497 1079 et
517 1007 552 1079 in
572 1009 648 1101 ipsa
665 1021 782 1093 morte,
805 1012 936 1080 clarum
952 1011 1050 1083 dedit
1062 1011 1201 1106 experi-

125 1142 280 1203 mentum
301 1152 405 1225 posse
424 1130 616 1202 felicitatem
638 1130 673 1200 in
693 1131 748 1202 his
769 1131 855 1225 ipsis
873 1154 952 1224 quae
971 1134 1122 1206 miseriae
1139 1156 1201 1206 vo-

124 1264 247 1327 cantur
272 1254 438 1338 existere,
473 1275 663 1347 veramque
693 1255 796 1325 animi
829 1254 993 1327 virtutem
1025 1258 1201 1350 corporeis

125 1376 347 1472 passionibus
367 1377 619 1448 inconcussam.
640 1378 696 1450 Ad
708 1388 904 1449 extremum
918 1379 1115 1451 memineris
1127 1381 1202 1451 ani-

126 1499 174 1570 mi
199 1499 356 1571 habitum
388 1500 434 1571 ad
464 1508 648 1593 utramque
681 1511 814 1592 partem
846 1499 983 1592 corpori
1014 1500 1201 1593 plurimum

124 1624 284 1691 conterre
301 1620 453 1705 solitum,
480 1633 516 1691 ct
533 1643 615 1692 osse
634 1621 704 1713 qui,
727 1643 828 1692 suum
842 1643 902 1692 cur
913 1623 1104 1692 clanculum
1118 1644 1203 1694 exa·

124 1743 260 1826 dentes,
278 1741 393 1813 aetatis
407 1742 511 1813 iustae
524 1753 662 1836 tempus
675 1743 891 1835 abrumpant,
905 1764 975 1835 qua
988 1744 1079 1814 nulla
1093 1743 1203 1815 maior

125 1864 261 1937 insania
281 1864 365 1958 fingi
383 1875 501 1959 queat3
522 1866 680 1960 assequi
705 1867 852 1937 honesto
884 1866 1013 1957 gaudio
1038 1865 1201 1939 florentes

125 2009 234 2059 annos
256 1999 451 2083 prorogent,
486 2000 632 2061 mortem
661 2011 702 2060 ac
734 1988 870 2059 senium
903 1988 1118 2073 differentes,
1145 1990 1202 2060 illa

124 2134 273 2204 quoque,
287 2134 366 2183 cum
381 2121 516 2183 naturae
535 2115 610 2203 lege
625 2112 855 2205 pervenerint,
869 2111 947 2182 forti
959 2111 1074 2182 auimo
1087 2113 1200 2184 laturi.

125 2237 254 2307 Horum
275 2236 420 2308 consitio
441 2246 480 2306 ut
498 2236 645 2307 accedas
672 2236 792 2317 velim3
813 2235 948 2328 depone
968 2234 1123 2307 inutilem
1139 2236 1202 2307 do-

125 2359 248 2442 lorem,
268 2361 358 2452 pelle
377 2381 481 2431 curas
503 2380 750 2451 supervacuas
772 2359 908 2430 discute
927 2358 1116 2430 damnosas
1129 2360 1204 2431 ani·

127 2480 175 2548 mi
196 2479 350 2551 nebulas.
370 2482 415 2551 Et
431 2480 475 2551 ad
496 2500 675 2564 summam,
698 2477 867 2572 quidquid
885 2479 1008 2572 premit
1021 2488 1081 2550 aut
1107 2489 1202 2552 tran-

124 2601 325 2693 quittr'tatem
349 2602 466 2673 turbat
485 2601 634 2687 abiicito‚
658 2601 741 2672 utile
754 2600 885 2672 bomini
898 2599 989 2671 inter
1000 2601 1202 2675 vitaebuius

124 2727 293 2818 procellas
313 2736 349 2797 ot
370 2725 404 2796 in
424 2724 492 2798 boc
511 2725 616 2797 axilio
637 2747 732 2818 saepe
751 2722 1022 2797 famosissimum
1049 2723 1202 2816 virgilia-

124 2869 208 2918 num
228 2848 312 2921 ittnd
331 2851 548 2923 exclamans:

299 3018 412 3082 Durate
427 3025 457 3083 et
475 3025 595 3082 vosmet
611 3019 705 3081 rebus
721 3024 841 3082 serrata
857 3015 1004 3079 secundis.

123 3174 214 3247 Vive
232 3184 269 3246 et
287 3176 378 3261 vate,
399 3175 510 3248 nostri
530 3197 672 3247 memor.

264 3331 305 3389 111
320 3331 383 3389 Kal.
399 3333 526 3404 Augusti.

547 3675 725 3742 EPISTOLA
744 3676 777 3741 ll.

284 3833 478 3885 rnrucrscus
499 3832 667 3882 rarnanca
687 3832 822 3883 socnam
842 3832 901 3885 suo
923 3834 949 3884 s.
972 3835 1000 3884 r.
1022 3836 1052 3883 n.

124 3956 167 4011 De
190 3956 310 4028 plurium
332 3958 485 4013 arnicorum
508 3973 623 4012 suorum
645 3960 734 4012 morta
757 3957 954 4030 conqueritur:
987 3960 1015 4011 et
1046 3955 1198 4025 Socratem,

232 4043 266 4099 de
287 4045 367 4100 cuius
394 4045 498 4118 origine
519 4050 547 4100 et
560 4043 684 4101 moribus
701 4045 790 4100 multa
808 4049 1020 4113 commemorat,
1039 4043 1069 4098 in
1092 4043 1200 4098 ltaliam

232 4135 355 4190 arcessit.

223 4309 271 4380 Te
306 4310 517 4406 compressis
555 4309 739 4404 aliquando
771 4307 959 4400 gemitibus
999 4305 1199 4399 sedatisque

121 4435 286 4529 suspiriis
303 4447 407 4529 atque
426 4437 530 4509 animi
552 4436 761 4521 turbinibus,
784 4436 928 4509 infracta
960 4458 1047 4508 vore
1080 4434 1200 4507 siccis-

119 4580 193 4653 que
211 4560 323 4633 ocutis
344 4562 509 4655 atloquor.
528 4559 584 4631 Sic
599 4581 655 4631 me
670 4557 792 4632 audies
812 4558 914 4653 quasi
927 4558 1098 4632 hominem
1113 4576 1199 4626 nau·
