2738 5062
461 731 554 781 ciana
576 733 688 783 nouus.
703 731 903 781 -nrlsroun
925 731 967 781 lx.
1189 723 1228 783 33

563 1003 739 1069 uuisioni
759 1008 805 1069 lll.

297 1194 497 1249 Fatuclscus
519 1194 687 1244 PETRARCA
709 1193 845 1243 soculrl
866 1193 924 1243 SUO
947 1194 973 1243 S.
994 1195 1022 1244 P.
1045 1197 1074 1245 Ι).

252 1387 395 1444 Amicitias
408 1403 468 1442 esse
481 1386 738 1458 communicandas,
754 1404 874 1460 quarum
887 1390 1009 1462 pretium
1023 1391 1118 1461 eliert,

392 1473 461 1530 dum
475 1474 616 1529 Socratem
629 1474 658 1530 in
673 1475 757 1532 unius
770 1482 879 1548 partem
891 1483 979 1533 vocat.

246 1722 321 1813 Non
347 1742 425 1791 sum
452 1721 600 1801 amicus,
629 1721 695 1792 nisi
721 1723 972 1817 pretiosissima
997 1747 1148 1818 qumque
1176 1735 1226 1796 te-

140 1866 223 1915 cum
259 1843 401 1936 partior.
427 1843 518 1913 Nihil
540 1853 656 1915 autem
683 1843 870 1939 pretiosius
895 1846 1016 1918 amico.
1046 1848 1121 1918 Non
1147 1870 1225 1920 snm

142 1963 276 2036 amiens
296 1985 394 2055 ergo,
421 1964 488 2034 nisi
509 1963 638 2056 partior
663 1964 822 2037 amicum.
849 1965 960 2037 Vetus
981 1976 1038 2038 est
1055 1968 1224 2039 verbum:

142 2086 334 2156 amicornm
355 2086 647 2158 communicasse
660 2085 786 2156 omnia.
805 2087 979 2170 Quantula
996 2097 1114 2159 autern
1128 2098 1224 2174 sunt,

144 2229 224 2303 quae
249 2208 413 2279 videntur
432 2206 601 2290 maxima,
628 2206 757 2299 quibus
782 2211 910 2302 vulgus
931 2208 1051 2293 inhiat,
1077 2232 1223 2294 aurum,

145 2340 341 2422 argentum,
368 2331 528 2413 monilia,
555 2330 662 2414 anuli,
690 2332 845 2417 armillae,
862 2331 991 2424 signa,
1019 2343 1222 2416 toreumata,

147 2474 235 2523 vasa
251 2452 425 2537 corinthia,
440 2454 615 2543 fulgentes
632 2474 790 2543 gemmae,
810 2455 1072 2527 rotundissimae
1087 2478 1225 2547 marga-

146 2574 230 2658 ritae,
252 2594 405 2646 marmor
424 2574 576 2656 niveum,
598 2576 771 2666 sculptum
793 2575 893 2660 ebur,
914 2577 1010 2648 vivae
1030 2599 1071 2648 ac
1092 2576 1225 2669 spiran-

144 2705 199 2768 tes
232 2704 373 2779 statuae,
400 2695 577 2767 radiantes
600 2717 779 2791 purpurae,
806 2708 1001 2790 caeleraque
1028 2696 1063 2767 id
1093 2716 1221 2788 genus,

143 2819 218 2891 loex
238 2841 280 2890 ac
300 2827 532 2913 purgamenta
552 2828 736 2902 terrarum,
757 2820 815 2888 vel
833 2819 1099 2910 fuliginosorum
1116 2818 1224 2889 decus

144 2937 327 3011 artificum.
359 2936 505 3011 Amicus
531 2940 706 3029 singulare
732 2938 907 3031 quoddam
927 2948 963 3010 et
982 2936 1225 3008 inaestimabile

144 3060 274 3131 bonum
295 3071 363 3144 est,
383 3062 480 3154 quod
503 3083 572 3132 non
597 3062 711 3130 lerant
730 3059 838 3142 venti,
859 3081 928 3130 non
947 3069 1048 3130 urant
1072 3058 1222 3151 pruinae,

143 3205 214 3255 non
233 3185 394 3275 frangant
414 3184 590 3277 procella,
614 3182 690 3266 sed,
712 3192 750 3253 ut
769 3203 894 3276 purum
915 3201 1052 3264 aurum,
1075 3179 1225 3251 flammae

141 3305 291 3397 probent
309 3307 594 3401 persecutionum
619 3326 661 3377 ac
686 3305 853 3377 laborum.
874 3306 1010 3375 Bonum
1036 3301 1130 3395 quod
1155 3323 1223 3375 non

143 3426 448 3522 superficietenus
465 3429 626 3515 delectet,
647 3438 685 3500 ut
701 3427 857 3522 plurima,
878 3426 942 3499 sed
962 3425 998 3497 in
1018 3425 1131 3520 ipsum
1150 3425 1224 3495 ani-

143 3570 236 3621 mum
257 3549 441 3621 dulcedine
467 3571 530 3621 sua
551 3557 721 3644 penetret,
748 3560 784 3620 et
808 3549 960 3641 quodam
986 3549 1089 3620 modo
1114 3548 1224 3619 nostri

143 3693 224 3766 pars
236 3671 306 3745 liat.
321 3673 423 3758 Quod
440 3673 624 3746 intendens
638 3676 790 3759 Flaccus,
808 3673 935 3744 animae
949 3693 1024 3743 suaa
1041 3669 1223 3742 dimidium

143 3793 323 3886 Virgilium
343 3796 444 3867 dixit.
463 3799 508 3869 llt
527 3797 621 3890 apud
640 3798 819 3868 Lucanum
836 3796 983 3867 uxorius
1004 3795 1060 3865 ille
1078 3792 1153 3864 dux
1170 3792 1224 3864 di·

144 3915 264 3997 lectam
297 3916 480 4009 coniugem
505 3927 639 4012 partem
673 3919 729 3990 sui
762 3917 928 4012 optimam
954 3915 1128 4009 appellare
1154 3934 1222 3984 non

143 4038 295 4123 erubuit,
338 4038 406 4110 elsi
443 4041 579 4112 mollius
614 4043 763 4115 tortasse
794 4061 901 4133 quam
935 4045 1069 4108 tantum
1106 4035 1223 4106 decuit

141 4159 269 4231 virum.

236 4282 293 4354 Ad
309 4283 460 4356 amicum
480 4285 600 4372 rodco,
622 4285 723 4356 cuius
742 4283 771 4354 si
789 4281 879 4353 idom
898 4282 990 4352 velle
1006 4288 1111 4374 atquc
1131 4280 1220 4351 idem

141 4406 230 4475 nolle
251 4398 450 4498 requiritur,
472 4417 512 4479 ut
525 4408 570 4477 sit
585 4405 747 4480 amicitiae
768 4425 891 4476 verum
910 4425 1045 4489 nomen,
1063 4401 1144 4495 quis
1156 4401 1222 4472 du-

142 4523 227 4598 bitet
245 4549 267 4599 e
287 4528 426 4601 duobus
445 4552 551 4600 unum
570 4526 660 4613 fieri,
681 4533 775 4597 tanta
793 4525 977 4599 eoncordia
989 4527 1219 4610 voluntatum,

265 4658 291 4696 u.
1051 4642 1067 4689 3
