2738 5062
140 615 180 677 90
480 627 521 676 us
541 626 641 677 nunus
662 626 883 677 susurramus

140 765 260 846 refert,
275 771 331 833 est
342 760 388 833 ab
400 761 584 842 altitudine
597 760 762 834 theoricae
780 760 825 832 ad
841 759 983 854 prutioae
1002 758 1216 848 exercitium,

140 896 177 958 et
196 908 216 957 e
235 906 407 957 converso
427 907 490 979 pro
510 883 679 957 varietate
691 883 875 956 affectuum
889 885 1021 955 alterna
1033 881 1218 975 digressio.

141 1007 234 1078 Fons
253 1011 311 1102 qui
324 1007 459 1080 canenti
474 1005 613 1100 plaudit,
632 1016 687 1079 est
705 1008 940 1080 studiosorum
953 1005 1092 1078 chorus.
1112 1006 1219 1078 dren-

142 1142 188 1202 tes
207 1141 326 1215 canter,
348 1129 478 1213 idiotae,
503 1130 539 1200 in
557 1129 701 1222 quibus,
728 1130 830 1225 quasi
856 1130 952 1202 Echo
977 1127 1014 1198 iu
1040 1128 1217 1215 cautibus,

142 1255 247 1327 nudae
265 1252 364 1326 vocis
383 1231 439 1325 est
455 1274 542 1325 usus
561 1261 598 1323 et
616 1273 812 1324 consonans
838 1250 913 1324 sine
933 1249 1143 1325 discretione
1165 1273 1222 1325 re-

143 1375 294 1472 sponsio.
316 1376 470 1470 Nimplroe
488 1375 566 1446 deae
594 1375 752 1460 sontium,
786 1385 868 1447 sunt
895 1373 1015 1447 diviua
1046 1373 1222 1448 studioso·

146 1523 222 1573 rum
244 1500 422 1572 hominum
443 1499 589 1591 ingenia.
612 1498 728 1569 Limen
754 1499 844 1570 intra
867 1497 962 1591 quod
982 1497 1130 1569 Silvium
1149 1498 1223 1570 Mo-

144 1621 241 1693 nicus
272 1620 410 1705 invitat,
446 1619 745 1692 Carthasieusium
779 1620 867 1693 ordo
888 1629 975 1704 estp
988 1640 1094 1712 quem
1118 1640 1223 1691 nemo

143 1756 238 1817 certe
256 1745 438 1838 deceptus,
461 1749 503 1816 ut¹
524 1744 621 1815 multi
646 1766 694 1815 ex
717 1742 794 1814 aliis
820 1742 1015 1827 ordinibus,
1038 1762 1144 1813 nemo
1169 1741 1224 1812 in-

145 1877 213 1939 trat
231 1867 373 1939 invitus.
392 1868 513 1940 Pastor
532 1867 633 1939 cuius
653 1875 793 1938 cantum
814 1863 970 1936 Monicus
991 1867 1133 1957 praefert
1153 1866 1224 1937 llo·

144 2011 241 2061 mero
259 1990 485 2082 Virgilioque
508 1998 564 2060 est
583 1989 657 2082 ipse
677 1988 800 2074 David,
828 1987 885 2058 cui
904 1986 1042 2082 proprie
1057 1987 1225 2059 convenit

147 2113 292 2184 verbum
304 2115 448 2205 psallere
460 2122 598 2206 propter
615 2115 775 2207 psalmos,
795 2134 897 2185 suum
910 2133 1010 2207 opus.
1030 2110 1143 2184 Medio
1161 2135 1225 2185 au·

148 2244 217 2305 tem
250 2246 351 2319 nocte,
385 2245 525 2330 propter
550 2236 751 2308 matutinam
780 2234 1023 2330 psalmodiam,
1054 2255 1137 2329 quae
1167 2238 1226 2308 illo

147 2357 341 2452 praeserlim
361 2367 516 2451 tempore
540 2358 575 2428 in
599 2359 756 2430 ecclesiis
781 2359 910 2431 vestris
934 2357 1083 2430 auditur.
1111 2359 1226 2432 Fluvii

148 2482 219 2554 duo
245 2502 311 2549 uno
331 2478 370 2550 de
389 2487 488 2574 sonte,
510 2502 657 2572 quorum
683 2481 961 2574 primoquidem
987 2479 1144 2552 lllouieus
1169 2503 1226 2553 er-

148 2625 228 2677 rore
259 2603 442 2697 decipitur,
475 2613 556 2675 sunt
587 2603 698 2695 Tigris
730 2614 764 2675 et
781 2603 989 2697 Euphrates,
1011 2604 1082 2675 noti
1103 2625 1225 2678 amnes

148 2726 332 2800 Armeniae.
355 2727 500 2798 Fluvios
519 2734 636 2799 autem
657 2747 749 2797 unus
764 2728 894 2819 pomino
913 2725 952 2796 de
976 2730 1082 2817 sonte,
1105 2727 1227 2799 lorda-

149 2874 212 2923 nes
232 2862 288 2924 est
307 2851 450 2924 ludaeae:
471 2851 565 2945 quod
587 2850 684 2922 multi
701 2850 821 2923 dicunt
838 2861 1007 2931 auctores,
1027 2850 1118 2921 inter
1137 2840 1226 2945 quos

149 2974 379 3070 Hieronymus
400 2975 535 3047 illarum
557 2975 703 3067 partium
734 2975 878 3047 sedulus
902 2981 938 3042 et
963 2971 1149 3045 diuturnus
1175 2973 1228 3044 iu·
1266 2978 1269 2984 ’

149 3100 233 3170 oola.
254 3099 401 3170 Nomina
421 3099 565 3169 sontium
587 3098 642 3167 lor
661 3108 696 3167 et
715 3099 802 3181 Dan,
825 3094 991 3189 equibus
1013 3095 1169 3169 lordanis
1191 3106 1229 3169 ut

150 3220 278 3292 llumen
301 3220 350 3290 sic
370 3220 485 3312 ipsum
506 3239 633 3288 nomeu
653 3218 814 3302 efficitur,
833 3218 893 3311 qui
911 3219 1052 3312 quidem
1069 3219 1105 3290 in
1130 3239 1228 3290 mare

152 3343 379 3414 Sodomorum
408 3343 516 3413 fertur
543 3340 768 3426 descendere,
802 3341 863 3414 ubi
894 3342 1052 3415 cinereus
1085 3364 1227 3438 campos

151 3473 294 3559 propter
309 3463 465 3535 incendia
485 3464 664 3537 civitatum
684 3487 763 3538 esse
783 3478 953 3539 narratur.
976 3468 1014 3537 ln
1035 3466 1102 3538 hoo
1126 3488 1228 3539 amne

153 3587 311 3658 Christus
333 3610 353 3659 a
373 3587 527 3659 iohanne
551 3609 615 3682 per
640 3588 851 3680 baptismum
877 3592 968 3662 lotus
994 3599 1227 3672 memoratur;

148 3733 236 3802 puer
252 3709 345 3782 enim
366 3710 422 3781 ille
444 3708 589 3803 hispidus
606 3720 662 3782 est
683 3711 853 3784 lohannes
875 3714 1039 3807 Baptista,
1060 3735 1157 3809 puer,
1176 3713 1228 3784 in-

154 3856 268 3926 quam,
293 3833 401 3925 virgo,
420 3856 538 3928 puruS,
558 3834 738 3918 innocens,
757 3835 932 3929 hispiduS,
952 3837 1119 3922 incultus,
1142 3835 1229 3908 hirci

154 3955 317 4046 tegmine,
339 3954 478 4050 impexo
502 3956 645 4050 capillo,
673 3958 757 4029 facie
779 3958 910 4030 solibus
944 3960 1078 4032 adusta.
1106 3957 1228 4053 Apollo

155 4089 270 4149 autem
291 4077 382 4151 filius
407 4079 501 4152 lovis
526 4080 652 4153 dicitur
676 4081 805 4175 ingenii
829 4083 929 4168 deus,
957 4106 1020 4180 per
1043 4106 1148 4177 quem
1179 4086 1231 4157 le·

156 4220 234 4270 surn
254 4200 429 4275 Christum
450 4205 593 4315 acpipio,
616 4207 726 4277 Deum
746 4228 870 4278 verum
892 4206 953 4277 Dei
975 4205 1097 4291 filium,
1112 4207 1228 4291 deum,

156 4320 311 4415 inquam,
333 4325 462 4418 ingenii
482 4349 523 4398 ac
543 4329 733 4422 sapientire.
755 4329 936 4414 Quoniam,
958 4338 997 4400 ut
1012 4331 1105 4422 apud
1133 4330 1232 4402 theo-

158 4446 256 4537 logos
273 4458 390 4519 notum
411 4459 478 4535 est,
497 4452 585 4522 inter
602 4452 765 4524 attributa
783 4473 1009 4544 personarum
1027 4473 1177 4526 summae
1197 4464 1232 4524 et
