<?xml version="1.0" encoding="UTF-8"?>
<!DOCTYPE html PUBLIC "-//W3C//DTD XHTML 1.0 Transitional//EN"
    "http://www.w3.org/TR/xhtml1/DTD/xhtml1-transitional.dtd">
<html xmlns="http://www.w3.org/1999/xhtml" xml:lang="en" lang="en">
 <head>
  <title>
</title>
<meta http-equiv="Content-Type" content="text/html;charset=utf-8" />
  <meta name='ocr-system' content='tesseract 3.04.00' />
  <meta name='ocr-capabilities' content='ocr_page ocr_carea ocr_par ocr_line ocrx_word'/>
</head>
<body>
  <div class='ocr_page' id='page_1' title='image "./epistolaederebu02fracgoog_0224.png"; bbox 0 0 2738 5062; ppageno 0'>
   <div class='ocr_carea' id='block_1_1' title="bbox 368 592 1236 671">
    <p class='ocr_par' dir='ltr' id='par_1_1' title="bbox 368 592 1236 671">
     <span class='ocr_line' id='line_1_1' title="bbox 368 592 1236 671; baseline 0.007 -26"><span class='ocrx_word' id='word_1_1' title='bbox 368 597 459 646; x_wconf 73' lang='lat' dir='ltr'>lunen</span> <span class='ocrx_word' id='word_1_2' title='bbox 481 596 764 671; x_wconf 68' lang='lat' dir='ltr'>escluesrenrlus</span> <span class='ocrx_word' id='word_1_3' title='bbox 776 616 816 631; x_wconf 93' lang='grc'>···</span> <span class='ocrx_word' id='word_1_4' title='bbox 826 600 977 649; x_wconf 74' lang='lat' dir='ltr'>u&#39;l‘lsuuul</span> <span class='ocrx_word' id='word_1_5' title='bbox 999 602 1029 649; x_wconf 92' lang='lat' dir='ltr'>ll.</span> <span class='ocrx_word' id='word_1_6' title='bbox 1178 592 1236 654; x_wconf 70' lang='lat' dir='ltr'>:lbt&#39;t</span> 
     </span>
    </p>
   </div>
   <div class='ocr_carea' id='block_1_2' title="bbox 584 907 812 973">
    <p class='ocr_par' dir='ltr' id='par_1_2' title="bbox 584 907 812 973">
     <span class='ocr_line' id='line_1_2' title="bbox 584 907 812 973; baseline 0.004 -3"><span class='ocrx_word' id='word_1_7' title='bbox 584 907 760 972; x_wconf 76' lang='lat' dir='ltr'>erlslols</span> <span class='ocrx_word' id='word_1_8' title='bbox 781 910 812 973; x_wconf 93' lang='lat' dir='ltr'>ll.</span> 
     </span>
    </p>
   </div>
   <div class='ocr_carea' id='block_1_3' title="bbox 236 1101 1157 1158">
    <p class='ocr_par' dir='ltr' id='par_1_3' title="bbox 236 1101 1157 1158">
     <span class='ocr_line' id='line_1_3' title="bbox 236 1101 1157 1158; baseline 0.008 -7"><span class='ocrx_word' id='word_1_9' title='bbox 236 1101 433 1153; x_wconf 70' lang='lat' dir='ltr'>amclscus</span> <span class='ocrx_word' id='word_1_10' title='bbox 451 1104 617 1153; x_wconf 57' lang='lat' dir='ltr'>inritantia</span> <span class='ocrx_word' id='word_1_11' title='bbox 638 1103 807 1155; x_wconf 70' lang='lat' dir='ltr'>barsabee</span> <span class='ocrx_word' id='word_1_12' title='bbox 829 1106 1007 1158; x_wconf 69' lang='lat' dir='ltr'>vertudensi</span> <span class='ocrx_word' id='word_1_13' title='bbox 1028 1111 1054 1156; x_wconf 84' lang='lat' dir='ltr'>S.</span> <span class='ocrx_word' id='word_1_14' title='bbox 1076 1110 1103 1157; x_wconf 81' lang='lat'>1¹.</span> <span class='ocrx_word' id='word_1_15' title='bbox 1128 1111 1157 1158; x_wconf 82' lang='lat' dir='ltr'>b.</span> 
     </span>
    </p>
   </div>
   <div class='ocr_carea' id='block_1_4' title="bbox 279 1266 1101 1415">
    <p class='ocr_par' dir='ltr' id='par_1_4' title="bbox 279 1266 1101 1415">
     <span class='ocr_line' id='line_1_4' title="bbox 279 1266 1101 1330; baseline 0.006 -8"><span class='ocrx_word' id='word_1_16' title='bbox 279 1266 464 1322; x_wconf 78' lang='lat' dir='ltr'>Commendat</span> <span class='ocrx_word' id='word_1_17' title='bbox 479 1266 679 1323; x_wconf 81' lang='lat' dir='ltr'>adolescentem</span> <span class='ocrx_word' id='word_1_18' title='bbox 693 1286 775 1324; x_wconf 81' lang='lat' dir='ltr'>suum</span> <span class='ocrx_word' id='word_1_19' title='bbox 791 1271 958 1328; x_wconf 79' lang='lat' dir='ltr'>Veronensis</span> <span class='ocrx_word' id='word_1_20' title='bbox 973 1273 1101 1330; x_wconf 75' lang='lat' dir='ltr'>Ecclesia</span> 
     </span>
     <span class='ocr_line' id='line_1_5' title="bbox 499 1358 879 1415; baseline 0.008 -5"><span class='ocrx_word' id='word_1_21' title='bbox 499 1358 659 1412; x_wconf 77' lang='lat' dir='ltr'>ornatricem</span> <span class='ocrx_word' id='word_1_22' title='bbox 680 1360 879 1415; x_wconf 87' lang='lat' dir='ltr'>renunciatum.</span> 
     </span>
    </p>
   </div>
   <div class='ocr_carea' id='block_1_5' title="bbox 156 1602 1231 2437">
    <p class='ocr_par' dir='ltr' id='par_1_5' title="bbox 156 1602 1231 2437">
     <span class='ocr_line' id='line_1_6' title="bbox 251 1602 1231 1697; baseline 0.006 -24"><span class='ocrx_word' id='word_1_23' title='bbox 251 1602 468 1674; x_wconf 80' lang='lat' dir='ltr'><strong>Adolescens</strong></span> <span class='ocrx_word' id='word_1_24' title='bbox 504 1625 608 1696; x_wconf 88' lang='lat' dir='ltr'>quem</span> <span class='ocrx_word' id='word_1_25' title='bbox 641 1602 686 1675; x_wconf 92' lang='lat' dir='ltr'>ad</span> <span class='ocrx_word' id='word_1_26' title='bbox 725 1617 757 1675; x_wconf 87' lang='lat' dir='ltr'>te</span> <span class='ocrx_word' id='word_1_27' title='bbox 792 1605 884 1689; x_wconf 80' lang='lat' dir='ltr'>misi,</span> <span class='ocrx_word' id='word_1_28' title='bbox 924 1629 1027 1697; x_wconf 90' lang='lat' dir='ltr'>quam</span> <span class='ocrx_word' id='word_1_29' title='bbox 1068 1609 1150 1678; x_wconf 87' lang='lat' dir='ltr'>mibi</span> <span class='ocrx_word' id='word_1_30' title='bbox 1187 1612 1231 1680; x_wconf 88' lang='lat' dir='ltr'>sit</span> 
     </span>
     <span class='ocr_line' id='line_1_7' title="bbox 165 1724 1224 1819; baseline 0.006 -26"><span class='ocrx_word' id='word_1_31' title='bbox 165 1726 290 1798; x_wconf 87' lang='lat' dir='ltr'>iunctus</span> <span class='ocrx_word' id='word_1_32' title='bbox 311 1724 482 1815; x_wconf 81' lang='lat' dir='ltr'>sanguine</span> <span class='ocrx_word' id='word_1_33' title='bbox 502 1735 584 1819; x_wconf 89' lang='lat' dir='ltr'>puto</span> <span class='ocrx_word' id='word_1_34' title='bbox 607 1724 664 1796; x_wconf 87' lang='lat' dir='ltr'>tibi</span> <span class='ocrx_word' id='word_1_35' title='bbox 687 1747 753 1796; x_wconf 93' lang='lat' dir='ltr'>nou</span> <span class='ocrx_word' id='word_1_36' title='bbox 775 1727 944 1817; x_wconf 82' lang='lat' dir='ltr'>ignotum,</span> <span class='ocrx_word' id='word_1_37' title='bbox 969 1728 1034 1798; x_wconf 91' lang='lat' dir='ltr'>nisi</span> <span class='ocrx_word' id='word_1_38' title='bbox 1060 1732 1146 1799; x_wconf 87' lang='lat' dir='ltr'>sorte</span> <span class='ocrx_word' id='word_1_39' title='bbox 1168 1752 1224 1801; x_wconf 84' lang='lat' dir='ltr'>su-</span> 
     </span>
     <span class='ocr_line' id='line_1_8' title="bbox 163 1846 1230 1943; baseline 0.002 -24"><span class='ocrx_word' id='word_1_40' title='bbox 163 1846 258 1919; x_wconf 84' lang='lat' dir='ltr'>bitum</span> <span class='ocrx_word' id='word_1_41' title='bbox 282 1846 361 1918; x_wconf 89' lang='lat' dir='ltr'>eins</span> <span class='ocrx_word' id='word_1_42' title='bbox 386 1847 651 1931; x_wconf 84' lang='lat' dir='ltr'>incrementum,</span> <span class='ocrx_word' id='word_1_43' title='bbox 674 1846 767 1939; x_wconf 92' lang='lat' dir='ltr'>quod</span> <span class='ocrx_word' id='word_1_44' title='bbox 788 1847 820 1917; x_wconf 91' lang='lat' dir='ltr'>in</span> <span class='ocrx_word' id='word_1_45' title='bbox 843 1858 946 1919; x_wconf 70' lang='lat' dir='ltr'>aetate</span> <span class='ocrx_word' id='word_1_46' title='bbox 969 1870 1031 1920; x_wconf 92' lang='lat' dir='ltr'>sua</span> <span class='ocrx_word' id='word_1_47' title='bbox 1053 1871 1147 1943; x_wconf 87' lang='lat' dir='ltr'>saepe</span> <span class='ocrx_word' id='word_1_48' title='bbox 1172 1872 1230 1921; x_wconf 90' lang='lat' dir='ltr'>ac-</span> 
     </span>
     <span class='ocr_line' id='line_1_9' title="bbox 160 1967 1228 2063; baseline 0.003 -22"><span class='ocrx_word' id='word_1_49' title='bbox 160 1970 244 2057; x_wconf 89' lang='lat' dir='ltr'>cidit,</span> <span class='ocrx_word' id='word_1_50' title='bbox 267 1968 330 2042; x_wconf 91' lang='lat' dir='ltr'>tibi</span> <span class='ocrx_word' id='word_1_51' title='bbox 351 1967 510 2063; x_wconf 89' lang='lat' dir='ltr'>discipuli</span> <span class='ocrx_word' id='word_1_52' title='bbox 532 1969 580 2038; x_wconf 90' lang='lat' dir='ltr'>tui</span> <span class='ocrx_word' id='word_1_53' title='bbox 602 1968 755 2039; x_wconf 85' lang='lat' dir='ltr'>notitiam</span> <span class='ocrx_word' id='word_1_54' title='bbox 775 1969 968 2041; x_wconf 83' lang='lat' dir='ltr'>abstulerit.</span> <span class='ocrx_word' id='word_1_55' title='bbox 991 1971 1089 2042; x_wconf 85' lang='lat' dir='ltr'>Hunc</span> <span class='ocrx_word' id='word_1_56' title='bbox 1116 1971 1145 2043; x_wconf 85' lang='lat' dir='ltr'>si</span> <span class='ocrx_word' id='word_1_57' title='bbox 1167 1996 1228 2044; x_wconf 92' lang='lat' dir='ltr'>uo·</span> 
     </span>
     <span class='ocr_line' id='line_1_10' title="bbox 160 2092 1226 2190; baseline 0.003 -25"><span class='ocrx_word' id='word_1_58' title='bbox 160 2095 205 2181; x_wconf 83' lang='lat' dir='ltr'>sti,</span> <span class='ocrx_word' id='word_1_59' title='bbox 233 2116 279 2166; x_wconf 93' lang='lat' dir='ltr'>ne</span> <span class='ocrx_word' id='word_1_60' title='bbox 310 2092 392 2164; x_wconf 91' lang='lat' dir='ltr'>illud</span> <span class='ocrx_word' id='word_1_61' title='bbox 416 2092 572 2184; x_wconf 90' lang='lat' dir='ltr'>quidem,</span> <span class='ocrx_word' id='word_1_62' title='bbox 594 2114 698 2186; x_wconf 90' lang='lat' dir='ltr'>quam</span> <span class='ocrx_word' id='word_1_63' title='bbox 722 2093 805 2164; x_wconf 90' lang='lat' dir='ltr'>mibi</span> <span class='ocrx_word' id='word_1_64' title='bbox 832 2094 877 2165; x_wconf 88' lang='lat' dir='ltr'>sit</span> <span class='ocrx_word' id='word_1_65' title='bbox 897 2116 1013 2176; x_wconf 87' lang='lat' dir='ltr'>carus,</span> <span class='ocrx_word' id='word_1_66' title='bbox 1036 2106 1097 2166; x_wconf 91' lang='lat' dir='ltr'>aut</span> <span class='ocrx_word' id='word_1_67' title='bbox 1121 2118 1226 2190; x_wconf 89' lang='lat' dir='ltr'>quam</span> 
     </span>
     <span class='ocr_line' id='line_1_11' title="bbox 158 2213 1226 2311; baseline 0.003 -21"><span class='ocrx_word' id='word_1_68' title='bbox 158 2214 279 2290; x_wconf 89' lang='lat' dir='ltr'>bouum</span> <span class='ocrx_word' id='word_1_69' title='bbox 301 2213 376 2286; x_wconf 84' lang='lat' dir='ltr'>lieri</span> <span class='ocrx_word' id='word_1_70' title='bbox 396 2214 548 2308; x_wconf 88' lang='lat' dir='ltr'>cupiam,</span> <span class='ocrx_word' id='word_1_71' title='bbox 571 2215 720 2306; x_wconf 78' lang='lat' dir='ltr'>ignoras.</span> <span class='ocrx_word' id='word_1_72' title='bbox 746 2217 778 2288; x_wconf 90' lang='lat' dir='ltr'>ls</span> <span class='ocrx_word' id='word_1_73' title='bbox 798 2218 937 2311; x_wconf 90' lang='lat' dir='ltr'>quidem</span> <span class='ocrx_word' id='word_1_74' title='bbox 965 2241 985 2291; x_wconf 92' lang='lat' dir='ltr'>a</span> <span class='ocrx_word' id='word_1_75' title='bbox 1006 2220 1133 2292; x_wconf 88' lang='lat' dir='ltr'>scholis</span> <span class='ocrx_word' id='word_1_76' title='bbox 1159 2222 1226 2293; x_wconf 86' lang='lat' dir='ltr'>tuis</span> 
     </span>
     <span class='ocr_line' id='line_1_12' title="bbox 156 2336 1224 2437; baseline 0.005 -24"><span class='ocrx_word' id='word_1_77' title='bbox 156 2340 216 2413; x_wconf 88' lang='lat' dir='ltr'>lato</span> <span class='ocrx_word' id='word_1_78' title='bbox 242 2360 311 2412; x_wconf 92' lang='lat' dir='ltr'>suo</span> <span class='ocrx_word' id='word_1_79' title='bbox 333 2349 430 2409; x_wconf 89' lang='lat' dir='ltr'>tener</span> <span class='ocrx_word' id='word_1_80' title='bbox 455 2336 641 2409; x_wconf 87' lang='lat' dir='ltr'>admodum</span> <span class='ocrx_word' id='word_1_81' title='bbox 675 2338 889 2427; x_wconf 56' lang='lat' dir='ltr'>abstractus</span> <span class='ocrx_word' id='word_1_82' title='bbox 925 2343 1018 2437; x_wconf 90' lang='lat' dir='ltr'>apud</span> <span class='ocrx_word' id='word_1_83' title='bbox 1049 2343 1224 2418; x_wconf 89' lang='lat' dir='ltr'>Gibertum</span> 
     </span>
    </p>
   </div>
   <div class='ocr_carea' id='block_1_6' title="bbox 140 2454 1227 4518">
    <p class='ocr_par' dir='ltr' id='par_1_6' title="bbox 140 2454 1227 4518">
     <span class='ocr_line' id='line_1_13' title="bbox 156 2454 1224 2553; baseline 0.004 -23"><span class='ocrx_word' id='word_1_84' title='bbox 156 2454 373 2530; x_wconf 87' lang='lat' dir='ltr'>Parmensem</span> <span class='ocrx_word' id='word_1_85' title='bbox 395 2477 463 2525; x_wconf 93' lang='lat' dir='ltr'>non</span> <span class='ocrx_word' id='word_1_86' title='bbox 482 2454 668 2547; x_wconf 79' lang='lat' dir='ltr'>ignobilem</span> <span class='ocrx_word' id='word_1_87' title='bbox 689 2459 950 2548; x_wconf 82' lang='lat' dir='ltr'>grammaticum</span> <span class='ocrx_word' id='word_1_88' title='bbox 972 2461 1224 2553; x_wconf 86' lang='lat' dir='ltr'>aliquantulum</span> 
     </span>
     <span class='ocr_line' id='line_1_14' title="bbox 156 2578 1226 2677; baseline 0.003 -26"><span class='ocrx_word' id='word_1_89' title='bbox 156 2578 315 2674; x_wconf 84' lang='lat' dir='ltr'>temporis</span> <span class='ocrx_word' id='word_1_90' title='bbox 339 2578 469 2670; x_wconf 78' lang='lat' dir='ltr'>exegit.</span> <span class='ocrx_word' id='word_1_91' title='bbox 506 2579 660 2670; x_wconf 83' lang='lat' dir='ltr'>Ingenio,</span> <span class='ocrx_word' id='word_1_92' title='bbox 680 2589 719 2649; x_wconf 88' lang='lat' dir='ltr'>ut</span> <span class='ocrx_word' id='word_1_93' title='bbox 749 2581 920 2674; x_wconf 90' lang='lat' dir='ltr'>suspicor,</span> <span class='ocrx_word' id='word_1_94' title='bbox 943 2604 1011 2653; x_wconf 90' lang='lat' dir='ltr'>non</span> <span class='ocrx_word' id='word_1_95' title='bbox 1035 2586 1137 2667; x_wconf 89' lang='lat' dir='ltr'>malo,</span> <span class='ocrx_word' id='word_1_96' title='bbox 1162 2586 1226 2677; x_wconf 79' lang='lat' dir='ltr'>(iu-</span> 
     </span>
     <span class='ocr_line' id='line_1_15' title="bbox 155 2700 1222 2796; baseline 0.001 -22"><span class='ocrx_word' id='word_1_97' title='bbox 155 2701 265 2775; x_wconf 87' lang='lat' dir='ltr'>dicare</span> <span class='ocrx_word' id='word_1_98' title='bbox 296 2700 391 2772; x_wconf 91' lang='lat' dir='ltr'>enim</span> <span class='ocrx_word' id='word_1_99' title='bbox 422 2701 569 2793; x_wconf 84' lang='lat' dir='ltr'>nequeo)</span> <span class='ocrx_word' id='word_1_100' title='bbox 604 2701 651 2772; x_wconf 85' lang='lat' dir='ltr'>ita</span> <span class='ocrx_word' id='word_1_101' title='bbox 677 2700 752 2770; x_wconf 87' lang='lat' dir='ltr'>sive</span> <span class='ocrx_word' id='word_1_102' title='bbox 777 2704 896 2771; x_wconf 83' lang='lat' dir='ltr'>vultus</span> <span class='ocrx_word' id='word_1_103' title='bbox 927 2703 993 2774; x_wconf 90' lang='lat' dir='ltr'>mei</span> <span class='ocrx_word' id='word_1_104' title='bbox 1023 2708 1222 2796; x_wconf 70' lang='lat' dir='ltr'>prasentia,</span> 
     </span>
     <span class='ocr_line' id='line_1_16' title="bbox 156 2821 1225 2917; baseline 0.003 -22"><span class='ocrx_word' id='word_1_105' title='bbox 156 2825 232 2897; x_wconf 80' lang='lat' dir='ltr'>sive</span> <span class='ocrx_word' id='word_1_106' title='bbox 242 2822 451 2917; x_wconf 79' lang='lat' dir='ltr'>ignorantiae</span> <span class='ocrx_word' id='word_1_107' title='bbox 472 2842 547 2894; x_wconf 84' lang='lat' dir='ltr'>suae</span> <span class='ocrx_word' id='word_1_108' title='bbox 568 2821 778 2893; x_wconf 83' lang='lat' dir='ltr'>conscientia</span> <span class='ocrx_word' id='word_1_109' title='bbox 799 2822 971 2907; x_wconf 84' lang='lat' dir='ltr'>turbatur,</span> <span class='ocrx_word' id='word_1_110' title='bbox 994 2835 1032 2896; x_wconf 90' lang='lat' dir='ltr'>ut</span> <span class='ocrx_word' id='word_1_111' title='bbox 1053 2824 1120 2896; x_wconf 90' lang='lat' dir='ltr'>sub</span> <span class='ocrx_word' id='word_1_112' title='bbox 1144 2848 1225 2898; x_wconf 91' lang='lat' dir='ltr'>oeu-</span> 
     </span>
     <span class='ocr_line' id='line_1_17' title="bbox 155 2944 1227 3038; baseline 0.006 -22"><span class='ocrx_word' id='word_1_113' title='bbox 155 2946 189 3021; x_wconf 92' lang='lat' dir='ltr'>lis</span> <span class='ocrx_word' id='word_1_114' title='bbox 207 2946 301 3019; x_wconf 92' lang='lat' dir='ltr'>meis</span> <span class='ocrx_word' id='word_1_115' title='bbox 319 2966 457 3038; x_wconf 85' lang='lat' dir='ltr'>semper</span> <span class='ocrx_word' id='word_1_116' title='bbox 473 2944 684 3016; x_wconf 87' lang='lat' dir='ltr'>obstinatum</span> <span class='ocrx_word' id='word_1_117' title='bbox 703 2953 818 3016; x_wconf 82' lang='lat' dir='ltr'>teneat</span> <span class='ocrx_word' id='word_1_118' title='bbox 835 2945 1020 3017; x_wconf 88' lang='lat' dir='ltr'>silentium.</span> <span class='ocrx_word' id='word_1_119' title='bbox 1040 2949 1151 3020; x_wconf 93' lang='lat' dir='ltr'>Unum</span> <span class='ocrx_word' id='word_1_120' title='bbox 1171 2961 1227 3022; x_wconf 86' lang='lat' dir='ltr'>est</span> 
     </span>
     <span class='ocr_line' id='line_1_18' title="bbox 154 3068 1224 3166; baseline 0.003 -27"><span class='ocrx_word' id='word_1_121' title='bbox 154 3070 181 3141; x_wconf 92' lang='lat' dir='ltr'>in</span> <span class='ocrx_word' id='word_1_122' title='bbox 203 3093 279 3166; x_wconf 86' lang='lat' dir='ltr'>quo</span> <span class='ocrx_word' id='word_1_123' title='bbox 310 3091 368 3140; x_wconf 88' lang='lat' dir='ltr'>mc</span> <span class='ocrx_word' id='word_1_124' title='bbox 400 3092 468 3140; x_wconf 90' lang='lat' dir='ltr'>nou</span> <span class='ocrx_word' id='word_1_125' title='bbox 498 3069 627 3162; x_wconf 82' lang='lat' dir='ltr'>patitur</span> <span class='ocrx_word' id='word_1_126' title='bbox 646 3088 775 3139; x_wconf 88' lang='lat' dir='ltr'>errare.</span> <span class='ocrx_word' id='word_1_127' title='bbox 797 3068 978 3140; x_wconf 88' lang='lat' dir='ltr'>Hominem</span> <span class='ocrx_word' id='word_1_128' title='bbox 1001 3072 1132 3142; x_wconf 92' lang='lat' dir='ltr'>nullum</span> <span class='ocrx_word' id='word_1_129' title='bbox 1152 3071 1224 3143; x_wconf 87' lang='lat' dir='ltr'>vidi</span> 
     </span>
     <span class='ocr_line' id='line_1_19' title="bbox 154 3192 1223 3289; baseline -0.005 -21"><span class='ocrx_word' id='word_1_130' title='bbox 154 3196 259 3289; x_wconf 78' lang='lat' dir='ltr'>nugis</span> <span class='ocrx_word' id='word_1_131' title='bbox 280 3194 440 3267; x_wconf 85' lang='lat' dir='ltr'>alitteris</span> <span class='ocrx_word' id='word_1_132' title='bbox 457 3192 714 3277; x_wconf 65' lang='lat' dir='ltr'>abhorrentem</span> <span class='ocrx_word' id='word_1_133' title='bbox 736 3192 909 3264; x_wconf 90' lang='lat' dir='ltr'>neminem</span> <span class='ocrx_word' id='word_1_134' title='bbox 927 3193 999 3265; x_wconf 88' lang='lat' dir='ltr'>odit</span> <span class='ocrx_word' id='word_1_135' title='bbox 1017 3205 1078 3266; x_wconf 89' lang='lat' dir='ltr'>aut</span> <span class='ocrx_word' id='word_1_136' title='bbox 1094 3194 1223 3279; x_wconf 72' lang='lat' dir='ltr'>metuit</span> 
     </span>
     <span class='ocr_line' id='line_1_20' title="bbox 151 3312 1224 3413; baseline 0 -21"><span class='ocrx_word' id='word_1_137' title='bbox 151 3328 275 3413; x_wconf 78' lang='lat' dir='ltr'>proeter</span> <span class='ocrx_word' id='word_1_138' title='bbox 294 3318 437 3390; x_wconf 91' lang='lat' dir='ltr'>librum:</span> <span class='ocrx_word' id='word_1_139' title='bbox 459 3318 553 3390; x_wconf 91' lang='lat' dir='ltr'>illum</span> <span class='ocrx_word' id='word_1_140' title='bbox 574 3319 712 3392; x_wconf 86' lang='lat' dir='ltr'>unicum</span> <span class='ocrx_word' id='word_1_141' title='bbox 734 3318 870 3390; x_wconf 84' lang='lat' dir='ltr'>hostem</span> <span class='ocrx_word' id='word_1_142' title='bbox 897 3312 1020 3392; x_wconf 86' lang='lat' dir='ltr'>habet.¹</span> <span class='ocrx_word' id='word_1_143' title='bbox 1039 3322 1142 3404; x_wconf 86' lang='lat' dir='ltr'>blale,</span> <span class='ocrx_word' id='word_1_144' title='bbox 1171 3322 1224 3392; x_wconf 90' lang='lat' dir='ltr'>in-</span> 
     </span>
     <span class='ocr_line' id='line_1_21' title="bbox 151 3440 1222 3538; baseline 0.002 -24"><span class='ocrx_word' id='word_1_145' title='bbox 151 3444 266 3537; x_wconf 85' lang='lat' dir='ltr'>quies,</span> <span class='ocrx_word' id='word_1_146' title='bbox 290 3441 457 3535; x_wconf 83' lang='lat' dir='ltr'>incepisti.</span> <span class='ocrx_word' id='word_1_147' title='bbox 482 3440 585 3525; x_wconf 84' lang='lat' dir='ltr'>Male,</span> <span class='ocrx_word' id='word_1_148' title='bbox 607 3441 763 3533; x_wconf 89' lang='lat' dir='ltr'>inquam,</span> <span class='ocrx_word' id='word_1_149' title='bbox 787 3442 849 3515; x_wconf 89' lang='lat' dir='ltr'>sed</span> <span class='ocrx_word' id='word_1_150' title='bbox 870 3464 969 3514; x_wconf 86' lang='lat' dir='ltr'>vere:</span> <span class='ocrx_word' id='word_1_151' title='bbox 990 3466 1103 3538; x_wconf 87' lang='lat' dir='ltr'>neque</span> <span class='ocrx_word' id='word_1_152' title='bbox 1132 3446 1222 3516; x_wconf 91' lang='lat' dir='ltr'>enim</span> 
     </span>
     <span class='ocr_line' id='line_1_22' title="bbox 148 3561 1225 3660; baseline 0.003 -23"><span class='ocrx_word' id='word_1_153' title='bbox 148 3561 325 3639; x_wconf 89' lang='lat' dir='ltr'>beroieum</span> <span class='ocrx_word' id='word_1_154' title='bbox 345 3586 486 3637; x_wconf 87' lang='lat' dir='ltr'>carmen</span> <span class='ocrx_word' id='word_1_155' title='bbox 506 3563 539 3634; x_wconf 92' lang='lat' dir='ltr'>iu</span> <span class='ocrx_word' id='word_1_156' title='bbox 562 3562 723 3635; x_wconf 88' lang='lat' dir='ltr'>manibus</span> <span class='ocrx_word' id='word_1_157' title='bbox 747 3575 811 3637; x_wconf 86' lang='lat' dir='ltr'>est.</span> <span class='ocrx_word' id='word_1_158' title='bbox 838 3566 914 3639; x_wconf 91' lang='lat' dir='ltr'>Non</span> <span class='ocrx_word' id='word_1_159' title='bbox 938 3566 1120 3660; x_wconf 77' lang='lat' dir='ltr'>egregium</span> <span class='ocrx_word' id='word_1_160' title='bbox 1141 3569 1225 3640; x_wconf 93' lang='lat' dir='ltr'>ado-</span> 
     </span>
     <span class='ocr_line' id='line_1_23' title="bbox 143 3685 1223 3773; baseline -0.001 -11"><span class='ocrx_word' id='word_1_161' title='bbox 143 3685 333 3762; x_wconf 84' lang='lat' dir='ltr'>lescentem</span> <span class='ocrx_word' id='word_1_162' title='bbox 355 3686 555 3760; x_wconf 85' lang='lat' dir='ltr'>describere</span> <span class='ocrx_word' id='word_1_163' title='bbox 574 3698 630 3759; x_wconf 88' lang='lat' dir='ltr'>ost</span> <span class='ocrx_word' id='word_1_164' title='bbox 649 3688 795 3773; x_wconf 89' lang='lat' dir='ltr'>animus,</span> <span class='ocrx_word' id='word_1_165' title='bbox 816 3689 880 3762; x_wconf 91' lang='lat' dir='ltr'>sed</span> <span class='ocrx_word' id='word_1_166' title='bbox 900 3699 1067 3761; x_wconf 85' lang='lat' dir='ltr'>nostrum.</span> <span class='ocrx_word' id='word_1_167' title='bbox 1088 3692 1223 3761; x_wconf 70' lang='lat' dir='ltr'>Parmae</span> 
     </span>
     <span class='ocr_line' id='line_1_24' title="bbox 142 3811 1224 3906; baseline 0.001 -21"><span class='ocrx_word' id='word_1_168' title='bbox 142 3832 182 3887; x_wconf 86' lang='lat' dir='ltr'>ao</span> <span class='ocrx_word' id='word_1_169' title='bbox 210 3815 360 3884; x_wconf 85' lang='lat' dir='ltr'>llemuae</span> <span class='ocrx_word' id='word_1_170' title='bbox 392 3820 427 3882; x_wconf 87' lang='lat' dir='ltr'>et</span> <span class='ocrx_word' id='word_1_171' title='bbox 460 3811 633 3883; x_wconf 86' lang='lat' dir='ltr'>interdum</span> <span class='ocrx_word' id='word_1_172' title='bbox 657 3812 787 3884; x_wconf 87' lang='lat' dir='ltr'>Patavii</span> <span class='ocrx_word' id='word_1_173' title='bbox 812 3816 902 3884; x_wconf 88' lang='lat' dir='ltr'>altus</span> <span class='ocrx_word' id='word_1_174' title='bbox 929 3822 994 3883; x_wconf 86' lang='lat' dir='ltr'>cst.</span> <span class='ocrx_word' id='word_1_175' title='bbox 1029 3815 1128 3906; x_wconf 86' lang='lat' dir='ltr'>Saepo</span> <span class='ocrx_word' id='word_1_176' title='bbox 1157 3835 1224 3905; x_wconf 80' lang='lat' dir='ltr'>ego</span> 
     </span>
     <span class='ocr_line' id='line_1_25' title="bbox 141 3934 1222 4009; baseline -0.003 -1"><span class='ocrx_word' id='word_1_177' title='bbox 141 3952 264 4009; x_wconf 80' lang='lat' dir='ltr'>seeum</span> <span class='ocrx_word' id='word_1_178' title='bbox 290 3934 496 4006; x_wconf 88' lang='lat' dir='ltr'>mordaciter</span> <span class='ocrx_word' id='word_1_179' title='bbox 519 3934 624 4006; x_wconf 88' lang='lat' dir='ltr'>iocari</span> <span class='ocrx_word' id='word_1_180' title='bbox 659 3938 765 4006; x_wconf 92' lang='lat' dir='ltr'>soleo:</span> <span class='ocrx_word' id='word_1_181' title='bbox 787 3935 869 4006; x_wconf 87' lang='lat' dir='ltr'>vide</span> <span class='ocrx_word' id='word_1_182' title='bbox 901 3956 944 4005; x_wconf 88' lang='lat' dir='ltr'>ue</span> <span class='ocrx_word' id='word_1_183' title='bbox 976 3936 1099 4004; x_wconf 88' lang='lat' dir='ltr'>lamam</span> <span class='ocrx_word' id='word_1_184' title='bbox 1124 3957 1222 4007; x_wconf 89' lang='lat' dir='ltr'>suam</span> 
     </span>
     <span class='ocr_line' id='line_1_26' title="bbox 140 4053 1223 4148; baseline 0 -21"><span class='ocrx_word' id='word_1_185' title='bbox 140 4053 290 4148; x_wconf 81' lang='lat' dir='ltr'>Virgilio</span> <span class='ocrx_word' id='word_1_186' title='bbox 311 4055 438 4148; x_wconf 88' lang='lat' dir='ltr'>eripias</span> <span class='ocrx_word' id='word_1_187' title='bbox 459 4054 573 4127; x_wconf 89' lang='lat' dir='ltr'>vicino</span> <span class='ocrx_word' id='word_1_188' title='bbox 595 4066 664 4127; x_wconf 90' lang='lat' dir='ltr'>tuo.</span> <span class='ocrx_word' id='word_1_189' title='bbox 697 4056 755 4125; x_wconf 91' lang='lat' dir='ltr'>llle</span> <span class='ocrx_word' id='word_1_190' title='bbox 772 4065 886 4126; x_wconf 91' lang='lat' dir='ltr'>autem</span> <span class='ocrx_word' id='word_1_191' title='bbox 903 4055 1024 4126; x_wconf 92' lang='lat' dir='ltr'>oculos</span> <span class='ocrx_word' id='word_1_192' title='bbox 1042 4054 1076 4124; x_wconf 93' lang='lat' dir='ltr'>in</span> <span class='ocrx_word' id='word_1_193' title='bbox 1095 4065 1223 4127; x_wconf 90' lang='lat' dir='ltr'>terram</span> 
     </span>
     <span class='ocr_line' id='line_1_27' title="bbox 140 4176 1224 4272; baseline -0.003 -19"><span class='ocrx_word' id='word_1_194' title='bbox 140 4178 311 4253; x_wconf 88' lang='lat' dir='ltr'>deiiciens</span> <span class='ocrx_word' id='word_1_195' title='bbox 334 4177 447 4249; x_wconf 91' lang='lat' dir='ltr'>subito</span> <span class='ocrx_word' id='word_1_196' title='bbox 469 4178 594 4251; x_wconf 86' lang='lat' dir='ltr'>rubore</span> <span class='ocrx_word' id='word_1_197' title='bbox 621 4176 851 4272; x_wconf 80' lang='lat' dir='ltr'>perfunditur:</span> <span class='ocrx_word' id='word_1_198' title='bbox 873 4176 939 4250; x_wconf 91' lang='lat' dir='ltr'>hoc</span> <span class='ocrx_word' id='word_1_199' title='bbox 965 4178 1087 4249; x_wconf 89' lang='lat' dir='ltr'>saltem</span> <span class='ocrx_word' id='word_1_200' title='bbox 1116 4179 1224 4250; x_wconf 91' lang='lat' dir='ltr'>simu·</span> 
     </span>
     <span class='ocr_line' id='line_1_28' title="bbox 142 4299 1222 4393; baseline -0.001 -22"><span class='ocrx_word' id='word_1_201' title='bbox 142 4299 217 4374; x_wconf 87' lang='lat' dir='ltr'>lare</span> <span class='ocrx_word' id='word_1_202' title='bbox 238 4321 307 4371; x_wconf 88' lang='lat' dir='ltr'>non</span> <span class='ocrx_word' id='word_1_203' title='bbox 329 4308 454 4393; x_wconf 86' lang='lat' dir='ltr'>potest.</span> <span class='ocrx_word' id='word_1_204' title='bbox 477 4302 549 4371; x_wconf 87' lang='lat' dir='ltr'>Una</span> <span class='ocrx_word' id='word_1_205' title='bbox 577 4299 680 4387; x_wconf 78' lang='lat' dir='ltr'>igitur</span> <span class='ocrx_word' id='word_1_206' title='bbox 708 4320 786 4392; x_wconf 78' lang='lat' dir='ltr'>spes</span> <span class='ocrx_word' id='word_1_207' title='bbox 812 4310 879 4369; x_wconf 84' lang='lat' dir='ltr'>est:</span> <span class='ocrx_word' id='word_1_208' title='bbox 902 4301 1222 4372; x_wconf 86' lang='lat' dir='ltr'>verecundissimus</span> 
     </span>
     <span class='ocr_line' id='line_1_29' title="bbox 147 4423 1223 4518; baseline -0.003 -22"><span class='ocrx_word' id='word_1_209' title='bbox 147 4425 298 4508; x_wconf 85' lang='lat' dir='ltr'>videtur,</span> <span class='ocrx_word' id='word_1_210' title='bbox 321 4434 355 4496; x_wconf 89' lang='lat' dir='ltr'>et</span> <span class='ocrx_word' id='word_1_211' title='bbox 375 4423 490 4495; x_wconf 89' lang='lat' dir='ltr'>adbuc</span> <span class='ocrx_word' id='word_1_212' title='bbox 509 4444 633 4494; x_wconf 86' lang='lat' dir='ltr'>cereus</span> <span class='ocrx_word' id='word_1_213' title='bbox 652 4434 717 4508; x_wconf 85' lang='lat' dir='ltr'>cst,</span> <span class='ocrx_word' id='word_1_214' title='bbox 741 4434 773 4494; x_wconf 86' lang='lat' dir='ltr'>el</span> <span class='ocrx_word' id='word_1_215' title='bbox 801 4436 902 4518; x_wconf 84' lang='lat' dir='ltr'>aptus</span> <span class='ocrx_word' id='word_1_216' title='bbox 928 4425 973 4495; x_wconf 94' lang='lat' dir='ltr'>ad</span> <span class='ocrx_word' id='word_1_217' title='bbox 998 4445 1134 4495; x_wconf 90' lang='lat' dir='ltr'>omnem</span> <span class='ocrx_word' id='word_1_218' title='bbox 1162 4423 1223 4493; x_wconf 88' lang='lat' dir='ltr'>ba-</span> 
     </span>
    </p>
   </div>
   <div class='ocr_carea' id='block_1_7' title="bbox 0 0 1374 5062">
    <p class='ocr_par' dir='ltr' id='par_1_7' title="bbox 0 0 1374 5062">
     <span class='ocr_line' id='line_1_30' title="bbox 0 0 1374 5062; baseline 0 5"><span class='ocrx_word' id='word_1_219' title='bbox 0 0 1374 5062; x_wconf 95' lang='lat' dir='ltr'> </span> 
     </span>
    </p>
   </div>
  </div>
 </body>
</html>
