2738 5062
545 642 586 690 DE
608 642 708 691 ussus
729 639 950 689 annullamus

630 936 807 1002 EPISTOLA
828 937 872 1001 lll.

268 1131 462 1181 FRANCISCUS
483 1129 650 1180 Parnasos
672 1130 816 1179 PHILIPPO
837 1129 987 1179 nrlscoeo
1010 1129 1244 1183 clvnuttcuNSl

687 1234 714 1281 S.
737 1236 765 1283 P.
787 1228 816 1281 ll.

235 1418 374 1471 lacertum
391 1431 446 1486 quo
461 1430 590 1468 mansum
604 1420 664 1480 eat,
680 1414 820 1469 Avenione
835 1414 989 1487 digressum
1004 1418 1076 1472 sein
1091 1418 1274 1477 solitudinem

634 1502 708 1556 ruris
723 1503 867 1574 recepisse.

310 1748 436 1819 Mirum
461 1746 566 1817 valde
591 1744 727 1829 audies,
751 1765 876 1815 verum
902 1752 1037 1815 tamen:
1064 1746 1185 1818 nescio
1209 1746 1296 1841 quid

212 1873 283 1957 alii,
304 1892 371 1964 ego
392 1879 508 1941 autem
531 1868 595 1939 hac
615 1876 718 1939 aetate
738 1865 890 1937 nondum
919 1866 1004 1959 quid
1024 1866 1130 1938 velim
1152 1867 1294 1941 firmare

213 2019 347 2069 mecum
369 1997 484 2080 valeo,
507 2016 574 2065 non
591 1992 685 2085 quod
706 2014 782 2063 mea
803 1990 887 2061 mihi
910 1993 1072 2062 voluntas
1093 1992 1212 2084 ignota
1233 1993 1292 2080 sit,

214 2120 277 2190 sed
309 2116 402 2209 quod
436 2115 611 2187 desiderio
637 2119 744 2186 multa
776 2115 926 2187 obstant.
951 2117 1027 2187 Non
1060 2116 1162 2208 plene
1188 2115 1294 2207 igitur

213 2240 303 2309 velle
323 2258 480 2331 possum,
502 2239 595 2330 quod
616 2239 745 2308 frustra
767 2260 822 2308 me
843 2239 935 2308 velle
955 2237 1074 2310 video.
1096 2236 1185 2308 Hine
1208 2236 1293 2307 mihi

214 2358 311 2431 labor
330 2367 365 2429 et
387 2379 501 2428 rerum
524 2358 655 2431 infinita
675 2359 902 2452 perplexitas,
925 2359 1151 2453 quotidieque
1178 2362 1291 2455 magis

213 2480 377 2573 experior
407 2478 491 2550 illud
515 2478 741 2550 Hebraeorum
767 2481 937 2573 Sapientis
963 2482 1091 2554 dictum
1113 2482 1225 2555 breve
1248 2484 1291 2556 si·

214 2605 285 2673 mul
306 2612 342 2674 et
361 2624 486 2694 grave,
514 2602 609 2694 quod
630 2604 784 2694 legentes
806 2604 960 2698 plerique
982 2605 1074 2677 sicco
1094 2604 1182 2698 pede
1201 2626 1294 2700 prae-

215 2734 361 2800 tereunt.
382 2727 458 2817 Ego
479 2747 617 2820 semper
637 2728 797 2817 relegens
818 2727 941 2821 pedem
960 2726 1038 2819 ligo,
1054 2736 1090 2798 et
1110 2728 1293 2823 suspirans
1343 2722 1346 2727 ’

213 2847 267 2919 bis
299 2856 422 2939 terque
453 2856 646 2940 quaterque
674 2869 808 2918 meeum
840 2858 972 2941 repete,
1001 2848 1095 2942 quod
1124 2849 1292 2943 scriptum

212 2980 288 3042 est:
307 2980 432 3040 cuncte
447 2992 499 3039 res
516 2968 668 3061 difficiles.
688 2969 777 3041 Ecce
796 2982 925 3064 quanta
941 2993 1033 3042 nuno
1050 2972 1171 3067 parvis
1188 2973 1291 3044 etiam

213 3095 248 3165 in
270 3093 374 3166 rebus
394 3090 599 3175 difficultas3
617 3091 711 3185 quod
731 3094 856 3164 vellem
878 3115 1021 3187 nequeo,
1037 3094 1129 3187 quod
1150 3116 1292 3190 possem

213 3220 305 3299 nolo,
334 3215 429 3308 quod
449 3225 564 3285 autem
591 3213 721 3308 possim
749 3214 852 3286 simul
878 3237 918 3287 ao
944 3217 1046 3287 velim
1068 3239 1203 3311 quaero,
1231 3238 1294 3289 neo

214 3336 363 3408 invenio.
385 3337 477 3408 later
497 3337 574 3408 haec
600 3337 715 3409 multis
737 3337 888 3408 consiliis
915 3360 979 3409 eeu
1006 3338 1168 3411 lluotibus
1190 3340 1294 3412 iaeta-

214 3472 282 3542 t-us,
304 3458 388 3529 dum
411 3480 468 3529 res
490 3457 593 3529 finem
612 3459 751 3545 habeat,
772 3459 851 3531 licta
868 3471 903 3531 et
923 3463 1065 3553 vulgata
1090 3461 1205 3534 abitus
1228 3463 1294 3536 mei

216 3583 322 3664 fama,
338 3580 440 3672 quasi
462 3579 591 3650 ltaliam
616 3595 791 3674 repetens
814 3583 990 3680 Babylone
1011 3588 1098 3657 elain
1117 3589 1294 3678 prolectas

215 3703 283 3774 huc
310 3701 412 3784 redii,
435 3700 682 3797 venissemque
709 3705 798 3776 illico
823 3706 869 3777 ad
895 3692 943 3790 te,
965 3728 1036 3778 non
1062 3716 1131 3780 tam
1160 3720 1198 3780 ut
1225 3710 1294 3782 tuis

215 3824 324 3896 oculis
344 3846 448 3916 quam
476 3834 514 3897 ut
535 3826 620 3897 meis
643 3824 829 3900 satisfieret
848 3830 908 3923 qui
929 3851 1034 3924 prope
1061 3830 1147 3902 nihil
1167 3832 1295 3919 arden·

216 3944 293 4029 tius,
312 3970 416 4040 quam
437 3948 557 4020 faciem
580 3960 672 4020 tuam
690 3962 863 4041 quaerunt.
885 3952 1015 4022 Verum
1033 3953 1100 4023 hoc
1117 3954 1296 4048 proposito

216 4067 358 4141 venisse
375 4093 431 4142 me
444 4071 584 4142 noveris
603 4080 639 4142 ut
657 4073 782 4142 lateam
799 4074 1011 4166 fugiamque,
1027 4075 1057 4147 si
1068 4074 1210 4168 possim,
1225 4096 1295 4147 non

215 4189 318 4260 modo
330 4192 416 4263 alios
435 4192 499 4264 sed
517 4214 573 4263 me
590 4194 715 4286 ipsum,
730 4193 797 4264 hoo
813 4202 870 4265 est
889 4193 970 4266 vitia
988 4207 1023 4267 et
1040 4217 1177 4268 errores
1196 4216 1294 4267 meos

214 4310 274 4402 qui
294 4334 350 4383 me
371 4314 416 4384 ab
433 4315 574 4389 infantia
595 4316 630 4387 in
648 4317 784 4388 senium
799 4328 1081 4415 persequuntur3
1099 4318 1183 4390 tanti
1204 4338 1295 4413 prae-

216 4442 309 4505 terea
329 4445 383 4505 est
404 4435 568 4508 invidiam
591 4438 716 4523 vitare,
739 4458 819 4530 quae
846 4438 928 4508 mihi
951 4461 1014 4533 per
1034 4461 1156 4512 omnes
1178 4452 1293 4512 terras
