<?xml version="1.0" encoding="UTF-8"?>
<!DOCTYPE html PUBLIC "-//W3C//DTD XHTML 1.0 Transitional//EN"
    "http://www.w3.org/TR/xhtml1/DTD/xhtml1-transitional.dtd">
<html xmlns="http://www.w3.org/1999/xhtml" xml:lang="en" lang="en">
 <head>
  <title>
</title>
<meta http-equiv="Content-Type" content="text/html;charset=utf-8" />
  <meta name='ocr-system' content='tesseract 3.04.00' />
  <meta name='ocr-capabilities' content='ocr_page ocr_carea ocr_par ocr_line ocrx_word'/>
</head>
<body>
  <div class='ocr_page' id='page_1' title='image "./epistolaederebu02fracgoog_0118.png"; bbox 0 0 2738 5062; ppageno 0'>
   <div class='ocr_carea' id='block_1_1' title="bbox 392 707 1221 769">
    <p class='ocr_par' dir='ltr' id='par_1_1' title="bbox 392 707 1221 769">
     <span class='ocr_line' id='line_1_1' title="bbox 392 707 1221 769; baseline 0.005 -5"><span class='ocrx_word' id='word_1_1' title='bbox 392 716 483 765; x_wconf 78' lang='grc' dir='ltr'>ιιιιιιιι</span> <span class='ocrx_word' id='word_1_2' title='bbox 504 715 693 766; x_wconf 77' lang='lat' dir='ltr'><strong>unouornus</strong></span> <span class='ocrx_word' id='word_1_3' title='bbox 706 737 743 746; x_wconf 87' lang='lat'>-</span> <span class='ocrx_word' id='word_1_4' title='bbox 756 716 907 765; x_wconf 82' lang='lat' dir='ltr'><strong>enrsronn</strong></span> <span class='ocrx_word' id='word_1_5' title='bbox 930 718 971 766; x_wconf 94' lang='grc' dir='ltr'>ιιι.</span> <span class='ocrx_word' id='word_1_6' title='bbox 1164 707 1221 769; x_wconf 71' lang='lat'><strong>109</strong></span> 
     </span>
    </p>
   </div>
   <div class='ocr_carea' id='block_1_2' title="bbox 255 988 1104 1248">
    <p class='ocr_par' dir='ltr' id='par_1_2' title="bbox 255 988 1104 1248">
     <span class='ocr_line' id='line_1_2' title="bbox 564 988 806 1055; baseline 0.012 -5"><span class='ocrx_word' id='word_1_7' title='bbox 564 988 742 1053; x_wconf 76' lang='lat' dir='ltr'><strong>Erlsronn</strong></span> <span class='ocrx_word' id='word_1_8' title='bbox 764 991 806 1055; x_wconf 93' lang='lat' dir='ltr'><strong>lll.</strong></span> 
     </span>
     <span class='ocr_line' id='line_1_3' title="bbox 255 1196 1104 1248; baseline 0.004 -3"><span class='ocrx_word' id='word_1_9' title='bbox 255 1196 453 1246; x_wconf 78' lang='lat' dir='ltr'><strong>rnsncrsous</strong></span> <span class='ocrx_word' id='word_1_10' title='bbox 474 1196 643 1247; x_wconf 79' lang='lat' dir='ltr'><strong>rnrnnnon</strong></span> <span class='ocrx_word' id='word_1_11' title='bbox 664 1198 796 1247; x_wconf 85' lang='lat' dir='ltr'><strong>rounnnr</strong></span> <span class='ocrx_word' id='word_1_12' title='bbox 818 1199 957 1248; x_wconf 80' lang='lat' dir='ltr'><strong>nnnrmo</strong></span> <span class='ocrx_word' id='word_1_13' title='bbox 977 1200 1003 1247; x_wconf 93' lang='lat' dir='ltr'><strong>s.</strong></span> <span class='ocrx_word' id='word_1_14' title='bbox 1025 1201 1053 1248; x_wconf 84' lang='lat' dir='ltr'><strong>r.</strong></span> <span class='ocrx_word' id='word_1_15' title='bbox 1075 1202 1104 1248; x_wconf 88' lang='lat' dir='ltr'><strong>n.</strong></span> 
     </span>
    </p>
   </div>
   <div class='ocr_carea' id='block_1_3' title="bbox 199 1384 1156 1533">
    <p class='ocr_par' dir='ltr' id='par_1_3' title="bbox 199 1384 1156 1533">
     <span class='ocr_line' id='line_1_4' title="bbox 199 1384 1156 1463; baseline 0.001 -19"><span class='ocrx_word' id='word_1_16' title='bbox 199 1387 294 1444; x_wconf 85' lang='lat' dir='ltr'><strong>lacobi</strong></span> <span class='ocrx_word' id='word_1_17' title='bbox 309 1386 336 1441; x_wconf 89' lang='grc' dir='ltr'>Π</span> <span class='ocrx_word' id='word_1_18' title='bbox 352 1384 535 1442; x_wconf 73' lang='lat' dir='ltr'><strong>comanensis</strong></span> <span class='ocrx_word' id='word_1_19' title='bbox 550 1387 653 1443; x_wconf 84' lang='lat' dir='ltr'><strong>caedcm</strong></span> <span class='ocrx_word' id='word_1_20' title='bbox 666 1395 775 1458; x_wconf 87' lang='lat' dir='ltr'><strong>narrat,</strong></span> <span class='ocrx_word' id='word_1_21' title='bbox 790 1398 818 1445; x_wconf 88' lang='lat' dir='ltr'><strong>ct</strong></span> <span class='ocrx_word' id='word_1_22' title='bbox 831 1391 944 1446; x_wconf 88' lang='lat' dir='ltr'><strong>titulum</strong></span> <span class='ocrx_word' id='word_1_23' title='bbox 958 1391 1084 1463; x_wconf 85' lang='lat' dir='ltr'><strong>sepulcro</strong></span> <span class='ocrx_word' id='word_1_24' title='bbox 1097 1392 1156 1445; x_wconf 90' lang='lat' dir='ltr'><strong>eius</strong></span> 
     </span>
     <span class='ocr_line' id='line_1_5' title="bbox 525 1475 840 1533; baseline 0.013 -5"><span class='ocrx_word' id='word_1_25' title='bbox 525 1475 732 1532; x_wconf 87' lang='lat' dir='ltr'><strong>inscribendum</strong></span> <span class='ocrx_word' id='word_1_26' title='bbox 747 1478 840 1533; x_wconf 90' lang='lat' dir='ltr'><strong>mittit.</strong></span> 
     </span>
    </p>
   </div>
   <div class='ocr_carea' id='block_1_4' title="bbox 141 1725 1230 4650">
    <p class='ocr_par' dir='ltr' id='par_1_4' title="bbox 141 1725 1230 4650">
     <span class='ocr_line' id='line_1_6' title="bbox 241 1725 1221 1818; baseline 0.004 -22"><span class='ocrx_word' id='word_1_27' title='bbox 241 1727 376 1818; x_wconf 76' lang='lat' dir='ltr'><strong>Rogas,</strong></span> <span class='ocrx_word' id='word_1_28' title='bbox 398 1725 503 1798; x_wconf 90' lang='lat' dir='ltr'><strong>immo</strong></span> <span class='ocrx_word' id='word_1_29' title='bbox 523 1749 609 1798; x_wconf 91' lang='lat' dir='ltr'><strong>vero</strong></span> <span class='ocrx_word' id='word_1_30' title='bbox 629 1729 736 1801; x_wconf 89' lang='lat' dir='ltr'><strong>debiti</strong></span> <span class='ocrx_word' id='word_1_31' title='bbox 759 1731 824 1800; x_wconf 89' lang='lat' dir='ltr'><strong>mei</strong></span> <span class='ocrx_word' id='word_1_32' title='bbox 845 1728 1025 1813; x_wconf 83' lang='lat' dir='ltr'>admones,</span> <span class='ocrx_word' id='word_1_33' title='bbox 1053 1738 1092 1801; x_wconf 91' lang='lat' dir='ltr'><strong>ut</strong></span> <span class='ocrx_word' id='word_1_34' title='bbox 1116 1729 1221 1801; x_wconf 86' lang='lat' dir='ltr'><strong>huius</strong></span> 
     </span>
     <span class='ocr_line' id='line_1_7' title="bbox 141 1849 1223 1947; baseline 0 -25"><span class='ocrx_word' id='word_1_35' title='bbox 141 1851 288 1926; x_wconf 91' lang='lat' dir='ltr'><strong>iunioris</strong></span> <span class='ocrx_word' id='word_1_36' title='bbox 306 1849 420 1922; x_wconf 91' lang='lat' dir='ltr'><strong>lacobi</strong></span> <span class='ocrx_word' id='word_1_37' title='bbox 433 1849 478 1921; x_wconf 93' lang='lat' dir='ltr'><strong>de</strong></span> <span class='ocrx_word' id='word_1_38' title='bbox 490 1850 650 1925; x_wconf 88' lang='lat' dir='ltr'><strong>Carraria</strong></span> <span class='ocrx_word' id='word_1_39' title='bbox 670 1853 737 1923; x_wconf 90' lang='lat' dir='ltr'><strong>viri</strong></span> <span class='ocrx_word' id='word_1_40' title='bbox 750 1853 867 1947; x_wconf 92' lang='lat' dir='ltr'><strong>optimi</strong></span> <span class='ocrx_word' id='word_1_41' title='bbox 887 1853 1086 1947; x_wconf 90' lang='lat' dir='ltr'><strong>optimeque</strong></span> <span class='ocrx_word' id='word_1_42' title='bbox 1100 1852 1144 1922; x_wconf 90' lang='lat' dir='ltr'><strong>de</strong></span> <span class='ocrx_word' id='word_1_43' title='bbox 1163 1873 1223 1923; x_wconf 94' lang='lat' dir='ltr'><strong>no-</strong></span> 
     </span>
     <span class='ocr_line' id='line_1_8' title="bbox 141 1973 1222 2066; baseline 0.001 -21"><span class='ocrx_word' id='word_1_44' title='bbox 141 1973 199 2045; x_wconf 89' lang='lat' dir='ltr'><strong>bis</strong></span> <span class='ocrx_word' id='word_1_45' title='bbox 211 1973 401 2065; x_wconf 90' lang='lat' dir='ltr'><strong>meriti,qui</strong></span> <span class='ocrx_word' id='word_1_46' title='bbox 417 1975 664 2066; x_wconf 88' lang='lat' dir='ltr'><strong>nuperPatavii</strong></span> <span class='ocrx_word' id='word_1_47' title='bbox 678 1975 840 2048; x_wconf 92' lang='lat' dir='ltr'><strong>dominns</strong></span> <span class='ocrx_word' id='word_1_48' title='bbox 854 1976 968 2048; x_wconf 90' lang='lat' dir='ltr'><strong>dictus</strong></span> <span class='ocrx_word' id='word_1_49' title='bbox 982 1982 1046 2058; x_wconf 89' lang='lat' dir='ltr'><strong>est,</strong></span> <span class='ocrx_word' id='word_1_50' title='bbox 1056 1995 1092 2044; x_wconf 90' lang='lat' dir='ltr'><strong>re</strong></span> <span class='ocrx_word' id='word_1_51' title='bbox 1105 1982 1222 2046; x_wconf 88' lang='lat' dir='ltr'><strong>autem</strong></span> 
     </span>
     <span class='ocr_line' id='line_1_9' title="bbox 143 2078 1222 2192; baseline -0.001 -24"><span class='ocrx_word' id='word_1_52' title='bbox 143 2096 221 2192; x_wconf 84' lang='lat' dir='ltr'><strong>ipsa</strong></span> <span class='ocrx_word' id='word_1_53' title='bbox 236 2094 321 2166; x_wconf 91' lang='lat' dir='ltr'><strong>nihil</strong></span> <span class='ocrx_word' id='word_1_54' title='bbox 342 2095 457 2166; x_wconf 90' lang='lat' dir='ltr'><strong>minus</strong></span> <span class='ocrx_word' id='word_1_55' title='bbox 474 2119 579 2190; x_wconf 89' lang='lat' dir='ltr'><strong>quam</strong></span> <span class='ocrx_word' id='word_1_56' title='bbox 597 2098 759 2169; x_wconf 91' lang='lat' dir='ltr'><strong>dominus</strong></span> <span class='ocrx_word' id='word_1_57' title='bbox 777 2120 840 2169; x_wconf 87' lang='lat' dir='ltr'><strong>nec</strong></span> <span class='ocrx_word' id='word_1_58' title='bbox 857 2097 968 2189; x_wconf 83' lang='lat' dir='ltr'><strong>magis</strong></span> <span class='ocrx_word' id='word_1_59' title='bbox 987 2118 1091 2190; x_wconf 89' lang='lat' dir='ltr'><strong>quam</strong></span> <span class='ocrx_word' id='word_1_60' title='bbox 1108 2078 1222 2168; x_wconf 83' lang='lat' dir='ltr'><strong>veris-</strong></span> 
     </span>
     <span class='ocr_line' id='line_1_10' title="bbox 148 2216 1223 2315; baseline 0.001 -26"><span class='ocrx_word' id='word_1_61' title='bbox 148 2218 260 2289; x_wconf 88' lang='lat' dir='ltr'><strong>simus</strong></span> <span class='ocrx_word' id='word_1_62' title='bbox 286 2216 411 2289; x_wconf 87' lang='lat' dir='ltr'><strong>Patriae</strong></span> <span class='ocrx_word' id='word_1_63' title='bbox 435 2219 537 2290; x_wconf 89' lang='lat' dir='ltr'><strong>Pater</strong></span> <span class='ocrx_word' id='word_1_64' title='bbox 562 2219 639 2303; x_wconf 88' lang='lat' dir='ltr'><strong>luit,</strong></span> <span class='ocrx_word' id='word_1_65' title='bbox 667 2221 788 2293; x_wconf 89' lang='lat' dir='ltr'><strong>laudes</strong></span> <span class='ocrx_word' id='word_1_66' title='bbox 815 2231 919 2315; x_wconf 89' lang='lat' dir='ltr'><strong>alque</strong></span> <span class='ocrx_word' id='word_1_67' title='bbox 943 2224 1116 2292; x_wconf 84' lang='lat' dir='ltr'><strong>fortunam</strong></span> <span class='ocrx_word' id='word_1_68' title='bbox 1143 2220 1223 2291; x_wconf 93' lang='lat' dir='ltr'><strong>stilo</strong></span> 
     </span>
     <span class='ocr_line' id='line_1_11' title="bbox 152 2341 1224 2436; baseline 0.003 -25"><span class='ocrx_word' id='word_1_69' title='bbox 152 2342 342 2435; x_wconf 78' lang='lat' dir='ltr'><strong>amplexus,</strong></span> <span class='ocrx_word' id='word_1_70' title='bbox 370 2341 450 2413; x_wconf 91' lang='lat' dir='ltr'><strong>hinc</strong></span> <span class='ocrx_word' id='word_1_71' title='bbox 475 2342 605 2436; x_wconf 90' lang='lat' dir='ltr'><strong>aliquid</strong></span> <span class='ocrx_word' id='word_1_72' title='bbox 625 2344 670 2418; x_wconf 90' lang='lat' dir='ltr'><strong>ad</strong></span> <span class='ocrx_word' id='word_1_73' title='bbox 692 2358 725 2417; x_wconf 92' lang='lat' dir='ltr'><strong>te</strong></span> <span class='ocrx_word' id='word_1_74' title='bbox 752 2344 915 2430; x_wconf 88' lang='lat' dir='ltr'><strong>scribam,</strong></span> <span class='ocrx_word' id='word_1_75' title='bbox 937 2343 1066 2415; x_wconf 88' lang='lat' dir='ltr'><strong>amoris</strong></span> <span class='ocrx_word' id='word_1_76' title='bbox 1093 2342 1224 2414; x_wconf 90' lang='lat' dir='ltr'><strong>scilicet</strong></span> 
     </span>
     <span class='ocr_line' id='line_1_12' title="bbox 151 2462 1224 2562; baseline 0 -28"><span class='ocrx_word' id='word_1_77' title='bbox 151 2462 375 2558; x_wconf 74' lang='lat' dir='ltr'><strong>moerorisque</strong></span> <span class='ocrx_word' id='word_1_78' title='bbox 396 2465 608 2559; x_wconf 85' lang='lat' dir='ltr'><strong>participem.</strong></span> <span class='ocrx_word' id='word_1_79' title='bbox 634 2468 747 2540; x_wconf 88' lang='lat' dir='ltr'><strong>Parva</strong></span> <span class='ocrx_word' id='word_1_80' title='bbox 767 2469 908 2562; x_wconf 93' lang='lat' dir='ltr'><strong>quidem</strong></span> <span class='ocrx_word' id='word_1_81' title='bbox 929 2490 1000 2552; x_wconf 89' lang='lat' dir='ltr'><strong>res,</strong></span> <span class='ocrx_word' id='word_1_82' title='bbox 1025 2464 1055 2537; x_wconf 91' lang='lat' dir='ltr'><strong>si</strong></span> <span class='ocrx_word' id='word_1_83' title='bbox 1077 2463 1224 2558; x_wconf 86' lang='lat' dir='ltr'><strong>superfi-</strong></span> 
     </span>
     <span class='ocr_line' id='line_1_13' title="bbox 146 2586 1222 2686; baseline -0.001 -27"><span class='ocrx_word' id='word_1_84' title='bbox 146 2586 199 2659; x_wconf 89' lang='lat' dir='ltr'><strong>cie</strong></span> <span class='ocrx_word' id='word_1_85' title='bbox 212 2596 313 2658; x_wconf 89' lang='lat' dir='ltr'><strong>tenus</strong></span> <span class='ocrx_word' id='word_1_86' title='bbox 325 2587 477 2672; x_wconf 84' lang='lat' dir='ltr'><strong>metiare,</strong></span> <span class='ocrx_word' id='word_1_87' title='bbox 491 2588 544 2659; x_wconf 92' lang='lat' dir='ltr'><strong>sin</strong></span> <span class='ocrx_word' id='word_1_88' title='bbox 557 2590 659 2662; x_wconf 90' lang='lat' dir='ltr'><strong>altius</strong></span> <span class='ocrx_word' id='word_1_89' title='bbox 673 2591 811 2675; x_wconf 86' lang='lat' dir='ltr'><strong>foderis,</strong></span> <span class='ocrx_word' id='word_1_90' title='bbox 826 2591 1004 2686; x_wconf 83' lang='lat' dir='ltr'>operosior</span> <span class='ocrx_word' id='word_1_91' title='bbox 1017 2590 1104 2662; x_wconf 86' lang='lat' dir='ltr'><strong>lorte</strong></span> <span class='ocrx_word' id='word_1_92' title='bbox 1118 2610 1222 2682; x_wconf 89' lang='lat' dir='ltr'><strong>quam</strong></span> 
     </span>
     <span class='ocr_line' id='line_1_14' title="bbox 144 2711 1223 2809; baseline 0.002 -28"><span class='ocrx_word' id='word_1_93' title='bbox 144 2719 260 2805; x_wconf 89' lang='lat' dir='ltr'><strong>putas.</strong></span> <span class='ocrx_word' id='word_1_94' title='bbox 281 2711 449 2795; x_wconf 84' lang='lat' dir='ltr'>Quoniam</span> <span class='ocrx_word' id='word_1_95' title='bbox 483 2721 519 2783; x_wconf 88' lang='lat' dir='ltr'><strong>et</strong></span> <span class='ocrx_word' id='word_1_96' title='bbox 550 2715 797 2809; x_wconf 81' lang='lat' dir='ltr'><strong>panegyricum</strong></span> <span class='ocrx_word' id='word_1_97' title='bbox 824 2713 890 2785; x_wconf 91' lang='lat' dir='ltr'><strong>viri</strong></span> <span class='ocrx_word' id='word_1_98' title='bbox 916 2712 1043 2796; x_wconf 83' lang='lat' dir='ltr'><strong>virtus,</strong></span> <span class='ocrx_word' id='word_1_99' title='bbox 1067 2725 1103 2784; x_wconf 90' lang='lat' dir='ltr'><strong>et</strong></span> <span class='ocrx_word' id='word_1_100' title='bbox 1127 2735 1223 2783; x_wconf 91' lang='lat' dir='ltr'><strong>mors</strong></span> 
     </span>
     <span class='ocr_line' id='line_1_15' title="bbox 143 2832 1224 2928; baseline -0.001 -23"><span class='ocrx_word' id='word_1_101' title='bbox 143 2833 257 2926; x_wconf 78' lang='lat' dir='ltr'><strong>exigit</strong></span> <span class='ocrx_word' id='word_1_102' title='bbox 290 2832 509 2923; x_wconf 71' lang='lat' dir='ltr'><strong>tragoediam:</strong></span> <span class='ocrx_word' id='word_1_103' title='bbox 543 2835 810 2926; x_wconf 73' lang='lat' dir='ltr'><strong>praeclarissima</strong></span> <span class='ocrx_word' id='word_1_104' title='bbox 838 2836 908 2907; x_wconf 95' lang='lat' dir='ltr'><strong>duo</strong></span> <span class='ocrx_word' id='word_1_105' title='bbox 940 2835 1062 2928; x_wconf 89' lang='lat' dir='ltr'><strong>poetici</strong></span> <span class='ocrx_word' id='word_1_106' title='bbox 1096 2832 1224 2905; x_wconf 87' lang='lat' dir='ltr'><strong>laboris</strong></span> 
     </span>
     <span class='ocr_line' id='line_1_16' title="bbox 146 2955 1224 3049; baseline 0.001 -24"><span class='ocrx_word' id='word_1_107' title='bbox 146 2974 262 3049; x_wconf 87' lang='lat' dir='ltr'><strong>opera.</strong></span> <span class='ocrx_word' id='word_1_108' title='bbox 288 2955 409 3026; x_wconf 86' lang='lat' dir='ltr'><strong>Latam</strong></span> <span class='ocrx_word' id='word_1_109' title='bbox 433 2955 539 3047; x_wconf 80' lang='lat' dir='ltr'><strong>igitur</strong></span> <span class='ocrx_word' id='word_1_110' title='bbox 565 2965 669 3049; x_wconf 89' lang='lat' dir='ltr'><strong>atque</strong></span> <span class='ocrx_word' id='word_1_111' title='bbox 699 2956 843 3027; x_wconf 89' lang='lat' dir='ltr'><strong>uberem</strong></span> <span class='ocrx_word' id='word_1_112' title='bbox 873 2955 1010 3027; x_wconf 89' lang='lat' dir='ltr'><strong>dicendi</strong></span> <span class='ocrx_word' id='word_1_113' title='bbox 1043 2955 1224 3026; x_wconf 80' lang='lat' dir='ltr'><strong>materiam</strong></span> 
     </span>
     <span class='ocr_line' id='line_1_17' title="bbox 147 3076 1225 3171; baseline -0.004 -21"><span class='ocrx_word' id='word_1_114' title='bbox 147 3076 266 3164; x_wconf 77' lang='lat' dir='ltr'><strong>affers,</strong></span> <span class='ocrx_word' id='word_1_115' title='bbox 285 3078 348 3151; x_wconf 88' lang='lat' dir='ltr'><strong>sed</strong></span> <span class='ocrx_word' id='word_1_116' title='bbox 369 3078 404 3148; x_wconf 92' lang='lat' dir='ltr'><strong>in</strong></span> <span class='ocrx_word' id='word_1_117' title='bbox 423 3099 492 3171; x_wconf 90' lang='lat' dir='ltr'><strong>qua</strong></span> <span class='ocrx_word' id='word_1_118' title='bbox 509 3078 678 3150; x_wconf 87' lang='lat' dir='ltr'><strong>disertum</strong></span> <span class='ocrx_word' id='word_1_119' title='bbox 696 3077 772 3149; x_wconf 87' lang='lat' dir='ltr'><strong>lieri</strong></span> <span class='ocrx_word' id='word_1_120' title='bbox 789 3098 905 3149; x_wconf 90' lang='lat' dir='ltr'><strong>rerum</strong></span> <span class='ocrx_word' id='word_1_121' title='bbox 921 3076 1155 3170; x_wconf 90' lang='lat' dir='ltr'><strong>potiusquam</strong></span> <span class='ocrx_word' id='word_1_122' title='bbox 1173 3079 1225 3146; x_wconf 91' lang='lat' dir='ltr'><strong>in-</strong></span> 
     </span>
     <span class='ocr_line' id='line_1_18' title="bbox 150 3200 1224 3297; baseline -0.005 -20"><span class='ocrx_word' id='word_1_123' title='bbox 150 3205 244 3297; x_wconf 77' lang='lat' dir='ltr'><strong>genii</strong></span> <span class='ocrx_word' id='word_1_124' title='bbox 266 3206 342 3278; x_wconf 93' lang='lat' dir='ltr'><strong>laus</strong></span> <span class='ocrx_word' id='word_1_125' title='bbox 365 3206 420 3276; x_wconf 85' lang='lat' dir='ltr'><strong>sil..</strong></span> <span class='ocrx_word' id='word_1_126' title='bbox 441 3203 532 3286; x_wconf 88' lang='lat' dir='ltr'><strong>Quid</strong></span> <span class='ocrx_word' id='word_1_127' title='bbox 557 3203 649 3274; x_wconf 91' lang='lat' dir='ltr'><strong>enim</strong></span> <span class='ocrx_word' id='word_1_128' title='bbox 675 3202 721 3273; x_wconf 93' lang='lat' dir='ltr'><strong>illi</strong></span> <span class='ocrx_word' id='word_1_129' title='bbox 747 3200 876 3286; x_wconf 90' lang='lat' dir='ltr'><strong>defuit,</strong></span> <span class='ocrx_word' id='word_1_130' title='bbox 903 3201 996 3294; x_wconf 92' lang='lat' dir='ltr'><strong>quod</strong></span> <span class='ocrx_word' id='word_1_131' title='bbox 1022 3202 1114 3272; x_wconf 86' lang='lat' dir='ltr'><strong>claro</strong></span> <span class='ocrx_word' id='word_1_132' title='bbox 1135 3222 1224 3292; x_wconf 88' lang='lat' dir='ltr'><strong>prae-</strong></span> 
     </span>
     <span class='ocr_line' id='line_1_19' title="bbox 146 3321 1225 3419; baseline -0.007 -19"><span class='ocrx_word' id='word_1_133' title='bbox 146 3326 247 3400; x_wconf 88' lang='lat' dir='ltr'><strong>conio</strong></span> <span class='ocrx_word' id='word_1_134' title='bbox 267 3327 411 3419; x_wconf 76' lang='lat' dir='ltr'><strong>dignum</strong></span> <span class='ocrx_word' id='word_1_135' title='bbox 435 3329 553 3397; x_wconf 82' lang='lat' dir='ltr'><strong>esset?</strong></span> <span class='ocrx_word' id='word_1_136' title='bbox 572 3323 663 3409; x_wconf 85' lang='lat' dir='ltr'><strong>Quid</strong></span> <span class='ocrx_word' id='word_1_137' title='bbox 688 3324 798 3398; x_wconf 93' lang='lat' dir='ltr'><strong>dolori</strong></span> <span class='ocrx_word' id='word_1_138' title='bbox 823 3333 883 3397; x_wconf 90' lang='lat' dir='ltr'><strong>aut</strong></span> <span class='ocrx_word' id='word_1_139' title='bbox 908 3321 1082 3396; x_wconf 88' lang='lat' dir='ltr'><strong>desiderio</strong></span> <span class='ocrx_word' id='word_1_140' title='bbox 1107 3331 1225 3394; x_wconf 88' lang='lat' dir='ltr'><strong>nostro</strong></span> 
     </span>
     <span class='ocr_line' id='line_1_20' title="bbox 148 3444 1226 3534; baseline -0.006 -13"><span class='ocrx_word' id='word_1_141' title='bbox 148 3448 275 3522; x_wconf 86' lang='lat' dir='ltr'><strong>deest‘l</strong></span> <span class='ocrx_word' id='word_1_142' title='bbox 292 3458 328 3521; x_wconf 86' lang='lat' dir='ltr'><strong>et</strong></span> <span class='ocrx_word' id='word_1_143' title='bbox 348 3457 471 3520; x_wconf 89' lang='lat' dir='ltr'><strong>natura</strong></span> <span class='ocrx_word' id='word_1_144' title='bbox 492 3448 661 3521; x_wconf 78' lang='lat' dir='ltr'><strong>facundus</strong></span> <span class='ocrx_word' id='word_1_145' title='bbox 685 3458 741 3519; x_wconf 91' lang='lat' dir='ltr'><strong>ost</strong></span> <span class='ocrx_word' id='word_1_146' title='bbox 765 3447 877 3534; x_wconf 92' lang='lat' dir='ltr'><strong>dolor,</strong></span> <span class='ocrx_word' id='word_1_147' title='bbox 898 3456 934 3518; x_wconf 89' lang='lat' dir='ltr'><strong>et</strong></span> <span class='ocrx_word' id='word_1_148' title='bbox 954 3446 1168 3521; x_wconf 89' lang='lat' dir='ltr'><strong>desiderium</strong></span> <span class='ocrx_word' id='word_1_149' title='bbox 1190 3444 1226 3516; x_wconf 91' lang='lat' dir='ltr'><strong>vi</strong></span> 
     </span>
     <span class='ocr_line' id='line_1_21' title="bbox 149 3570 1227 3665; baseline -0.001 -22"><span class='ocrx_word' id='word_1_150' title='bbox 149 3583 284 3646; x_wconf 87' lang='lat' dir='ltr'><strong>mutuae</strong></span> <span class='ocrx_word' id='word_1_151' title='bbox 303 3572 477 3646; x_wconf 85' lang='lat' dir='ltr'><strong>relationis</strong></span> <span class='ocrx_word' id='word_1_152' title='bbox 496 3570 705 3644; x_wconf 87' lang='lat' dir='ltr'><strong>accenditur.</strong></span> <span class='ocrx_word' id='word_1_153' title='bbox 723 3573 872 3644; x_wconf 90' lang='lat' dir='ltr'><strong>Pronum</strong></span> <span class='ocrx_word' id='word_1_154' title='bbox 890 3593 979 3665; x_wconf 94' lang='lat' dir='ltr'><strong>opus</strong></span> <span class='ocrx_word' id='word_1_155' title='bbox 996 3581 1031 3643; x_wconf 89' lang='lat' dir='ltr'><strong>et</strong></span> <span class='ocrx_word' id='word_1_156' title='bbox 1047 3571 1091 3643; x_wconf 92' lang='lat' dir='ltr'><strong>de</strong></span> <span class='ocrx_word' id='word_1_157' title='bbox 1108 3570 1165 3643; x_wconf 96' lang='lat' dir='ltr'><strong>illo</strong></span> <span class='ocrx_word' id='word_1_158' title='bbox 1181 3571 1227 3642; x_wconf 89' lang='lat' dir='ltr'><strong>ad</strong></span> 
     </span>
     <span class='ocr_line' id='line_1_22' title="bbox 151 3694 1225 3780; baseline -0.001 -16"><span class='ocrx_word' id='word_1_159' title='bbox 151 3704 187 3764; x_wconf 85' lang='lat' dir='ltr'><strong>te</strong></span> <span class='ocrx_word' id='word_1_160' title='bbox 206 3694 371 3780; x_wconf 86' lang='lat' dir='ltr'><strong>scribere,</strong></span> <span class='ocrx_word' id='word_1_161' title='bbox 399 3706 434 3766; x_wconf 88' lang='lat' dir='ltr'><strong>et</strong></span> <span class='ocrx_word' id='word_1_162' title='bbox 458 3718 478 3768; x_wconf 88' lang='lat' dir='ltr'><strong>e</strong></span> <span class='ocrx_word' id='word_1_163' title='bbox 511 3694 649 3768; x_wconf 89' lang='lat' dir='ltr'><strong>duabus</strong></span> <span class='ocrx_word' id='word_1_164' title='bbox 675 3694 825 3766; x_wconf 84' lang='lat' dir='ltr'><strong>vitandis</strong></span> <span class='ocrx_word' id='word_1_165' title='bbox 856 3694 924 3766; x_wconf 92' lang='lat' dir='ltr'><strong>stili</strong></span> <span class='ocrx_word' id='word_1_166' title='bbox 954 3695 1055 3765; x_wconf 89' lang='lat' dir='ltr'><strong>metis</strong></span> <span class='ocrx_word' id='word_1_167' title='bbox 1082 3695 1225 3764; x_wconf 89' lang='lat' dir='ltr'><strong>alteram</strong></span> 
     </span>
     <span class='ocr_line' id='line_1_23' title="bbox 152 3814 1224 3912; baseline 0.001 -26"><span class='ocrx_word' id='word_1_168' title='bbox 152 3836 220 3888; x_wconf 90' lang='lat' dir='ltr'><strong>non</strong></span> <span class='ocrx_word' id='word_1_169' title='bbox 237 3819 374 3903; x_wconf 87' lang='lat' dir='ltr'><strong>timere,</strong></span> <span class='ocrx_word' id='word_1_170' title='bbox 390 3817 531 3912; x_wconf 89' lang='lat' dir='ltr'><strong>nequid</strong></span> <span class='ocrx_word' id='word_1_171' title='bbox 548 3817 665 3890; x_wconf 92' lang='lat' dir='ltr'><strong>nimis:</strong></span> <span class='ocrx_word' id='word_1_172' title='bbox 685 3817 896 3911; x_wconf 87' lang='lat' dir='ltr'><strong>quinetiam,</strong></span> <span class='ocrx_word' id='word_1_173' title='bbox 922 3818 1105 3909; x_wconf 75' lang='lat' dir='ltr'><strong>plaudente</strong></span> <span class='ocrx_word' id='word_1_174' title='bbox 1122 3814 1224 3899; x_wconf 84' lang='lat' dir='ltr'><strong>ltalia,</strong></span> 
     </span>
     <span class='ocr_line' id='line_1_24' title="bbox 151 3937 1227 4033; baseline -0.004 -21"><span class='ocrx_word' id='word_1_175' title='bbox 151 3940 312 4013; x_wconf 87' lang='lat' dir='ltr'><strong>concordi</strong></span> <span class='ocrx_word' id='word_1_176' title='bbox 337 3942 534 4015; x_wconf 90' lang='lat' dir='ltr'><strong>testimonio</strong></span> <span class='ocrx_word' id='word_1_177' title='bbox 559 3940 743 4026; x_wconf 86' lang='lat' dir='ltr'><strong>bonorum,</strong></span> <span class='ocrx_word' id='word_1_178' title='bbox 771 3962 814 4011; x_wconf 92' lang='lat' dir='ltr'><strong>ne</strong></span> <span class='ocrx_word' id='word_1_179' title='bbox 840 3939 1120 4033; x_wconf 89' lang='lat' dir='ltr'><strong>obstrepentibus</strong></span> <span class='ocrx_word' id='word_1_180' title='bbox 1151 3937 1227 4032; x_wconf 91' lang='lat' dir='ltr'><strong>qui-</strong></span> 
     </span>
     <span class='ocr_line' id='line_1_25' title="bbox 152 4060 1225 4161; baseline -0.006 -25"><span class='ocrx_word' id='word_1_181' title='bbox 152 4064 232 4137; x_wconf 89' lang='lat' dir='ltr'><strong>dem</strong></span> <span class='ocrx_word' id='word_1_182' title='bbox 253 4065 368 4150; x_wconf 90' lang='lat' dir='ltr'><strong>malis,</strong></span> <span class='ocrx_word' id='word_1_183' title='bbox 402 4065 493 4161; x_wconf 91' lang='lat' dir='ltr'><strong>apud</strong></span> <span class='ocrx_word' id='word_1_184' title='bbox 521 4066 650 4139; x_wconf 88' lang='lat' dir='ltr'><strong>amicas</strong></span> <span class='ocrx_word' id='word_1_185' title='bbox 680 4087 784 4138; x_wconf 90' lang='lat' dir='ltr'><strong>aures</strong></span> <span class='ocrx_word' id='word_1_186' title='bbox 804 4065 946 4136; x_wconf 86' lang='lat' dir='ltr'><strong>laudare</strong></span> <span class='ocrx_word' id='word_1_187' title='bbox 967 4085 1069 4155; x_wconf 91' lang='lat' dir='ltr'><strong>quem</strong></span> <span class='ocrx_word' id='word_1_188' title='bbox 1090 4060 1225 4153; x_wconf 81' lang='lat' dir='ltr'><strong>diligas.</strong></span> 
     </span>
     <span class='ocr_line' id='line_1_26' title="bbox 152 4182 1227 4279; baseline 0 -25"><span class='ocrx_word' id='word_1_189' title='bbox 152 4186 297 4259; x_wconf 78' lang='lat' dir='ltr'><strong>Accedit</strong></span> <span class='ocrx_word' id='word_1_190' title='bbox 313 4185 465 4278; x_wconf 80' lang='lat' dir='ltr'><strong>indignre</strong></span> <span class='ocrx_word' id='word_1_191' title='bbox 484 4198 588 4279; x_wconf 88' lang='lat' dir='ltr'><strong>atque</strong></span> <span class='ocrx_word' id='word_1_192' title='bbox 608 4186 756 4258; x_wconf 83' lang='lat' dir='ltr'><strong>insolitae</strong></span> <span class='ocrx_word' id='word_1_193' title='bbox 775 4207 885 4276; x_wconf 84' lang='lat' dir='ltr'><strong>genus</strong></span> <span class='ocrx_word' id='word_1_194' title='bbox 904 4184 1038 4267; x_wconf 90' lang='lat' dir='ltr'><strong>mortis,</strong></span> <span class='ocrx_word' id='word_1_195' title='bbox 1056 4193 1092 4254; x_wconf 90' lang='lat' dir='ltr'><strong>et</strong></span> <span class='ocrx_word' id='word_1_196' title='bbox 1109 4182 1143 4253; x_wconf 93' lang='lat' dir='ltr'><strong>in</strong></span> <span class='ocrx_word' id='word_1_197' title='bbox 1160 4205 1227 4275; x_wconf 91' lang='lat' dir='ltr'><strong>qua</strong></span> 
     </span>
     <span class='ocr_line' id='line_1_27' title="bbox 154 4306 1227 4405; baseline -0.006 -26"><span class='ocrx_word' id='word_1_198' title='bbox 154 4306 242 4381; x_wconf 85' lang='lat' dir='ltr'><strong>fides</strong></span> <span class='ocrx_word' id='word_1_199' title='bbox 276 4307 497 4405; x_wconf 89' lang='lat' dir='ltr'><strong>apertissima</strong></span> <span class='ocrx_word' id='word_1_200' title='bbox 528 4311 671 4400; x_wconf 80' lang='lat' dir='ltr'><strong>vulgato</strong></span> <span class='ocrx_word' id='word_1_201' title='bbox 701 4308 747 4378; x_wconf 92' lang='lat' dir='ltr'><strong>illi</strong></span> <span class='ocrx_word' id='word_1_202' title='bbox 779 4306 964 4401; x_wconf 88' lang='lat' dir='ltr'><strong>proverbio</strong></span> <span class='ocrx_word' id='word_1_203' title='bbox 998 4317 1227 4399; x_wconf 70' lang='lat' dir='ltr'><strong>quaereretur:</strong></span> 
     </span>
     <span class='ocr_line' id='line_1_28' title="bbox 155 4430 1230 4526; baseline -0.005 -24"><span class='ocrx_word' id='word_1_204' title='bbox 155 4433 276 4504; x_wconf 85' lang='lat' dir='ltr'><strong>alienae</strong></span> <span class='ocrx_word' id='word_1_205' title='bbox 288 4433 464 4504; x_wconf 91' lang='lat' dir='ltr'><strong>dominum</strong></span> <span class='ocrx_word' id='word_1_206' title='bbox 480 4430 553 4504; x_wconf 87' lang='lat' dir='ltr'><strong>fieri</strong></span> <span class='ocrx_word' id='word_1_207' title='bbox 566 4431 756 4526; x_wconf 86' lang='lat' dir='ltr'><strong>quemlibet</strong></span> <span class='ocrx_word' id='word_1_208' title='bbox 767 4431 849 4502; x_wconf 86' lang='lat' dir='ltr'><strong>vitae</strong></span> <span class='ocrx_word' id='word_1_209' title='bbox 861 4430 1009 4525; x_wconf 78' lang='lat' dir='ltr'><strong>propriae</strong></span> <span class='ocrx_word' id='word_1_210' title='bbox 1017 4438 1230 4521; x_wconf 79' lang='lat' dir='ltr'><strong>contempto-</strong></span> 
     </span>
     <span class='ocr_line' id='line_1_29' title="bbox 158 4548 1228 4650; baseline -0.005 -25"><span class='ocrx_word' id='word_1_211' title='bbox 158 4578 242 4628; x_wconf 89' lang='lat' dir='ltr'><strong>rem.</strong></span> <span class='ocrx_word' id='word_1_212' title='bbox 275 4558 357 4628; x_wconf 91' lang='lat' dir='ltr'><strong>Tam</strong></span> <span class='ocrx_word' id='word_1_213' title='bbox 386 4568 526 4650; x_wconf 88' lang='lat' dir='ltr'><strong>reponte</strong></span> <span class='ocrx_word' id='word_1_214' title='bbox 550 4557 657 4641; x_wconf 89' lang='lat' dir='ltr'><strong>onim,</strong></span> <span class='ocrx_word' id='word_1_215' title='bbox 685 4553 809 4626; x_wconf 89' lang='lat' dir='ltr'><strong>mediis</strong></span> <span class='ocrx_word' id='word_1_216' title='bbox 834 4554 912 4625; x_wconf 87' lang='lat' dir='ltr'><strong>licet</strong></span> <span class='ocrx_word' id='word_1_217' title='bbox 938 4552 972 4622; x_wconf 92' lang='lat' dir='ltr'><strong>in</strong></span> <span class='ocrx_word' id='word_1_218' title='bbox 998 4548 1228 4644; x_wconf 83' lang='lat' dir='ltr'><strong>penetralibus</strong></span> 
     </span>
    </p>
   </div>
   <div class='ocr_carea' id='block_1_5' title="bbox 0 0 1396 5062">
    <p class='ocr_par' dir='ltr' id='par_1_5' title="bbox 0 0 1396 5062">
     <span class='ocr_line' id='line_1_30' title="bbox 0 0 1396 5062; baseline 0 0"><span class='ocrx_word' id='word_1_219' title='bbox 0 0 1396 5062; x_wconf 95' lang='lat' dir='ltr'><strong> </strong></span> 
     </span>
    </p>
   </div>
  </div>
 </body>
</html>
