2738 5062
209 630 269 692 tut
547 638 588 687 oe
609 636 710 686 nonos
729 636 951 689 rtumrsnmus

210 799 288 848 nem
308 777 547 868 exemplorum
568 777 735 844 malorum
758 775 948 867 promptior
971 794 1076 865 quam
1098 772 1295 863 bonorum,

210 896 424 994 tyrannidem
438 906 670 965 exercuerunt
685 896 785 966 solito
799 895 902 966 otiam
918 897 1102 967 duriorem.
1116 899 1210 967 Dum
1225 919 1297 969 an-

209 1021 373 1091 tilucanas
391 1016 528 1087 Christo
545 1017 666 1088 laudes
683 1028 820 1101 canunt,
838 1040 919 1089 ecce
936 1016 1141 1088 lacrimosus
1163 1030 1295 1111 pastor

207 1143 367 1214 abactum
407 1161 544 1230 gregem
580 1139 741 1209 nuntiat:
777 1140 861 1212 dum
898 1138 1079 1210 dominica
1115 1142 1294 1215 memoria

208 1261 379 1356 passionis
401 1261 509 1331 sacris
529 1272 717 1332 ronovatur
737 1261 915 1344 altaribus,
932 1280 1012 1331 ecee
1030 1280 1177 1349 gemens
1196 1262 1294 1333 villi-

208 1405 270 1454 cus
293 1393 456 1472 segetem,
480 1382 625 1463 vioeam‚
649 1391 793 1473 pratum,
817 1381 953 1452 hortum
976 1392 1202 1476 tyrannorum
1230 1407 1292 1457 ar-

207 1505 333 1575 mentis
369 1506 520 1575 clamitat
557 1506 721 1574 lacerari:
759 1503 843 1573 dom
880 1505 1094 1595 parcissimae
1119 1508 1302 1596 coenulae,'

206 1627 362 1719 dumque
383 1626 492 1698 somni
514 1625 712 1696 brevissimi
735 1634 870 1717 tempus
890 1625 1050 1710 advenit,
1071 1628 1288 1703 famulorum

207 1749 335 1821 Christi
355 1751 503 1820 famulus
524 1749 579 1817 vel
600 1749 750 1819 aedituus
772 1768 882 1851 sacrae
907 1748 1033 1818 domus
1053 1751 1216 1840 pulsatus
1241 1754 1290 1825 ul)

206 1870 453 1941 executoribus
477 1880 712 1962 tyrannorum,
735 1872 857 1962 plenus
884 1869 1102 1960 querelarum
1135 1872 1288 1946 veniens

207 1992 455 2063 monachorum
478 1989 649 2060 silentium
670 1989 896 2083 interrumpit.
916 1989 1067 2080 Fugiunt
1083 1991 1127 2061 ad
1141 1995 1288 2087 antiqua

208 2113 361 2183 remedia
381 2121 416 2183 et
436 2113 542 2202 regiis
563 2113 669 2182 armis
691 2133 771 2183 sese
792 2120 923 2202 tegunt.
946 2112 1113 2182 lrridetur
1133 2114 1289 2209 antiqui-

209 2245 283 2303 tas:
305 2232 442 2327 ipsique
460 2255 528 2302 non
546 2234 646 2303 aliam
665 2232 710 2303 ob
731 2255 859 2305 noxam
881 2233 946 2303 nisi
963 2235 1045 2327 quia
1066 2256 1105 2305 se
1125 2235 1287 2310 libertate

209 2352 276 2423 sub
300 2352 426 2423 Christi
451 2353 533 2441 iugo
558 2354 683 2445 dignos
707 2366 933 2440 censuerunt,
960 2356 1112 2447 graviori
1140 2359 1287 2433 servitio

208 2482 422 2567 premuntur.
443 2471 534 2555 Quid
557 2484 588 2542 te
608 2473 738 2543 diutius
762 2478 900 2544 morer‘l
921 2475 955 2544 Si
977 2496 1057 2566 quae
1081 2476 1202 2547 audivi
1223 2502 1287 2550 au·

208 2594 300 2676 dias,
323 2615 390 2664 non
418 2594 530 2685 magis
556 2593 713 2665 lacrimas
744 2604 861 2666 teneas
887 2612 991 2689 quam
1016 2598 1122 2668 tenui.
1148 2601 1216 2671 Est
1238 2600 1285 2672 ibi

206 2718 359 2798 calicum,
382 2717 569 2787 amictuum
591 2727 627 2786 et
647 2717 813 2787 librorum
833 2717 921 2788 hona
943 2719 1054 2812 copia,
1078 2741 1168 2811 quos
1188 2744 1286 2815 tegre

208 2864 269 2933 per
289 2840 354 2911 hoc
373 2850 509 2933 tempus
529 2861 549 2909 a
572 2838 794 2931 praedonibus
814 2838 1053 2910 defenderunt.
1075 2840 1166 2911 Nihil
1186 2843 1286 2914 deni-

206 2982 275 3052 que
299 2962 372 3051 spei
397 2971 454 3031 est
479 2960 632 3053 nihilque
663 2960 819 3044 remedii,
846 2961 913 3031 nisi
940 2984 1003 3032 rex
1021 2971 1140 3032 noster
1160 2962 1208 3033 rtd
1233 2965 1285 3036 di-

207 3092 341 3174 reptum
364 3084 488 3153 Christi
508 3082 683 3174 tugurium
701 3084 820 3154 oeulos
839 3083 944 3174 regiae
965 3084 1101 3176 pietatis
1119 3085 1281 3171 inflectat,

205 3213 240 3274 et
258 3205 560 3300 praedecessorum
583 3224 736 3287 suorum,
760 3206 816 3275 avi
838 3225 878 3275 ao
893 3205 1005 3299 patrui
1020 3206 1214 3298 privilegiis
1229 3232 1284 3281 re·
1338 3274 1342 3283 .

207 3328 357 3411 novatis,
377 3327 498 3396 alienis
520 3325 679 3395 manibus
700 3325 881 3395 fundatum
903 3329 1015 3397 locum
1042 3349 1105 3397 sua
1126 3327 1283 3421 benigni·

208 3457 275 3518 tate
295 3447 416 3519 liberet
433 3460 537 3540 atque
559 3448 738 3530 restituat3
758 3469 825 3518 non
847 3448 989 3518 minoris
1009 3449 1121 3519 meriti
1143 3452 1282 3525 tuturus

204 3592 309 3661 quam
330 3571 388 3660 qui
409 3570 576 3653 condidit,
600 3571 689 3639 sicut
715 3592 782 3640 non
804 3571 916 3640 minor
936 3583 990 3642 est
1016 3572 1112 3643 Bruti
1139 3575 1197 3644 vel
1218 3575 1283 3645 Ca·

206 3694 286 3762 milli
308 3691 416 3783 gloria
436 3712 541 3782 quam
565 3691 707 3773 Romuli,
731 3691 761 3761 si
780 3711 864 3760 uera
885 3689 1007 3762 horum
1030 3693 1143 3764 virtus
1160 3704 1198 3764 et
1213 3718 1282 3768 oon

205 3814 296 3882 illius
321 3814 407 3882 laisa
433 3811 597 3884 divinitas
622 3813 823 3881 aestimetur.
849 3813 921 3884 lloc
945 3836 963 3883 a
986 3836 1042 3885 me
1071 3814 1177 3906 igitur
1202 3840 1282 3890 cum

206 3932 356 4005 lacrimis
377 3932 560 4027 petierunt,
585 3944 622 4003 ut
642 3934 699 4002 vel
727 3934 872 4006 satellite
900 3937 995 4028 regio
1020 3939 1196 4025 restituto,
1225 3942 1282 4011 vel

206 4066 398 4146 protectore
419 4058 535 4150 aliquo
554 4057 644 4139 dato,
667 4057 712 4127 ab
733 4055 854 4128 iniuria
877 4060 939 4129 tuti
959 4070 1088 4131 essent.
1105 4060 1282 4154 Respondi

206 4199 261 4248 me
286 4191 413 4272 praeter
439 4181 671 4251 reverentiam
694 4201 736 4250 ao
756 4178 874 4262 fidem,
896 4180 941 4250 de
963 4203 1046 4273 rege
1071 4182 1157 4252 nihil
1178 4182 1283 4253 meri-

207 4311 297 4372 tum:
318 4303 448 4375 habere
469 4314 584 4376 tamen
603 4303 649 4374 ibi
668 4304 858 4375 maximum
875 4317 911 4375 et
927 4303 1021 4374 illum
1039 4304 1211 4396 optimum
1229 4303 1281 4375 vi·

207 4444 283 4494 rum
301 4422 361 4514 qui
380 4424 496 4496 omnia
515 4424 627 4519 possit
647 4424 740 4518 apud
759 4444 888 4513 regem.
904 4424 1069 4494 lllietiam
1086 4444 1150 4495 sua
1164 4424 1283 4518 potius
