2738 5062
185 657 245 717 290
526 668 566 715 m:
589 667 688 715 nunus
710 666 930 716 rnntnmnmus

186 806 231 876 sit
264 815 432 896 uterque:
467 812 669 894 tantamque
696 802 779 871 mihi
808 803 1025 874 dulwdioem
1056 801 1156 874 affert
1189 804 1277 876 facti

185 923 363 1007 memorie,
385 934 552 1016 quantum
582 924 644 994 vix
669 922 958 996 obtrectatoribus
988 925 1076 994 meis
1104 926 1278 999 amaritu-

185 1049 276 1122 dinis
302 1048 517 1140 importaret,
545 1045 576 1116 si
602 1049 669 1117 tale
696 1046 827 1140 aliquid
858 1068 925 1119 non
951 1044 1065 1116 dicam
1099 1048 1273 1130 facerent,

185 1190 229 1240 ne
248 1168 498 1262 impossibilem
519 1167 750 1238 conditionem
778 1167 946 1239 adhibere
968 1166 1106 1250 videar,
1130 1168 1194 1240 sed
1218 1171 1276 1241 fa·

186 1312 265 1362 cere
282 1301 499 1382 cogerentur.
519 1290 724 1362 Accesserat
743 1289 955 1362 haereditatis
973 1289 1120 1360 huiusce
1136 1289 1183 1361 de
1197 1313 1274 1383 qua

187 1416 308 1507 loquor
334 1412 453 1505 quinta
479 1412 640 1505 quaedam
667 1413 847 1506 particula,
872 1412 1013 1504 reliquis
1038 1412 1179 1505 quidem
1206 1413 1276 1484 im-

187 1559 261 1630 par,
281 1535 342 1608 sed
361 1556 443 1630 quae
460 1523 616 1607 locorum
640 1534 815 1607 vicinitate
836 1534 897 1605 tibi
914 1534 1174 1607 convenientior
1191 1537 1273 1608 visa

188 1661 244 1731 sit.
266 1662 362 1731 Hanc
388 1679 499 1753 nuper
515 1657 666 1730 oblatam
689 1657 772 1727 mibi
789 1656 941 1750 eripiens
960 1654 1021 1725 tibi
1038 1656 1129 1728 dedi.
1148 1657 1274 1749 ltaque

188 1804 252 1876 per
273 1783 364 1854 bunc
389 1781 504 1876 ipsum
531 1779 694 1851 nuncium
718 1778 926 1871 apostolicas
946 1779 1078 1849 litteras
1098 1777 1270 1871 excipies,

189 1907 223 1976 in
256 1905 384 1998 quibus
419 1912 453 1973 te
486 1902 718 1974 Mutinensem
752 1901 955 1972 canonicum
989 1902 1116 1972 factum
1155 1901 1270 1992 leges,

189 2050 357 2121 measque
378 2027 494 2110 simul,
514 2026 642 2118 quibus
662 2035 694 2096 te
711 2023 802 2094 illius
820 2022 917 2094 urbis
935 2021 1075 2095 domino
1092 2044 1274 2094 commen-

189 2150 344 2221 dandum
364 2149 463 2232 duxi,
485 2149 540 2218 cui
562 2170 666 2239 quam
689 2147 753 2218 sim
775 2166 879 2216 carus
899 2145 990 2216 nosti
1014 2145 1154 2237 optime.
1182 2144 1273 2217 Vide

191 2291 283 2339 nunc
303 2278 337 2341 et
357 2270 393 2338 in
414 2269 551 2340 silentio
572 2267 685 2340 iudica
704 2276 834 2361 quanta
855 2265 944 2338 fides
963 2266 1019 2338 vel
1040 2266 1175 2338 illorum
1197 2288 1273 2338 ma·

192 2389 339 2473 ledictis,
366 2392 420 2460 vel
442 2390 527 2459 meis
548 2388 810 2460 defensionibus
832 2388 877 2458 sit
897 2385 1074 2458 habenda:
1095 2398 1189 2460 notae
1211 2387 1272 2459 tibi

141 2498 145 2506 ⁴
191 2520 274 2582 sunt
294 2523 422 2605 partes,
442 2520 574 2583 rectum
593 2510 772 2594 iudicium,
791 2531 893 2602 aequa
909 2512 1003 2580 lanx.
1025 2511 1085 2580 Sin
1106 2509 1272 2583 iudicium

191 2656 308 2706 meum
329 2635 398 2716 vis,
418 2635 560 2705 Senecae
578 2630 697 2704 verbis
718 2632 803 2704 illud
823 2633 958 2725 accipe:
977 2634 1080 2702 nitito
1094 2634 1204 2725 pluria
1221 2656 1273 2704 me

96 2782 99 2786 ·
191 2758 307 2827 limum
328 2759 428 2827 cerba
446 2761 570 2847 fucere,
592 2777 690 2845 quam
710 2766 826 2824 uentre
845 2753 986 2825 redditos
1007 2757 1158 2847 crepitus.
1179 2756 1273 2840 Quid

191 2880 296 2964 enim,
314 2901 376 2951 oro
394 2889 443 2963 te,
464 2881 652 2971 refertque
674 2889 770 2971 parte
786 2877 941 2971 corporis
959 2876 1106 2971 turpiter
1126 2883 1273 2950 sonent?

191 3001 236 3071 Et
268 3004 421 3095 profecto
446 3003 538 3072 nulla
566 3001 660 3072 stulti
686 3022 747 3072 ore
773 3022 854 3092 pars
879 2999 1062 3072 obscenior
1088 3010 1154 3071 est.
1179 3001 1273 3085 Quid

191 3134 306 3196 autem
327 3126 404 3197 aliis
425 3126 593 3195 intentum
617 3124 814 3216 importuno
834 3125 959 3194 latratu
976 3122 1089 3194 rabidi
1107 3130 1146 3193 et
1163 3125 1273 3196 fame·

191 3246 245 3317 lici
266 3268 371 3318 canes
391 3245 597 3337 exagitant?
616 3245 670 3314 An
687 3247 806 3316 forsan
822 3244 985 3329 oderunt,
1003 3255 1040 3315 et
1055 3243 1174 3316 odium
1192 3266 1273 3317 ver-

192 3365 247 3436 bis
259 3368 409 3457 explent,
425 3367 591 3457 ignavum
609 3367 738 3458 vulgus
755 3377 791 3436 et
806 3365 959 3449 imbelle,
973 3365 1102 3460 quibus
1120 3366 1273 3440 sordidae

192 3493 321 3584 linguae
341 3491 436 3589 acies
462 3493 535 3561 sola
560 3492 640 3562 esti
667 3490 713 3561 At
737 3511 800 3560 cur
827 3489 965 3561 oderint
989 3489 1092 3560 nullis
1117 3506 1272 3583 unquam

192 3612 327 3685 iniuriis
347 3610 513 3695 lacessiti,
536 3613 603 3683 nisi
624 3633 759 3683 morum
781 3612 934 3703 vitaeque
954 3612 1208 3683 dissonantium
1226 3612 1273 3685 ad

193 3733 353 3805 iniuriam
367 3732 530 3805 trahunt?
548 3735 603 3805 An
623 3730 737 3827 potius
757 3732 936 3804 invidenti
956 3733 1024 3804 Sed
1044 3731 1133 3803 inter
1154 3755 1271 3827 pares,

194 3864 232 3928 ut
254 3855 391 3939 dicitur,
414 3875 495 3927 esse
521 3859 610 3927 solet
635 3853 776 3926 invidia.
803 3855 858 3926 An
883 3858 970 3928 forte
990 3855 1078 3928 ebrii
1099 3858 1274 3928 somniant

192 3990 230 4048 et
244 3979 278 4048 in
297 3978 431 4051 somnio
448 3978 657 4071 loquuntur?
673 3977 746 4049 lloc
762 3978 882 4050 verius
895 3978 1042 4071 opinari,
1060 3979 1126 4050 hoc
1142 3979 1272 4049 sentire

193 4102 384 4172 maluerim.
422 4104 572 4174 Somnus
609 4112 757 4172 excuset
792 4101 989 4172 amentiam.
1019 4101 1127 4172 Multa
1153 4100 1275 4173 dicunt

194 4231 231 4293 et
258 4221 388 4292 faciunt
417 4222 645 4304 dormientes,
680 4244 828 4314 quorum
862 4220 1061 4293 meminisse
1093 4233 1275 4316 nequeunt

194 4344 406 4438 experrecti:
428 4343 526 4414 multi
547 4356 642 4428 sunt,
663 4365 814 4437 quorum
835 4343 905 4414 vita
927 4364 1040 4436 usque
1065 4341 1113 4415 ad
1136 4343 1274 4416 exitum

196 4485 340 4539 somnus
359 4471 424 4534 est.
447 4465 542 4546 Haec,
564 4464 689 4548 amice,
710 4464 782 4548 tibi,
806 4476 875 4537 tum
897 4467 1102 4557 scrupulose
1120 4464 1274 4539 dictante
