2738 5062
157 642 217 703 300
495 654 536 703 nn
557 652 658 702 nesus
680 652 901 701 runrnrunrnus

155 793 203 862 ita
220 790 303 873 sint,
323 789 446 872 facilis,
466 787 533 858 nisi
549 789 656 870 lallor,
676 787 709 856 iu
728 797 905 880 posterum
927 786 1062 857 cautela
1082 796 1149 857 est.
1167 786 1240 858 Ve-

156 923 212 983 tus
224 919 280 982 est
295 909 454 993 verbum,
470 911 578 980 multa
592 908 670 980 ideo
685 910 773 979 male
793 906 868 979 fieri
885 908 981 1000 quod
999 906 1239 981 tantummodo

156 1035 265 1106 semel
291 1029 391 1115 fiant,
419 1053 532 1123 neque
556 1031 601 1101 sit
627 1028 762 1100 reditus
788 1032 898 1100 semel
924 1028 1133 1100 errantibus.
1161 1031 1236 1102 Vos

155 1177 224 1226 una
250 1162 354 1224 aetate
379 1152 433 1223 bis
458 1152 588 1235 felices,
610 1152 695 1245 quid
721 1147 784 1223 vos
806 1151 1089 1245 praecipitaverit,
1112 1151 1241 1243 quida

155 1276 267 1368 prima
283 1275 444 1346 felicitate
469 1275 635 1347 deiecerit
660 1274 879 1357 meministis;
901 1296 1015 1366 neque
1035 1275 1128 1345 enirn
1148 1277 1241 1346 anti-

154 1418 224 1490 qua
245 1417 301 1468 res
320 1408 391 1468 est:
413 1397 605 1469 domestico
626 1395 840 1467 memorabili
860 1416 902 1466 uc
923 1396 1054 1467 recenti
1074 1398 1239 1491 exemplo

155 1517 245 1590 docti
266 1519 369 1603 estis,
391 1540 462 1611 quo
494 1521 572 1612 plus
602 1518 788 1601 felicitatis,
817 1539 860 1589 eo
893 1518 1013 1589 maiori
1040 1538 1130 1611 opus
1154 1539 1239 1591 esse

155 1643 324 1714 custodia.
347 1643 479 1713 Tenere
498 1642 590 1713 enim
618 1663 675 1712 res
699 1651 754 1712 est
774 1641 927 1711 humana
947 1641 1174 1734 prosperitas,
1202 1653 1240 1712 et

155 1786 287 1858 anceps
320 1774 355 1836 et
383 1763 526 1835 lubrica.
548 1761 666 1834 Nostis
692 1763 739 1834 nil
759 1761 861 1833 vobis
894 1761 960 1833 nisi
993 1784 1090 1834 arma
1117 1773 1241 1836 vestra

155 1900 258 1981 atque
273 1888 471 1959 intestinam
485 1886 696 1958 discordiam
713 1886 888 1956 nocuisse.
902 1886 955 1954 Eu
969 1884 1090 1956 vivere
1109 1885 1239 1957 iterum

154 2010 319 2106 incipitis:
347 2004 583 2100 recognoscite
609 2029 756 2100 gressus
783 2015 935 2090 vestros,
970 2017 1005 2077 et
1036 2018 1160 2081 cavete
1193 2030 1241 2084 ne

155 2131 289 2203 eisdem
303 2130 461 2220 vestigiis
478 2131 601 2203 eodem
619 2130 831 2203 relabamini.
846 2129 882 2199 Si
896 2128 962 2199 hoc
977 2127 1152 2216 caveritis,
1167 2154 1241 2206 cae-

157 2263 231 2322 tera
252 2263 325 2321 tuta
347 2261 442 2334 sunt;
464 2252 615 2323 victores
641 2252 801 2324 exomni
823 2252 896 2323 acie
917 2249 1085 2322 redibitis.
1113 2251 1240 2328 Arnate

156 2393 221 2444 vos
242 2372 405 2454 invicem,
427 2382 543 2442 amate
564 2373 746 2456 iustitiam,
765 2384 878 2445 amate
900 2395 1036 2468 pacem,
1055 2384 1091 2444 et
1112 2374 1142 2445 si
1164 2385 1241 2448 stu-

155 2492 251 2565 dium
272 2491 352 2563 belli
374 2504 480 2576 tenet,
500 2494 545 2564 ite
567 2493 601 2564 iu
623 2493 713 2565 bella
734 2494 886 2565 feliciter.
909 2496 1092 2589 Nunquam
1114 2497 1239 2570 hostes

156 2613 313 2686 deerunt.
336 2615 482 2686 Tantum
504 2614 603 2687 bellis
623 2615 783 2688 civilibus
805 2617 987 2689 abstinete.

297 2762 441 2832 Ariniona,
458 2763 590 2820 Kalendis
604 2763 775 2821 Nouembris.

573 3183 751 3248 EPISTOLA
772 3184 816 3247 Vl.

233 3368 428 3419 rnnnclsclts
449 3369 618 3419 serenent
639 3369 713 3419 nuel
733 3369 775 3417 ET
797 3368 941 3418 CONSILIO
962 3369 1159 3420 RElPUBLICAE

538 3474 705 3524 lundensis
726 3475 752 3523 S.
774 3475 803 3522 P.
825 3474 854 3521 D.

175 3638 296 3692 Laetatur
309 3636 414 3691 bellum
429 3636 464 3691 ab
478 3637 512 3691 iis
526 3653 590 3691 cum
604 3654 669 3708 rege
683 3643 856 3710 susceptum,
872 3639 1054 3713 hortaturque
1068 3648 1100 3697 ut
1114 3643 1142 3696 in
1158 3643 1218 3698 einr

470 3724 583 3780 exitium
597 3731 755 3782 constanter
770 3727 924 3783 conficiant.

254 3958 354 4041 Quod
376 3957 537 4051 optabam
562 3957 679 4029 video:
700 3957 746 4029 ub
767 3966 845 4029 ortu
865 3957 911 4030 ad
931 3980 1094 4032 occasum
1118 3962 1236 4033 victri-

154 4081 207 4152 cia
229 4082 329 4172 signa
349 4080 564 4153 convertitis.
583 4081 645 4152 Hic
662 4101 785 4173 precor
806 4080 1006 4165 incumbite,
1027 4082 1094 4153 viri
1110 4085 1233 4168 fortes,

156 4203 222 4275 boc
241 4203 348 4293 agite:
372 4203 435 4275 boc
461 4205 570 4295 pium,
597 4204 663 4275 hoc
688 4205 833 4286 iustum,
867 4203 933 4274 hoc
967 4213 1140 4288 sanctum,
1170 4207 1236 4280 boc

155 4323 295 4395 minime
316 4323 466 4395 italicum
488 4324 616 4397 bellum
636 4335 706 4408 est;
728 4325 783 4397 hic
803 4325 852 4396 rei
874 4324 1031 4397 militaris
1050 4324 1234 4398 artificium

155 4456 260 4541 atque
279 4444 414 4518 animos
434 4467 615 4530 exercere,
639 4447 695 4518 hic
716 4467 780 4519 vos
803 4447 966 4539 impetum
995 4447 1094 4540 sequi
1115 4449 1232 4542 cupio,
