2738 5062
146 714 201 775 ttttt
475 726 515 772 nu
537 725 637 772 nunus
658 724 878 773 subintramus

143 875 179 935 et
199 864 276 943 tide,
298 872 332 931 et
351 881 431 951 qum
452 860 485 927 iu
499 859 654 929 eamdem
675 859 878 929 sententiam
901 836 1111 951 sequuntur:
1131 880 1212 932 con·

142 986 290 1057 corditer
309 981 499 1053 vivendum
520 1004 600 1051 csse
617 1004 696 1052 cum
716 980 804 1063 suis;
823 981 1005 1053 concordia
1024 981 1117 1051 euim
1135 1005 1213 1075 par-

145 1130 207 1178 vas
227 1126 396 1187 crescere,
423 1104 595 1175 discordia
620 1105 793 1175 maximas
820 1125 875 1175 res
900 1103 1016 1175 dilabi.
1042 1106 1212 1199 Exemplo

144 1229 187 1297 lll.
208 1225 371 1320 Agrippae
388 1227 572 1318 plurimum
590 1227 669 1297 huic
687 1228 866 1298 sententiae
882 1225 1016 1311 debeat,
1035 1250 1211 1320 perquam

142 1362 177 1422 et
196 1353 300 1419 trater
320 1360 356 1419 et
377 1351 491 1420 socius
511 1360 547 1419 et
566 1348 697 1420 amicus
718 1360 754 1421 et
773 1372 835 1420 rex
858 1349 970 1419 bonus
996 1347 1065 1419 [iet.
1086 1348 1214 1421 Amici-

143 1474 199 1543 tiis
216 1467 295 1565 post
310 1474 433 1556 Deum,
453 1481 531 1564 post
547 1473 710 1541 virtutem
724 1472 809 1541 nibil
821 1473 936 1543 carius
949 1470 1090 1542 babeat:
1108 1492 1213 1563 quem

144 1597 251 1666 semel
271 1594 419 1665 amicitia
439 1594 583 1685 dignum
601 1593 743 1665 drixerit
758 1595 852 1664 nulla
868 1593 999 1664 consilii
1013 1603 1111 1686 parte
1130 1592 1214 1665 sub-

143 1729 298 1788 moveat:
333 1739 553 1810 sequensque
586 1719 727 1788 Senecae
758 1716 952 1799 consilium,
987 1716 1104 1787 omnia
1133 1738 1213 1787 cum

143 1842 253 1912 amico
276 1840 455 1924 deliberet,
481 1841 544 1911 sed
564 1841 609 1911 de
633 1841 710 1935 ipso
731 1840 836 1933 prius.
858 1838 1003 1909 blultum
1024 1837 1122 1923 sudat,
1150 1840 1214 1911 sed

143 1987 212 2035 non
229 1965 361 2035 multis:
378 1975 413 2035 et
430 1964 567 2034 insistat
580 1986 700 2034 uerum
715 1963 862 2033 amicum
876 1983 897 2030 a
910 1959 1035 2031 blando
1049 1962 1151 2033 hoste
1162 1958 1215 2033 di-

143 2089 447 2157 memoraveras
469 2087 589 2157 laudes
609 2086 752 2181 accipiat
778 2096 815 2155 ut
834 2085 1002 2154 virtutum
1032 2084 1212 2170 stimulos,

142 2207 325 2279 blanditias
342 2219 498 2280 coerceat
516 2220 553 2278 ut
570 2231 754 2280 vencnum.
773 2208 884 2279 Tarde
900 2218 957 2278 eat
969 2208 1001 2279 in
1017 2206 1212 2290 amicitiam,

141 2330 273 2401 tardius
291 2330 370 2400 inde
386 2331 555 2412 discedat,
570 2341 613 2415 et,
630 2331 658 2401 si
680 2331 752 2402 fieri
773 2342 897 2426 potest,
915 2353 1111 2423 nunquam:
1132 2330 1169 2403 id
1187 2332 1215 2401 i-

141 2473 242 2545 psum
268 2475 335 2523 non
356 2453 612 2546 praecipitanter
637 2453 699 2524 sed
725 2455 934 2547 pedetentim
959 2455 1075 2538 saciat,
1103 2464 1151 2541 et,
1180 2468 1215 2529 ut

140 2586 194 2648 est
206 2576 347 2668 antiquo
360 2575 553 2668 proverbio,
573 2575 708 2647 dissuat
725 2576 923 2660 amicitiam,
943 2598 1011 2646 non
1029 2577 1213 2651 discindat.

140 2701 283 2783 Qualem
305 2710 459 2790 prmstat,
484 2701 586 2769 talem
607 2700 652 2770 ab
672 2700 747 2771 aliis
773 2700 926 2771 animum
949 2712 1080 2794 speret,
1102 2722 1215 2794 neque

140 2844 161 2891 a
179 2844 355 2915 quoquam
373 2823 468 2914 diligi
486 2823 551 2893 sibi
566 2822 689 2914 lingat,
704 2845 809 2916 quom
831 2824 906 2917 ipsc
923 2846 992 2894 nou
1009 2824 1134 2916 diligit.
1151 2827 1214 2897 Er·

140 2968 196 3017 ror
217 2946 281 3017 iste
302 2956 480 3039 potentum
500 2955 564 3017 est.
586 2946 768 3017 Liberrimi
794 2956 909 3017 autem
937 2957 1019 3017 sunt
1043 2947 1212 3020 allectus:

140 3068 259 3161 iugum
280 3092 348 3141 uon
369 3072 493 3152 lerunt,
514 3068 691 3141 dominum
718 3089 786 3138 non
813 3079 1018 3158 agnoscunt3
1038 3092 1213 3163 nunquam

139 3213 237 3263 amor
257 3194 323 3262 nisi
344 3215 460 3262 amoro
481 3193 627 3283 cogitur.
649 3195 697 3261 Do
715 3191 826 3262 amico
848 3213 931 3262 sane
952 3191 1037 3261 nibil
1059 3195 1142 3263 mali
1158 3216 1214 3267 oo-

139 3316 237 3406 gilot,
261 3314 344 3381 nibil
366 3324 495 3384 temere
514 3306 676 3407 cuiqnam
696 3315 829 3385 credat:
851 3316 953 3408 pellat
973 3316 1213 3407 suspiciones,

139 3436 351 3507 delatoribus
372 3458 491 3507 aurem
513 3448 627 3528 neget,
651 3439 859 3530 pertinacius
880 3439 1051 3510 instantes
1072 3450 1211 3531 arguat,

139 3582 208 3630 non
228 3560 428 3631 desinentes
455 3560 583 3651 puniat.
611 3562 833 3652 Imperatoria
859 3584 931 3633 vox
956 3573 1026 3633 est:
1054 3563 1216 3657 Princeps

140 3683 198 3769 qui
227 3680 384 3750 delatores
418 3703 484 3749 aon
514 3682 660 3771 costipot,
690 3682 808 3751 irritet.
836 3681 1035 3756 Alexander
1059 3686 1213 3769 blaced0,

139 3804 219 3875 licet
238 3804 553 3898 impetuosissimus
573 3805 785 3887 adolescens,
808 3805 936 3876 eximia
956 3819 1070 3878 tamen
1087 3807 1214 3882 fiducia

139 3927 346 4019 contempsit
358 3937 607 4011 accusatorem,
623 3938 657 3998 ct
673 3929 756 3997 felix
773 3928 834 3998 luit
850 3941 1007 4013 eventus
1026 3942 1065 4001 ut
1082 3931 1215 4003 debuit.

140 4048 315 4141 Siquidem
338 4062 528 4143 porrectam
551 4051 616 4123 sibi
643 4052 814 4144 potionem
840 4074 860 4122 a
885 4053 1039 4147 Philippo
1064 4054 1213 4137 medico,

140 4197 242 4268 quem
264 4178 410 4259 amabat,
433 4177 648 4249 inmanibus
673 4176 828 4260 babenti,
857 4188 1137 4268 supervenerunt
1160 4179 1217 4250 lit-

142 4310 225 4369 tcrae
241 4322 260 4370 a
277 4302 509 4385 Parmenione,
524 4301 651 4393 quibus
665 4299 923 4384 admonebatur,
941 4300 1133 4396 l‘bilippurn
1147 4304 1214 4373 Da-

142 4421 182 4492 rii
201 4423 402 4493 muneribus
436 4434 672 4516 expugnatum
703 4445 821 4494 necem
856 4421 934 4493 cius
967 4424 1059 4495 bosti
1084 4425 1215 4518 promi-

142 4544 245 4615 sisse:
260 4544 375 4635 itaque
387 4544 560 4616 cavendas
574 4546 728 4627 insidias,
748 4558 783 4617 et
800 4546 1009 4617 mortiferam
1026 4548 1212 4638 potionem.
