<?xml version="1.0" encoding="UTF-8"?>
<!DOCTYPE html PUBLIC "-//W3C//DTD XHTML 1.0 Transitional//EN"
    "http://www.w3.org/TR/xhtml1/DTD/xhtml1-transitional.dtd">
<html xmlns="http://www.w3.org/1999/xhtml" xml:lang="en" lang="en">
 <head>
  <title>
</title>
<meta http-equiv="Content-Type" content="text/html;charset=utf-8" />
  <meta name='ocr-system' content='tesseract 3.04.00' />
  <meta name='ocr-capabilities' content='ocr_page ocr_carea ocr_par ocr_line ocrx_word'/>
</head>
<body>
  <div class='ocr_page' id='page_1' title='image "./epistolaederebu02fracgoog_0248.png"; bbox 0 0 2738 5062; ppageno 0'>
   <div class='ocr_carea' id='block_1_1' title="bbox 349 596 1215 672">
    <p class='ocr_par' dir='ltr' id='par_1_1' title="bbox 349 596 1215 672">
     <span class='ocr_line' id='line_1_1' title="bbox 349 596 1215 672; baseline -0.009 0"><span class='ocrx_word' id='word_1_1' title='bbox 349 622 440 672; x_wconf 77' lang='lat' dir='ltr'>LIBER</span> <span class='ocrx_word' id='word_1_2' title='bbox 462 622 743 671; x_wconf 72' lang='lat' dir='ltr'>bedinussenutbs.</span> <span class='ocrx_word' id='word_1_3' title='bbox 757 640 793 651; x_wconf 91' lang='grc'>·-</span> <span class='ocrx_word' id='word_1_4' title='bbox 807 621 961 671; x_wconf 72' lang='lat' dir='ltr'>epistota</span> <span class='ocrx_word' id='word_1_5' title='bbox 973 596 1023 671; x_wconf 68' lang='lat' dir='ltr'>&#39;tt</span> <span class='ocrx_word' id='word_1_6' title='bbox 1156 607 1215 669; x_wconf 57' lang='lat'><strong>&#39;⁹239</strong></span> 
     </span>
    </p>
   </div>
   <div class='ocr_carea' id='block_1_2' title="bbox 87 757 1222 4166">
    <p class='ocr_par' dir='ltr' id='par_1_2' title="bbox 141 757 1222 3671">
     <span class='ocr_line' id='line_1_2' title="bbox 145 757 1218 855; baseline 0 -24"><span class='ocrx_word' id='word_1_7' title='bbox 145 764 176 831; x_wconf 93' lang='lat' dir='ltr'>in</span> <span class='ocrx_word' id='word_1_8' title='bbox 194 758 342 855; x_wconf 84' lang='lat' dir='ltr'>patriam</span> <span class='ocrx_word' id='word_1_9' title='bbox 363 757 465 832; x_wconf 88' lang='lat' dir='ltr'>vobis</span> <span class='ocrx_word' id='word_1_10' title='bbox 485 759 684 851; x_wconf 81' lang='lat' dir='ltr'>optantibus</span> <span class='ocrx_word' id='word_1_11' title='bbox 706 760 960 842; x_wconf 84' lang='lat' dir='ltr'>transmissam,</span> <span class='ocrx_word' id='word_1_12' title='bbox 989 757 1123 832; x_wconf 87' lang='lat' dir='ltr'>habetis</span> <span class='ocrx_word' id='word_1_13' title='bbox 1146 770 1218 831; x_wconf 89' lang='lat' dir='ltr'>stn-</span> 
     </span>
     <span class='ocr_line' id='line_1_3' title="bbox 142 879 1217 975; baseline -0.003 -18"><span class='ocrx_word' id='word_1_14' title='bbox 142 884 310 975; x_wconf 87' lang='lat' dir='ltr'>dioseque</span> <span class='ocrx_word' id='word_1_15' title='bbox 327 881 450 973; x_wconf 81' lang='lat' dir='ltr'>tegitis,</span> <span class='ocrx_word' id='word_1_16' title='bbox 469 880 563 975; x_wconf 88' lang='lat' dir='ltr'>quod</span> <span class='ocrx_word' id='word_1_17' title='bbox 584 883 618 952; x_wconf 94' lang='lat' dir='ltr'>in</span> <span class='ocrx_word' id='word_1_18' title='bbox 640 883 762 953; x_wconf 81' lang='lat' dir='ltr'>titteris</span> <span class='ocrx_word' id='word_1_19' title='bbox 780 879 859 953; x_wconf 90' lang='lat' dir='ltr'>inde</span> <span class='ocrx_word' id='word_1_20' title='bbox 880 880 1101 953; x_wconf 88' lang='lat' dir='ltr'>venientibus</span> <span class='ocrx_word' id='word_1_21' title='bbox 1122 905 1217 954; x_wconf 90' lang='lat' dir='ltr'>reco-</span> 
     </span>
     <span class='ocr_line' id='line_1_4' title="bbox 141 1002 1219 1099; baseline -0.003 -22"><span class='ocrx_word' id='word_1_22' title='bbox 141 1027 282 1099; x_wconf 80' lang='lat' dir='ltr'>gnosco.</span> <span class='ocrx_word' id='word_1_23' title='bbox 316 1002 407 1086; x_wconf 89' lang='lat' dir='ltr'><strong>Quid</strong></span> <span class='ocrx_word' id='word_1_24' title='bbox 432 1025 518 1075; x_wconf 88' lang='lat' dir='ltr'>vero</span> <span class='ocrx_word' id='word_1_25' title='bbox 542 1027 634 1076; x_wconf 92' lang='lat' dir='ltr'>nunc</span> <span class='ocrx_word' id='word_1_26' title='bbox 659 1003 795 1076; x_wconf 83' lang='lat' dir='ltr'>dicam?</span> <span class='ocrx_word' id='word_1_27' title='bbox 825 1004 967 1076; x_wconf 81' lang='lat' dir='ltr'>Gaudeo</span> <span class='ocrx_word' id='word_1_28' title='bbox 989 1005 1149 1097; x_wconf 87' lang='lat' dir='ltr'>equidem</span> <span class='ocrx_word' id='word_1_29' title='bbox 1184 1016 1219 1077; x_wconf 90' lang='lat' dir='ltr'>ct</span> 
     </span>
     <span class='ocr_line' id='line_1_5' title="bbox 141 1126 1220 1225; baseline 0 -25"><span class='ocrx_word' id='word_1_30' title='bbox 141 1132 327 1225; x_wconf 86' lang='lat' dir='ltr'>plusquam</span> <span class='ocrx_word' id='word_1_31' title='bbox 342 1126 410 1199; x_wconf 91' lang='lat' dir='ltr'>dici</span> <span class='ocrx_word' id='word_1_32' title='bbox 430 1128 542 1221; x_wconf 84' lang='lat' dir='ltr'>possit</span> <span class='ocrx_word' id='word_1_33' title='bbox 558 1128 721 1219; x_wconf 81' lang='lat' dir='ltr'>gratulor,</span> <span class='ocrx_word' id='word_1_34' title='bbox 738 1136 868 1200; x_wconf 91' lang='lat' dir='ltr'>tantum</span> <span class='ocrx_word' id='word_1_35' title='bbox 882 1128 985 1199; x_wconf 89' lang='lat' dir='ltr'>etiam</span> <span class='ocrx_word' id='word_1_36' title='bbox 1003 1150 1094 1200; x_wconf 90' lang='lat' dir='ltr'>nnnc</span> <span class='ocrx_word' id='word_1_37' title='bbox 1111 1130 1220 1217; x_wconf 86' lang='lat' dir='ltr'>bono·</span> 
     </span>
     <span class='ocr_line' id='line_1_6' title="bbox 141 1248 1218 1345; baseline -0.001 -23"><span class='ocrx_word' id='word_1_38' title='bbox 141 1272 214 1322; x_wconf 89' lang='lat' dir='ltr'>rem</span> <span class='ocrx_word' id='word_1_39' title='bbox 229 1249 340 1321; x_wconf 83' lang='lat' dir='ltr'>Musis</span> <span class='ocrx_word' id='word_1_40' title='bbox 357 1269 447 1332; x_wconf 89' lang='lat' dir='ltr'>esse,</span> <span class='ocrx_word' id='word_1_41' title='bbox 462 1250 627 1343; x_wconf 88' lang='lat' dir='ltr'>quodque</span> <span class='ocrx_word' id='word_1_42' title='bbox 643 1249 756 1341; x_wconf 78' lang='lat' dir='ltr'>magis</span> <span class='ocrx_word' id='word_1_43' title='bbox 770 1248 915 1333; x_wconf 87' lang='lat' dir='ltr'>mireris,</span> <span class='ocrx_word' id='word_1_44' title='bbox 931 1251 1024 1345; x_wconf 93' lang='lat' dir='ltr'>apud</span> <span class='ocrx_word' id='word_1_45' title='bbox 1040 1251 1218 1323; x_wconf 85' lang='lat' dir='ltr'>Musarum</span> 
     </span>
     <span class='ocr_line' id='line_1_7' title="bbox 142 1371 1217 1468; baseline -0.001 -24"><span class='ocrx_word' id='word_1_46' title='bbox 142 1372 289 1456; x_wconf 90' lang='lat' dir='ltr'>inscios,</span> <span class='ocrx_word' id='word_1_47' title='bbox 311 1383 351 1442; x_wconf 92' lang='lat' dir='ltr'>ut</span> <span class='ocrx_word' id='word_1_48' title='bbox 374 1372 562 1457; x_wconf 89' lang='lat' dir='ltr'>hominem,</span> <span class='ocrx_word' id='word_1_49' title='bbox 585 1371 738 1467; x_wconf 87' lang='lat' dir='ltr'>alioquin</span> <span class='ocrx_word' id='word_1_50' title='bbox 757 1372 843 1468; x_wconf 91' lang='lat' dir='ltr'>ipsis</span> <span class='ocrx_word' id='word_1_51' title='bbox 861 1372 1032 1445; x_wconf 88' lang='lat' dir='ltr'>iudicibus</span> <span class='ocrx_word' id='word_1_52' title='bbox 1050 1374 1217 1456; x_wconf 89' lang='lat' dir='ltr'>invisum,</span> 
     </span>
     <span class='ocr_line' id='line_1_8' title="bbox 142 1494 1220 1588; baseline 0.002 -21"><span class='ocrx_word' id='word_1_53' title='bbox 142 1498 281 1569; x_wconf 83' lang='lat' dir='ltr'>salvare</span> <span class='ocrx_word' id='word_1_54' title='bbox 304 1494 441 1587; x_wconf 76' lang='lat' dir='ltr'>possint</span> <span class='ocrx_word' id='word_1_55' title='bbox 466 1496 540 1566; x_wconf 86' lang='lat' dir='ltr'>soto</span> <span class='ocrx_word' id='word_1_56' title='bbox 564 1495 714 1567; x_wconf 87' lang='lat' dir='ltr'>nomine.</span> <span class='ocrx_word' id='word_1_57' title='bbox 740 1495 832 1581; x_wconf 88' lang='lat' dir='ltr'>Quid</span> <span class='ocrx_word' id='word_1_58' title='bbox 858 1497 936 1588; x_wconf 87' lang='lat' dir='ltr'>pius</span> <span class='ocrx_word' id='word_1_59' title='bbox 968 1495 1036 1566; x_wconf 92' lang='lat' dir='ltr'>sub</span> <span class='ocrx_word' id='word_1_60' title='bbox 1059 1496 1220 1588; x_wconf 78' lang='lat' dir='ltr'>Augusto</span> 
     </span>
     <span class='ocr_line' id='line_1_9' title="bbox 142 1616 1218 1710; baseline -0.003 -19"><span class='ocrx_word' id='word_1_61' title='bbox 142 1618 283 1691; x_wconf 76' lang='lat' dir='ltr'>Caesare</span> <span class='ocrx_word' id='word_1_62' title='bbox 297 1616 515 1700; x_wconf 88' lang='lat' dir='ltr'>meruissent,</span> <span class='ocrx_word' id='word_1_63' title='bbox 534 1617 674 1710; x_wconf 86' lang='lat' dir='ltr'>quando</span> <span class='ocrx_word' id='word_1_64' title='bbox 690 1616 758 1687; x_wconf 87' lang='lat' dir='ltr'>illis</span> <span class='ocrx_word' id='word_1_65' title='bbox 776 1639 933 1688; x_wconf 88' lang='lat' dir='ltr'>summus</span> <span class='ocrx_word' id='word_1_66' title='bbox 948 1619 1056 1690; x_wconf 92' lang='lat' dir='ltr'>honor</span> <span class='ocrx_word' id='word_1_67' title='bbox 1069 1618 1218 1701; x_wconf 77' lang='lat' dir='ltr'>babitus</span> 
     </span>
     <span class='ocr_line' id='line_1_10' title="bbox 142 1738 1220 1834; baseline -0.002 -21"><span class='ocrx_word' id='word_1_68' title='bbox 142 1738 284 1834; x_wconf 89' lang='lat' dir='ltr'>quando</span> <span class='ocrx_word' id='word_1_69' title='bbox 303 1738 360 1809; x_wconf 87' lang='lat' dir='ltr'>ille</span> <span class='ocrx_word' id='word_1_70' title='bbox 384 1749 501 1811; x_wconf 90' lang='lat' dir='ltr'>vatum</span> <span class='ocrx_word' id='word_1_71' title='bbox 527 1761 574 1809; x_wconf 82' lang='lat' dir='ltr'>cx</span> <span class='ocrx_word' id='word_1_72' title='bbox 600 1739 693 1811; x_wconf 94' lang='lat' dir='ltr'>omni</span> <span class='ocrx_word' id='word_1_73' title='bbox 719 1741 861 1831; x_wconf 79' lang='lat' dir='ltr'>regione</span> <span class='ocrx_word' id='word_1_74' title='bbox 888 1760 1079 1811; x_wconf 82' lang='lat' dir='ltr'>concursus</span> <span class='ocrx_word' id='word_1_75' title='bbox 1102 1742 1220 1811; x_wconf 87' lang='lat' dir='ltr'>Rcmae</span> 
     </span>
     <span class='ocr_line' id='line_1_11' title="bbox 142 1861 1222 1957; baseline -0.002 -22"><span class='ocrx_word' id='word_1_76' title='bbox 142 1863 206 1936; x_wconf 87' lang='lat' dir='ltr'>tuit</span> <span class='ocrx_word' id='word_1_77' title='bbox 225 1862 272 1934; x_wconf 87' lang='lat' dir='ltr'>ad</span> <span class='ocrx_word' id='word_1_78' title='bbox 292 1862 517 1956; x_wconf 85' lang='lat' dir='ltr'>spectandum</span> <span class='ocrx_word' id='word_1_79' title='bbox 538 1861 841 1957; x_wconf 83' lang='lat' dir='ltr'>praeclarissimam</span> <span class='ocrx_word' id='word_1_80' title='bbox 866 1861 958 1933; x_wconf 88' lang='lat' dir='ltr'>iliam</span> <span class='ocrx_word' id='word_1_81' title='bbox 983 1863 1106 1933; x_wconf 81' lang='lat' dir='ltr'>faciem</span> <span class='ocrx_word' id='word_1_82' title='bbox 1123 1863 1222 1935; x_wconf 89' lang='lat' dir='ltr'>unici</span> 
     </span>
     <span class='ocr_line' id='line_1_12' title="bbox 143 1983 1221 2079; baseline 0 -23"><span class='ocrx_word' id='word_1_83' title='bbox 143 1983 307 2079; x_wconf 86' lang='lat' dir='ltr'>principis</span> <span class='ocrx_word' id='word_1_84' title='bbox 333 1996 368 2056; x_wconf 92' lang='lat' dir='ltr'>et</span> <span class='ocrx_word' id='word_1_85' title='bbox 394 1984 494 2056; x_wconf 85' lang='lat' dir='ltr'>amici</span> <span class='ocrx_word' id='word_1_86' title='bbox 519 1996 699 2077; x_wconf 82' lang='lat' dir='ltr'>poetarum</span> <span class='ocrx_word' id='word_1_87' title='bbox 724 1995 759 2056; x_wconf 91' lang='lat' dir='ltr'>et</span> <span class='ocrx_word' id='word_1_88' title='bbox 788 2005 906 2055; x_wconf 87' lang='lat' dir='ltr'>rerum</span> <span class='ocrx_word' id='word_1_89' title='bbox 937 1983 1099 2056; x_wconf 82' lang='lat' dir='ltr'>domini?</span> <span class='ocrx_word' id='word_1_90' title='bbox 1129 1984 1221 2069; x_wconf 88' lang='lat' dir='ltr'>Quid</span> 
     </span>
     <span class='ocr_line' id='line_1_13' title="bbox 142 2105 1221 2202; baseline -0.001 -23"><span class='ocrx_word' id='word_1_91' title='bbox 142 2108 303 2202; x_wconf 88' lang='lat' dir='ltr'>amplius,</span> <span class='ocrx_word' id='word_1_92' title='bbox 318 2128 449 2200; x_wconf 85' lang='lat' dir='ltr'>quaeso,</span> <span class='ocrx_word' id='word_1_93' title='bbox 465 2119 545 2177; x_wconf 91' lang='lat' dir='ltr'>tunc</span> <span class='ocrx_word' id='word_1_94' title='bbox 563 2105 729 2177; x_wconf 91' lang='lat' dir='ltr'>tributum</span> <span class='ocrx_word' id='word_1_95' title='bbox 747 2108 857 2180; x_wconf 89' lang='lat' dir='ltr'>Musis</span> <span class='ocrx_word' id='word_1_96' title='bbox 870 2119 975 2192; x_wconf 83' lang='lat' dir='ltr'>esset,</span> <span class='ocrx_word' id='word_1_97' title='bbox 990 2131 1093 2201; x_wconf 89' lang='lat' dir='ltr'>qnam</span> <span class='ocrx_word' id='word_1_98' title='bbox 1109 2118 1147 2179; x_wconf 92' lang='lat' dir='ltr'>ut</span> <span class='ocrx_word' id='word_1_99' title='bbox 1159 2107 1221 2178; x_wconf 93' lang='lat' dir='ltr'>ho-</span> 
     </span>
     <span class='ocr_line' id='line_1_14' title="bbox 143 2229 1218 2324; baseline 0 -21"><span class='ocrx_word' id='word_1_100' title='bbox 143 2231 282 2315; x_wconf 87' lang='lat' dir='ltr'>minem,</span> <span class='ocrx_word' id='word_1_101' title='bbox 300 2252 370 2301; x_wconf 89' lang='lat' dir='ltr'>non</span> <span class='ocrx_word' id='word_1_102' title='bbox 387 2229 505 2302; x_wconf 84' lang='lat' dir='ltr'>laboro</span> <span class='ocrx_word' id='word_1_103' title='bbox 523 2238 654 2324; x_wconf 86' lang='lat' dir='ltr'>quanto</span> <span class='ocrx_word' id='word_1_104' title='bbox 670 2230 813 2322; x_wconf 80' lang='lat' dir='ltr'>dignum</span> <span class='ocrx_word' id='word_1_105' title='bbox 831 2229 919 2314; x_wconf 87' lang='lat' dir='ltr'>odio,</span> <span class='ocrx_word' id='word_1_106' title='bbox 938 2230 1097 2304; x_wconf 88' lang='lat' dir='ltr'>odiosum</span> <span class='ocrx_word' id='word_1_107' title='bbox 1115 2245 1218 2316; x_wconf 87' lang='lat' dir='ltr'>certe,</span> 
     </span>
     <span class='ocr_line' id='line_1_15' title="bbox 144 2351 1220 2447; baseline -0.001 -23"><span class='ocrx_word' id='word_1_108' title='bbox 144 2375 256 2447; x_wconf 87' lang='lat' dir='ltr'>neque</span> <span class='ocrx_word' id='word_1_109' title='bbox 284 2351 384 2424; x_wconf 92' lang='lat' dir='ltr'>cuius</span> <span class='ocrx_word' id='word_1_110' title='bbox 411 2374 509 2424; x_wconf 89' lang='lat' dir='ltr'>reum</span> <span class='ocrx_word' id='word_1_111' title='bbox 531 2351 697 2435; x_wconf 87' lang='lat' dir='ltr'>criminis,</span> <span class='ocrx_word' id='word_1_112' title='bbox 732 2375 827 2424; x_wconf 88' lang='lat' dir='ltr'>reum</span> <span class='ocrx_word' id='word_1_113' title='bbox 859 2364 973 2425; x_wconf 88' lang='lat' dir='ltr'>tamen</span> <span class='ocrx_word' id='word_1_114' title='bbox 1008 2354 1220 2426; x_wconf 90' lang='lat' dir='ltr'>convictum·</span> 
     </span>
     <span class='ocr_line' id='line_1_16' title="bbox 144 2474 1220 2570; baseline -0.004 -22"><span class='ocrx_word' id='word_1_115' title='bbox 144 2497 211 2570; x_wconf 87' lang='lat' dir='ltr'>qne</span> <span class='ocrx_word' id='word_1_116' title='bbox 236 2485 274 2547; x_wconf 90' lang='lat' dir='ltr'>et</span> <span class='ocrx_word' id='word_1_117' title='bbox 296 2476 493 2546; x_wconf 81' lang='lat' dir='ltr'>contessum</span> <span class='ocrx_word' id='word_1_118' title='bbox 526 2474 757 2568; x_wconf 71' lang='lat' dir='ltr'>concordique</span> <span class='ocrx_word' id='word_1_119' title='bbox 789 2487 872 2548; x_wconf 89' lang='lat' dir='ltr'>voto</span> <span class='ocrx_word' id='word_1_120' title='bbox 904 2476 1057 2547; x_wconf 92' lang='lat' dir='ltr'>iudicum</span> <span class='ocrx_word' id='word_1_121' title='bbox 1085 2477 1220 2570; x_wconf 86' lang='lat' dir='ltr'>capitati</span> 
     </span>
     <span class='ocr_line' id='line_1_17' title="bbox 145 2597 1219 2692; baseline -0.001 -22"><span class='ocrx_word' id='word_1_122' title='bbox 145 2598 316 2670; x_wconf 89' lang='lat' dir='ltr'>sententia</span> <span class='ocrx_word' id='word_1_123' title='bbox 335 2597 537 2682; x_wconf 88' lang='lat' dir='ltr'>feriendum,</span> <span class='ocrx_word' id='word_1_124' title='bbox 560 2599 712 2692; x_wconf 83' lang='lat' dir='ltr'>periculo</span> <span class='ocrx_word' id='word_1_125' title='bbox 731 2599 852 2669; x_wconf 91' lang='lat' dir='ltr'>mortis</span> <span class='ocrx_word' id='word_1_126' title='bbox 872 2599 1072 2692; x_wconf 79' lang='lat' dir='ltr'>eriperent?</span> <span class='ocrx_word' id='word_1_127' title='bbox 1093 2599 1219 2669; x_wconf 86' lang='lat' dir='ltr'>iterum</span> 
     </span>
     <span class='ocr_line' id='line_1_18' title="bbox 145 2718 1222 2812; baseline -0.003 -18"><span class='ocrx_word' id='word_1_128' title='bbox 145 2720 257 2793; x_wconf 83' lang='lat' dir='ltr'>dicam</span> <span class='ocrx_word' id='word_1_129' title='bbox 279 2719 424 2811; x_wconf 83' lang='lat' dir='ltr'>gaudeo,</span> <span class='ocrx_word' id='word_1_130' title='bbox 448 2722 669 2812; x_wconf 83' lang='lat' dir='ltr'>gratulcrque</span> <span class='ocrx_word' id='word_1_131' title='bbox 691 2719 811 2790; x_wconf 90' lang='lat' dir='ltr'>sibiet</span> <span class='ocrx_word' id='word_1_132' title='bbox 831 2719 955 2799; x_wconf 87' lang='lat' dir='ltr'>Musis;</span> <span class='ocrx_word' id='word_1_133' title='bbox 975 2718 1040 2790; x_wconf 92' lang='lat' dir='ltr'>sibi</span> <span class='ocrx_word' id='word_1_134' title='bbox 1061 2718 1127 2790; x_wconf 93' lang='lat' dir='ltr'>boc</span> <span class='ocrx_word' id='word_1_135' title='bbox 1143 2741 1222 2791; x_wconf 87' lang='lat' dir='ltr'>esse</span> 
     </span>
     <span class='ocr_line' id='line_1_19' title="bbox 144 2841 1220 2940; baseline -0.001 -25"><span class='ocrx_word' id='word_1_136' title='bbox 144 2841 355 2937; x_wconf 70' lang='lat' dir='ltr'>praesidium,</span> <span class='ocrx_word' id='word_1_137' title='bbox 379 2842 489 2940; x_wconf 78' lang='lat' dir='ltr'>Musis</span> <span class='ocrx_word' id='word_1_138' title='bbox 510 2843 602 2914; x_wconf 91' lang='lat' dir='ltr'>bunc</span> <span class='ocrx_word' id='word_1_139' title='bbox 624 2843 811 2939; x_wconf 81' lang='lat' dir='ltr'>honorem3</span> <span class='ocrx_word' id='word_1_140' title='bbox 833 2862 947 2932; x_wconf 87' lang='lat' dir='ltr'>neque</span> <span class='ocrx_word' id='word_1_141' title='bbox 968 2841 1126 2933; x_wconf 89' lang='lat' dir='ltr'>ancipitis</span> <span class='ocrx_word' id='word_1_142' title='bbox 1148 2845 1220 2936; x_wconf 89' lang='lat' dir='ltr'>spei</span> 
     </span>
     <span class='ocr_line' id='line_1_20' title="bbox 145 2963 1221 3056; baseline -0.004 -16"><span class='ocrx_word' id='word_1_143' title='bbox 145 2989 203 3040; x_wconf 84' lang='lat' dir='ltr'>reo</span> <span class='ocrx_word' id='word_1_144' title='bbox 222 2967 260 3036; x_wconf 92' lang='lat' dir='ltr'>in</span> <span class='ocrx_word' id='word_1_145' title='bbox 280 2967 449 3037; x_wconf 83' lang='lat' dir='ltr'>extremis</span> <span class='ocrx_word' id='word_1_146' title='bbox 474 2965 616 3037; x_wconf 88' lang='lat' dir='ltr'>casibus</span> <span class='ocrx_word' id='word_1_147' title='bbox 637 2965 703 3035; x_wconf 91' lang='lat' dir='ltr'>hoc</span> <span class='ocrx_word' id='word_1_148' title='bbox 730 2963 943 3034; x_wconf 84' lang='lat' dir='ltr'>salutiferum</span> <span class='ocrx_word' id='word_1_149' title='bbox 965 2973 1077 3056; x_wconf 77' lang='lat' dir='ltr'>poete</span> <span class='ocrx_word' id='word_1_150' title='bbox 1097 2986 1221 3036; x_wconf 88' lang='lat' dir='ltr'>nomen</span> 
     </span>
     <span class='ocr_line' id='line_1_21' title="bbox 144 3087 1222 3180; baseline 0 -22"><span class='ocrx_word' id='word_1_151' title='bbox 144 3087 294 3161; x_wconf 82' lang='lat' dir='ltr'>invideo.</span> <span class='ocrx_word' id='word_1_152' title='bbox 314 3087 348 3159; x_wconf 91' lang='lat' dir='ltr'>Si</span> <span class='ocrx_word' id='word_1_153' title='bbox 367 3111 422 3159; x_wconf 90' lang='lat' dir='ltr'>me</span> <span class='ocrx_word' id='word_1_154' title='bbox 440 3100 555 3160; x_wconf 87' lang='lat' dir='ltr'>tamen</span> <span class='ocrx_word' id='word_1_155' title='bbox 574 3089 776 3180; x_wconf 77' lang='lat' dir='ltr'>interrogas,</span> <span class='ocrx_word' id='word_1_156' title='bbox 794 3087 956 3158; x_wconf 81' lang='lat' dir='ltr'>Nicotaus</span> <span class='ocrx_word' id='word_1_157' title='bbox 973 3087 1150 3158; x_wconf 85' lang='lat' dir='ltr'>Laurentii</span> <span class='ocrx_word' id='word_1_158' title='bbox 1167 3088 1222 3158; x_wconf 85' lang='lat' dir='ltr'>vir</span> 
     </span>
     <span class='ocr_line' id='line_1_22' title="bbox 143 3207 1222 3304; baseline -0.002 -23"><span class='ocrx_word' id='word_1_159' title='bbox 143 3209 412 3283; x_wconf 79' lang='lat' dir='ltr'>facundissimus</span> <span class='ocrx_word' id='word_1_160' title='bbox 437 3221 506 3294; x_wconf 90' lang='lat' dir='ltr'>est,</span> <span class='ocrx_word' id='word_1_161' title='bbox 533 3219 568 3280; x_wconf 91' lang='lat' dir='ltr'>et</span> <span class='ocrx_word' id='word_1_162' title='bbox 594 3210 640 3282; x_wconf 86' lang='lat' dir='ltr'>ad</span> <span class='ocrx_word' id='word_1_163' title='bbox 665 3207 943 3304; x_wconf 88' lang='lat' dir='ltr'>persuadendum</span> <span class='ocrx_word' id='word_1_164' title='bbox 970 3207 1095 3280; x_wconf 84' lang='lat' dir='ltr'>efficax</span> <span class='ocrx_word' id='word_1_165' title='bbox 1119 3207 1222 3282; x_wconf 87' lang='lat' dir='ltr'>etad</span> 
     </span>
     <span class='ocr_line' id='line_1_23' title="bbox 144 3330 1220 3427; baseline -0.001 -22"><span class='ocrx_word' id='word_1_166' title='bbox 144 3330 330 3405; x_wconf 83' lang='lat' dir='ltr'>oratoriam</span> <span class='ocrx_word' id='word_1_167' title='bbox 356 3353 509 3426; x_wconf 85' lang='lat' dir='ltr'>pronus:</span> <span class='ocrx_word' id='word_1_168' title='bbox 534 3332 681 3405; x_wconf 85' lang='lat' dir='ltr'>dictator</span> <span class='ocrx_word' id='word_1_169' title='bbox 705 3352 843 3425; x_wconf 88' lang='lat' dir='ltr'>quoque</span> <span class='ocrx_word' id='word_1_170' title='bbox 868 3330 979 3403; x_wconf 89' lang='lat' dir='ltr'>dulcis</span> <span class='ocrx_word' id='word_1_171' title='bbox 1008 3354 1049 3402; x_wconf 87' lang='lat' dir='ltr'>ac</span> <span class='ocrx_word' id='word_1_172' title='bbox 1068 3333 1220 3427; x_wconf 85' lang='lat' dir='ltr'>tepidus,</span> 
     </span>
     <span class='ocr_line' id='line_1_24' title="bbox 145 3455 1219 3549; baseline -0.003 -22"><span class='ocrx_word' id='word_1_173' title='bbox 145 3478 212 3529; x_wconf 92' lang='lat' dir='ltr'>non</span> <span class='ocrx_word' id='word_1_174' title='bbox 231 3458 353 3527; x_wconf 85' lang='lat' dir='ltr'>multae</span> <span class='ocrx_word' id='word_1_175' title='bbox 372 3456 528 3549; x_wconf 90' lang='lat' dir='ltr'>quidem,</span> <span class='ocrx_word' id='word_1_176' title='bbox 552 3456 615 3528; x_wconf 89' lang='lat' dir='ltr'>sed</span> <span class='ocrx_word' id='word_1_177' title='bbox 632 3455 752 3529; x_wconf 85' lang='lat' dir='ltr'>suavis</span> <span class='ocrx_word' id='word_1_178' title='bbox 770 3457 1003 3547; x_wconf 84' lang='lat' dir='ltr'>coiorataeque</span> <span class='ocrx_word' id='word_1_179' title='bbox 1026 3456 1219 3528; x_wconf 81' lang='lat' dir='ltr'>sententiae.</span> 
     </span>
     <span class='ocr_line' id='line_1_25' title="bbox 146 3575 1220 3671; baseline 0.001 -24"><span class='ocrx_word' id='word_1_180' title='bbox 146 3576 278 3660; x_wconf 79' lang='lat' dir='ltr'>PoetaS,</span> <span class='ocrx_word' id='word_1_181' title='bbox 293 3585 385 3671; x_wconf 91' lang='lat' dir='ltr'>puto,</span> <span class='ocrx_word' id='word_1_182' title='bbox 401 3576 460 3670; x_wconf 89' lang='lat' dir='ltr'>qui</span> <span class='ocrx_word' id='word_1_183' title='bbox 473 3578 701 3649; x_wconf 85' lang='lat' dir='ltr'>communiter</span> <span class='ocrx_word' id='word_1_184' title='bbox 715 3577 894 3661; x_wconf 88' lang='lat' dir='ltr'>habentur,</span> <span class='ocrx_word' id='word_1_185' title='bbox 904 3598 1027 3647; x_wconf 92' lang='lat' dir='ltr'>omncs</span> <span class='ocrx_word' id='word_1_186' title='bbox 1041 3575 1139 3669; x_wconf 81' lang='lat' dir='ltr'>legit;</span> <span class='ocrx_word' id='word_1_187' title='bbox 1153 3600 1220 3648; x_wconf 91' lang='lat' dir='ltr'>non</span> 
     </span>
    </p>

    <p class='ocr_par' dir='ltr' id='par_1_3' title="bbox 87 3698 1221 4166">
     <span class='ocr_line' id='line_1_26' title="bbox 87 3698 1221 3796; baseline -0.002 -22"><span class='ocrx_word' id='word_1_188' title='bbox 87 3788 90 3796; x_wconf 18' lang='lat' dir='ltr'>y</span> <span class='ocrx_word' id='word_1_189' title='bbox 147 3708 260 3774; x_wconf 83' lang='lat' dir='ltr'>tamen</span> <span class='ocrx_word' id='word_1_190' title='bbox 288 3698 367 3772; x_wconf 91' lang='lat' dir='ltr'>idco</span> <span class='ocrx_word' id='word_1_191' title='bbox 393 3700 506 3791; x_wconf 80' lang='lat' dir='ltr'>magis</span> <span class='ocrx_word' id='word_1_192' title='bbox 530 3710 586 3772; x_wconf 90' lang='lat' dir='ltr'>est</span> <span class='ocrx_word' id='word_1_193' title='bbox 608 3711 711 3794; x_wconf 90' lang='lat' dir='ltr'>poeta</span> <span class='ocrx_word' id='word_1_194' title='bbox 735 3723 839 3793; x_wconf 81' lang='lat' dir='ltr'>quam</span> <span class='ocrx_word' id='word_1_195' title='bbox 868 3709 997 3785; x_wconf 84' lang='lat' dir='ltr'>textor,</span> <span class='ocrx_word' id='word_1_196' title='bbox 1026 3698 1104 3771; x_wconf 91' lang='lat' dir='ltr'>ideo</span> <span class='ocrx_word' id='word_1_197' title='bbox 1127 3698 1221 3792; x_wconf 88' lang='lat' dir='ltr'>quod</span> 
     </span>
     <span class='ocr_line' id='line_1_27' title="bbox 146 3821 1221 3918; baseline -0.003 -23"><span class='ocrx_word' id='word_1_198' title='bbox 146 3821 307 3896; x_wconf 86' lang='lat' dir='ltr'>manibus</span> <span class='ocrx_word' id='word_1_199' title='bbox 335 3821 458 3894; x_wconf 89' lang='lat' dir='ltr'>alicnis</span> <span class='ocrx_word' id='word_1_200' title='bbox 484 3831 579 3894; x_wconf 83' lang='lat' dir='ltr'>texta</span> <span class='ocrx_word' id='word_1_201' title='bbox 603 3823 786 3918; x_wconf 81' lang='lat' dir='ltr'>chlamyde</span> <span class='ocrx_word' id='word_1_202' title='bbox 815 3822 990 3904; x_wconf 83' lang='lat' dir='ltr'>induitur3</span> <span class='ocrx_word' id='word_1_203' title='bbox 1014 3832 1050 3892; x_wconf 93' lang='lat' dir='ltr'>et</span> <span class='ocrx_word' id='word_1_204' title='bbox 1074 3822 1153 3893; x_wconf 91' lang='lat' dir='ltr'>licet</span> <span class='ocrx_word' id='word_1_205' title='bbox 1178 3821 1221 3892; x_wconf 90' lang='lat' dir='ltr'>ad</span> 
     </span>
     <span class='ocr_line' id='line_1_28' title="bbox 143 3945 1219 4038; baseline -0.003 -21"><span class='ocrx_word' id='word_1_206' title='bbox 143 3955 259 4038; x_wconf 81' lang='lat' dir='ltr'>poetae</span> <span class='ocrx_word' id='word_1_207' title='bbox 275 3965 401 4016; x_wconf 88' lang='lat' dir='ltr'>nomen</span> <span class='ocrx_word' id='word_1_208' title='bbox 415 3945 682 4037; x_wconf 88' lang='lat' dir='ltr'>promerendum</span> <span class='ocrx_word' id='word_1_209' title='bbox 701 3967 768 4016; x_wconf 89' lang='lat' dir='ltr'>nnn</span> <span class='ocrx_word' id='word_1_210' title='bbox 783 3945 929 4016; x_wconf 86' lang='lat' dir='ltr'>sufficiat</span> <span class='ocrx_word' id='word_1_211' title='bbox 947 3946 1057 4016; x_wconf 83' lang='lat' dir='ltr'>sotum</span> <span class='ocrx_word' id='word_1_212' title='bbox 1071 3966 1219 4028; x_wconf 88' lang='lat' dir='ltr'>carmen,</span> 
     </span>
     <span class='ocr_line' id='line_1_29' title="bbox 142 4067 781 4166; baseline -0.008 -27"><span class='ocrx_word' id='word_1_213' title='bbox 142 4072 260 4166; x_wconf 85' lang='lat' dir='ltr'>sitque</span> <span class='ocrx_word' id='word_1_214' title='bbox 280 4067 505 4140; x_wconf 89' lang='lat' dir='ltr'>verissimum</span> <span class='ocrx_word' id='word_1_215' title='bbox 527 4067 610 4139; x_wconf 86' lang='lat' dir='ltr'>iilud</span> <span class='ocrx_word' id='word_1_216' title='bbox 631 4067 781 4138; x_wconf 89' lang='lat' dir='ltr'>Horatii:</span> 
     </span>
    </p>
   </div>
   <div class='ocr_carea' id='block_1_3' title="bbox 307 4265 1127 4545">
    <p class='ocr_par' dir='ltr' id='par_1_4' title="bbox 307 4265 1127 4545">
     <span class='ocr_line' id='line_1_30' title="bbox 497 4265 1127 4347; baseline -0.005 -17"><span class='ocrx_word' id='word_1_217' title='bbox 497 4284 499 4288; x_wconf 61' lang='grc'><strong>“</strong></span> <span class='ocrx_word' id='word_1_218' title='bbox 613 4283 711 4347; x_wconf 86' lang='lat' dir='ltr'>noque</span> <span class='ocrx_word' id='word_1_219' title='bbox 727 4265 809 4327; x_wconf 88' lang='lat' dir='ltr'>enim</span> <span class='ocrx_word' id='word_1_220' title='bbox 823 4271 984 4328; x_wconf 82' lang='lat' dir='ltr'>contexere</span> <span class='ocrx_word' id='word_1_221' title='bbox 998 4267 1127 4329; x_wconf 86' lang='lat' dir='ltr'>verbum</span> 
     </span>
     <span class='ocr_line' id='line_1_31' title="bbox 307 4363 1061 4444; baseline -0.001 -15"><span class='ocrx_word' id='word_1_222' title='bbox 307 4365 425 4430; x_wconf 78' lang='lat' dir='ltr'>Dixeris</span> <span class='ocrx_word' id='word_1_223' title='bbox 442 4383 508 4431; x_wconf 88' lang='lat' dir='ltr'>esse</span> <span class='ocrx_word' id='word_1_224' title='bbox 525 4367 610 4444; x_wconf 85' lang='lat' dir='ltr'>satis,</span> <span class='ocrx_word' id='word_1_225' title='bbox 628 4382 682 4428; x_wconf 88' lang='lat' dir='ltr'>nec</span> <span class='ocrx_word' id='word_1_226' title='bbox 699 4365 725 4428; x_wconf 93' lang='lat' dir='ltr'>si</span> <span class='ocrx_word' id='word_1_227' title='bbox 743 4364 812 4442; x_wconf 88' lang='lat' dir='ltr'>quis</span> <span class='ocrx_word' id='word_1_228' title='bbox 825 4363 928 4426; x_wconf 88' lang='lat' dir='ltr'>scribit</span> <span class='ocrx_word' id='word_1_229' title='bbox 944 4363 989 4426; x_wconf 87' lang='lat' dir='ltr'>uti</span> <span class='ocrx_word' id='word_1_230' title='bbox 1007 4382 1061 4428; x_wconf 87' lang='lat' dir='ltr'>nos</span> 
     </span>
     <span class='ocr_line' id='line_1_32' title="bbox 307 4465 1054 4545; baseline -0.003 -17"><span class='ocrx_word' id='word_1_231' title='bbox 307 4465 449 4528; x_wconf 83' lang='lat' dir='ltr'>Sermoni</span> <span class='ocrx_word' id='word_1_232' title='bbox 465 4466 619 4545; x_wconf 86' lang='lat' dir='ltr'>propiora,</span> <span class='ocrx_word' id='word_1_233' title='bbox 637 4471 724 4544; x_wconf 90' lang='lat' dir='ltr'>putes</span> <span class='ocrx_word' id='word_1_234' title='bbox 740 4465 819 4526; x_wconf 85' lang='lat' dir='ltr'>bunc</span> <span class='ocrx_word' id='word_1_235' title='bbox 837 4478 903 4526; x_wconf 87' lang='lat' dir='ltr'>esse</span> <span class='ocrx_word' id='word_1_236' title='bbox 919 4470 1054 4540; x_wconf 68' lang='lat' dir='ltr'>poetam</span> 
     </span>
    </p>
   </div>
   <div class='ocr_carea' id='block_1_4' title="bbox 0 0 1381 5062">
    <p class='ocr_par' dir='ltr' id='par_1_5' title="bbox 0 0 1381 5062">
     <span class='ocr_line' id='line_1_33' title="bbox 0 0 1381 5062; baseline 0 0"><span class='ocrx_word' id='word_1_237' title='bbox 0 0 1381 5062; x_wconf 95' lang='lat' dir='ltr'> </span> 
     </span>
    </p>
   </div>
  </div>
 </body>
</html>
