2738 5062
396 595 489 644 nrnnn
510 594 933 645 poossumus-nnumin
956 596 1017 643 xn.
1185 582 1241 643 llll

162 731 295 802 chuse't
307 730 453 801 Seneca.
472 727 558 800 lllud
572 727 631 798 tibi
646 727 865 809 brevissime,
884 726 979 819 quod
997 749 1098 797 nemo
1114 726 1238 799 doctus

164 854 305 943 ignorat,
325 848 567 921 inculcandum
584 869 677 932 reor,
692 847 750 920 ubi
766 850 946 942 passiones
966 848 1124 919 habitant
1140 848 1241 920 nubi-

164 975 227 1043 luru
247 993 334 1044 esse
354 972 576 1054 teterrimum,
596 982 631 1043 et
647 971 839 1043 horrendas
856 972 982 1042 animae
1000 970 1175 1056 tonebraS,
1198 995 1238 1043 ac

164 1094 319 1179 rationis,
343 1106 381 1166 ut
408 1095 544 1187 proprie
573 1094 738 1178 dixerim,
771 1094 936 1188 eclipsim.
971 1095 1071 1179 Quod
1093 1095 1237 1181 cumtde

163 1219 323 1290 omnibus
363 1228 435 1289 tum
473 1218 516 1289 de
553 1219 603 1288 ira
633 1217 957 1289 convenientissime
983 1216 1048 1288 dici
1075 1217 1235 1290 arbitror.

162 1343 246 1413 Nihil
268 1354 325 1413 est
345 1341 436 1413 enim
458 1341 552 1434 quod
573 1362 673 1433 aeque
691 1341 970 1434 tranquillitatem
998 1343 1236 1412 serenitatem-

162 1486 224 1558 que
238 1461 432 1558 perturbet,
449 1462 531 1531 nihil
551 1462 607 1533 ubi
627 1470 694 1532 tam
712 1464 805 1533 clara
823 1461 1018 1533 testimonia
1030 1465 1126 1533 laesae
1140 1487 1235 1534 men-

163 1588 201 1656 tis
221 1594 431 1679 appareant:
452 1586 560 1678 pallor
580 1585 710 1669 vultus,
733 1586 876 1655 confusa
895 1607 978 1669 vox,
1002 1584 1233 1657 membrorum

162 1719 300 1790 tremor,
328 1706 479 1779 obducta
501 1709 607 1791 frons,
642 1709 770 1779 elatum
802 1706 1039 1799 supercilium,
1073 1706 1233 1778 ardentes

160 1829 260 1914 oculi,
277 1830 371 1901 celer
388 1828 576 1901 anhelitus:
599 1830 676 1902 haec
709 1841 792 1901 suut
823 1851 903 1921 quae
937 1829 1022 1900 iram
1049 1830 1233 1900 inanimis

147 1940 385 2036 'habilantem,
412 1953 519 2023 veluti
545 1952 707 2061 eduptum
729 1951 870 2022 latebris
892 1952 1033 2035 Cacum,
1059 1951 1093 2020 in
1120 1955 1232 2025 lucem

159 2074 297 2145 trahunt
314 2096 354 2146 ac
376 2076 613 2169 spectantibus
636 2073 806 2145 visibilem
837 2075 997 2147 reddunt.
1020 2076 1145 2146 Contra
1171 2075 1229 2148 ubi

157 2216 256 2268 mens
276 2195 419 2268 rationis
452 2194 596 2290 imperio
626 2194 780 2268 subiecta
810 2204 845 2267 et
874 2195 1097 2291 passionibus
1124 2197 1231 2271 libera

155 2331 222 2401 est,
245 2318 314 2390 illic
333 2318 476 2389 immota
501 2318 741 2412 tranquillitas,
769 2319 835 2391 illic
861 2318 1010 2391 iucunda
1038 2321 1228 2405 serenitas,

156 2440 220 2511 illic
238 2440 381 2511 demum
403 2441 554 2512 humana
574 2441 717 2513 felicitas
730 2452 793 2513 est.
810 2443 951 2537 Oportet
967 2443 1087 2534 igitur,
1107 2443 1136 2513 si
1157 2445 1230 2514 feli-

155 2584 209 2635 ces
230 2585 314 2635 esse
336 2565 508 2645 volumuS,
530 2586 571 2635 eu
596 2565 754 2636 felicitate
780 2587 883 2656 quam
911 2565 1031 2656 recipit
1049 2565 1119 2634 vito
1139 2588 1230 2635 mor·-

156 2686 239 2772 lulis,
254 2687 321 2757 elsi
335 2686 499 2782 perhanc
515 2687 560 2759 ad
572 2688 674 2758 aliam
693 2687 897 2780 aspiramus,
912 2695 1058 2779 oportet,
1075 2687 1225 2779 inquam,

154 2809 242 2881 illam
263 2811 431 2882 aethercae
452 2810 577 2881 mentis
599 2810 802 2880 altissimam
823 2829 903 2878 esse
921 2809 1145 2899 particulam,
1169 2819 1225 2893 ut,

154 2934 243 3026 quod
261 2931 309 3004 de
330 2955 492 3025 supremo
511 2932 638 3005 dicitur
657 2930 793 3026 Olympi
816 2929 910 3021 iugo,
935 2931 1027 3001 nulla
1048 2951 1125 3000 eam
1147 2953 1227 3023 pas-

155 3054 288 3127 sionum
311 3052 421 3125 nubes
439 3053 549 3146 possit
565 3053 745 3144 attingere.
768 3051 883 3122 Talem
904 3072 972 3143 ego
993 3048 1053 3121 tibi
1071 3052 1224 3123 animum

152 3198 226 3250 esse
249 3199 320 3249 non
345 3178 481 3261 dubito;
503 3189 660 3249 naturam
687 3174 812 3269 quippe
838 3195 1024 3267 moresque
1045 3184 1122 3246 tuos
1143 3176 1224 3245 novi

152 3301 288 3395 optime,
310 3300 473 3394 quodque
494 3301 576 3371 mihi
593 3300 638 3372 de
655 3311 696 3383 te,
715 3298 759 3369 dc
778 3320 902 3388 magno
924 3297 1021 3389 regni
1043 3297 1224 3372 siniscalco

151 3424 220 3497 aliis
237 3424 385 3497 credidi.
406 3425 503 3495 lllum
522 3425 624 3508 lama,
649 3432 682 3494 te
703 3422 785 3492 mihi
806 3419 1020 3516 experientia
1036 3431 1153 3491 notum
1174 3426 1223 3493 le-

149 3545 196 3618 cit.
216 3547 297 3617 Non
313 3547 486 3619 effractam
499 3558 600 3631 certe,
616 3546 678 3617 sed
695 3567 891 3638 parumper,
913 3554 949 3614 ut
966 3544 1083 3628 audi0,
1106 3543 1222 3615 dissu-

148 3676 211 3742 lam
230 3669 419 3742 amicitiam
439 3683 592 3742 vestram
617 3692 682 3740 acu
704 3667 825 3739 solidae
844 3666 1039 3739 devotionis
1060 3689 1101 3738 ac
1127 3668 1218 3738 tenui

145 3793 334 3866 uerborum
355 3791 412 3864 filo
433 3813 594 3886 reparare
613 3792 782 3884 disposui,
801 3789 972 3863 ambobus
990 3791 1118 3883 paritor
1136 3790 1220 3861 scri-

141 3909 230 3990 bens
251 3936 378 4007 magna
396 3914 463 3986 fide
485 3937 547 3986 nec
567 3915 689 3986 minori
708 3913 847 3998 fiducia,
869 3936 936 3983 non
955 3911 987 3980 in
1006 3912 1132 4004 eloquii
1150 3915 1217 3983 moi

142 4039 293 4122 viribus
318 4035 435 4109 sedin
455 4037 518 4109 Dei
538 4037 667 4110 auxillo
684 4048 718 4108 et
736 4037 917 4128 utriusque
935 4046 1091 4106 rostrum
1114 4037 1218 4108 mori-

138 4142 210 4233 bus
229 4183 330 4255 spem
352 4160 496 4231 habens.
518 4159 618 4243 Quod
640 4159 667 4228 si
691 4181 810 4230 secum
827 4157 956 4242 aude0,
978 4157 1061 4250 quid
1085 4180 1140 4227 me
1167 4168 1217 4228 te-

139 4304 221 4355 cum
241 4282 404 4379 prohibet
418 4282 569 4354 audere?
590 4280 735 4353 Proinde
754 4302 857 4350 unum
889 4279 954 4352 hoc
978 4303 998 4351 a
1023 4292 1076 4363 lc,
1112 4280 1217 4350 immo

144 4422 226 4480 vero
245 4408 292 4477 alr
313 4404 484 4478 ambobus
506 4407 653 4496 postulo,
674 4402 769 4475 ulad
788 4403 980 4475 communis
997 4404 1150 4496 epistolar
1168 4405 1216 4471 lo-
