2738 5062
142 615 181 675 oli
478 626 520 674 ue
541 626 641 675 nanus
662 624 884 677 rauttttttttous

140 776 180 836 et
194 765 241 834 nil
261 761 445 834 iucundius
475 763 682 856 expectanti.
717 764 891 835 Caeterum
919 762 975 835 bic
998 784 1093 837 nuuc
1115 766 1222 839 animi

140 886 250 971 labor,
272 895 307 957 et
331 885 521 957 vehemens
546 907 614 957 uon
639 884 752 978 magis
773 906 929 958 meorum
959 908 1067 980 quam
1098 889 1219 963 mundi

141 1012 309 1081 malorum
333 1007 534 1092 recordatio,
556 1017 637 1079 ante
657 1009 778 1080 oculos
795 1008 879 1079 mibi
899 1010 1079 1082 constituit
1097 1010 1223 1084 Gerar·

141 1132 234 1215 dum,
249 1129 530 1202 Chartusiensem
552 1129 771 1214 monachum,
787 1152 989 1222 germanum
1005 1154 1123 1204 meum
1145 1134 1222 1206 uni-

141 1277 236 1339 cum,
259 1252 455 1344 virumque,
474 1274 530 1322 me
548 1251 672 1335 iudice,
693 1250 944 1337 felicissimum,
960 1262 996 1325 el
1008 1253 1074 1325 has
1086 1272 1221 1340 omues,

141 1378 269 1472 quibus
290 1376 434 1449 assidue
451 1374 636 1469 quatimur,
656 1374 815 1447 miserias
834 1396 1118 1472 supergressum,
1136 1376 1222 1449 mibi

140 1522 279 1594 quoque
297 1499 548 1594 sempiternum
567 1497 822 1591 improperium,
841 1498 910 1591 qui,
930 1519 986 1569 me
1003 1498 1038 1568 in
1056 1497 1222 1572 fluctibus

140 1622 327 1705 laborante,
346 1629 482 1714 portum
505 1627 627 1701 teneat,
650 1628 687 1691 et
706 1619 877 1691 humanas
897 1619 944 1692 ab
963 1622 1034 1693 alto
1049 1620 1222 1716 despiciat

142 1752 375 1837 tempestates.
403 1743 452 1813 llli
473 1763 559 1834 ergo
585 1741 737 1814 scribere
761 1742 878 1814 visum
903 1753 972 1816 est:
999 1744 1222 1817 litterasue

87 1916 90 1920 »
143 1877 179 1939 ut
199 1866 242 1941 ad
260 1889 339 1939 eum
363 1865 582 1962 perveniant,
605 1863 754 1936 curabis.
776 1866 872 1936 Vale.

249 2014 347 2086 Carpi,
364 2012 415 2067 llll
431 2012 491 2066 Kal.
509 2011 645 2067 Octobris.

562 2429 739 2497 EPISTOLA
759 2433 801 2496 lll.

207 2616 401 2667 rutuctsctts
422 2618 589 2669 Purutuct
610 2620 760 2672 uentano
780 2622 898 2673 antrat
918 2623 979 2675 SUO
998 2623 1153 2675 ΙΟΝΑΟΙΙΟ

496 2724 719 2777 eburnustttto
740 2726 767 2776 S.
788 2727 817 2776 P.
838 2727 868 2777 tt.

205 2864 367 2922 Gratulatur
381 2867 590 2924 sanctimoniam
604 2868 676 2939 ritae,
691 2884 776 2941 quam
790 2870 864 2925 inter
878 2868 1075 2927 Chartunianoe
1089 2873 1160 2945 agit,

286 2963 314 3012 et
327 2958 416 3013 multa
430 2965 630 3016 commemorat
642 2958 677 3016 de
691 2976 741 3016 sua
754 2960 871 3031 eiusque
884 2960 1079 3017 adolescentia.

239 3200 339 3270 Subit
351 3199 517 3281 animum,
537 3201 613 3268 luce
631 3197 714 3267 mibi
730 3200 843 3272 carior
863 3222 1039 3293 germane,
1060 3205 1221 3298 longaevo

142 3321 277 3392 silentio
303 3318 407 3389 linem
433 3339 578 3413 ponere:
604 3319 698 3410 quud
724 3321 755 3392 si
779 3324 896 3395 forsan
922 3323 1084 3398 obliviosi
1116 3328 1222 3400 animi

141 3440 303 3512 indicium
325 3439 514 3524 arbitraris,
550 3440 688 3512 lalleris.
721 3443 797 3514 Non
831 3445 929 3540 prius
963 3458 997 3519 te
1029 3470 1134 3541 quam
1167 3471 1222 3523 mo

141 3564 256 3657 ipsum
276 3561 473 3633 obliviscar.
502 3561 614 3633 Timui
635 3563 802 3638 hacteuus
825 3567 970 3639 tirocinii
994 3569 1043 3641 tui
1067 3570 1220 3663 quietem

141 3687 409 3779 interrumpere;
424 3686 544 3777 lugere
557 3694 592 3757 te
605 3688 799 3782 strepitum,
812 3710 929 3763 amare
943 3691 1118 3764 silentium
1132 3694 1222 3766 scie-

141 3808 235 3893 baru,
257 3830 313 3880 me
333 3830 427 3892 vero,
451 3809 481 3880 si
503 3811 610 3882 semel
632 3811 833 3907 inciperem,
856 3812 950 3886 baud
970 3814 1069 3887 lacilc
1088 3815 1222 3889 desitu-

142 3955 235 4017 rmn;
269 3933 298 4005 is
324 3954 423 4005 amor
451 3933 501 4005 tui
532 3944 601 4018 est,
632 3956 674 4006 ea
707 3956 824 4005 rerunt
856 3946 993 4009 tuarum
1025 3938 1219 4012 admiratio.

141 4055 324 4129 Eduobus
345 4057 451 4150 igitur
467 4057 634 4128 extremis
652 4078 722 4129 non
739 4057 880 4149 quidem
902 4058 987 4130 mihi
1005 4061 1139 4153 gratius
1158 4061 1222 4135 sed

143 4177 203 4249 tibi
230 4180 446 4271 tranquillius
472 4178 654 4271 eligebam.
679 4178 788 4263 Nunc,
810 4189 850 4250 ut
868 4203 992 4252 verum
1013 4182 1131 4268 lalcar,
1152 4206 1223 4255 nou

142 4311 212 4372 tam
231 4301 291 4372 tibi
307 4324 411 4394 quarn
433 4302 518 4373 mihi
537 4302 776 4387 consulturuS,
799 4303 1084 4377 adscribendum
1106 4304 1219 4377 venio.

142 4425 235 4511 Quid
253 4425 346 4496 onim
367 4434 405 4495 tu
428 4425 656 4498 sermunculis
677 4425 765 4497 meis
784 4448 882 4518 egee,
910 4427 969 4519 qui
988 4428 1133 4501 coeleste
1157 4428 1223 4500 iter
