2738 5062
418 725 509 777 tinas
530 727 890 780 cccmus—nmmum
913 733 954 781 ιιι.
1186 724 1219 782 tlt

145 862 301 935 vinitatis
328 861 597 935 adscendentem
624 866 723 958 sequi
748 866 858 938 oculis
884 877 921 936 et
949 875 1064 938 mente
1088 867 1225 940 dillicile

143 997 211 1072 est,
242 996 282 1057 et
308 986 386 1080 puri
414 985 563 1058 hominis
590 987 788 1060 testimonio
815 988 1015 1074 delectaris
1046 992 1137 1083 elige
1163 993 1226 1063 tibi

142 1111 277 1203 aliquos
291 1108 339 1181 de
351 1108 577 1203 professionis
592 1121 662 1181 tuae
675 1109 832 1192 ducibus
850 1113 1009 1183 loannem
1026 1115 1223 1207 Baptistam,

140 1232 348 1315 Antonium,
370 1231 598 1317 Macharium,
620 1235 690 1317 vel,
719 1233 748 1304 si
775 1232 958 1327 rigidiores
984 1236 1020 1306 hi
1046 1237 1223 1323 videntur,

141 1355 233 1448 elige
249 1354 492 1438 Benedictum,
519 1355 609 1447 elige
629 1355 673 1427 ab
693 1356 871 1428 erroribus
893 1359 1011 1429 saeculi
1037 1358 1224 1432 redeuntes

141 1476 382 1571 Augustinum
416 1488 453 1549 et
475 1477 674 1559 Arsaniam,
701 1502 790 1572 quos
816 1483 962 1553 multum
992 1503 1129 1575 semper
1155 1486 1226 1578 pla-

140 1602 261 1675 cuisse
286 1599 348 1673 tibi
374 1601 456 1672 scio.
483 1600 598 1673 Habes
624 1603 763 1674 Petrum
790 1604 894 1689 vitas,
922 1604 997 1675 illas
1023 1606 1164 1698 perlege
1189 1617 1227 1677 ut

141 1724 238 1809 lacis,
258 1722 319 1795 uhi
339 1722 488 1794 amioum
512 1723 681 1808 invenies,
705 1747 808 1818 quem
833 1733 955 1796 testem
976 1725 1119 1798 secretis
1146 1751 1227 1800 con-

142 1845 231 1917 siliis
251 1864 322 1915 non
339 1863 498 1929 recuses,
520 1865 590 1936 quo
612 1845 698 1929 scio,
721 1858 755 1916 te
775 1846 888 1939 ipsum
912 1847 1088 1939 vitamque
1107 1851 1227 1930 mode-

142 1969 230 2041 reris
258 1977 369 2052 tuam,
395 1963 469 2039 sine
496 1990 567 2060 quo
590 1968 740 2062 denique
766 1970 814 2039 nil
839 1990 937 2061 agas,
965 1969 1049 2040 nihil
1079 1971 1224 2062 cogites.

142 2094 239 2184 Lege
257 2088 417 2182 Gregorii
443 2089 633 2181 dialogum,
656 2091 842 2183 Augustini
869 2093 1066 2186 soliloquia,
1093 2104 1128 2166 et
1150 2117 1227 2167 sca-

144 2223 257 2287 tentes
273 2212 426 2285 lacrimis
445 2212 705 2284 confessionum
730 2213 848 2298 libros
864 2213 908 2285 de
934 2215 1065 2308 quibus
1084 2218 1225 2312 quidam

149 2335 285 2409 ridiculi
301 2335 460 2407 homines
483 2334 596 2405 ridere
617 2336 741 2421 solent,
763 2348 798 2408 tu
817 2338 851 2408 in
868 2341 919 2412 eis
938 2344 1096 2413 solamen
1115 2364 1154 2413 ac
1171 2363 1226 2413 re-

148 2458 284 2551 sugium
308 2479 373 2531 non
393 2458 568 2531 mediocre
594 2460 757 2554 reperies.
779 2464 830 2535 De
857 2465 1021 2558 psalterio
1043 2464 1134 2536 enim
1156 2485 1224 2535 non

145 2581 268 2655 dubito
296 2594 329 2656 te
356 2584 557 2678 Hieronymi
586 2584 768 2656 consilium
795 2587 907 2679 sequi,
941 2598 979 2658 ut
1009 2610 1029 2659 c
1062 2587 1223 2659 manibus

96 2792 109 2807 ,
144 2706 401 2801 tuisnunquam
416 2706 566 2787 excidat,
579 2707 623 2778 de
637 2730 706 2799 quo
720 2730 816 2780 more
832 2731 908 2780 meo
921 2710 1093 2802 poeticum
1106 2711 1225 2780 nescio

142 2829 226 2926 quid
251 2829 387 2925 pridem
414 2828 551 2922 scripsi,
580 2829 687 2921 quod,
721 2830 883 2921 quoniam
910 2833 1045 2924 placere
1071 2830 1131 2900 tibi
1153 2830 1226 2899 ani-

143 2952 325 3037 madverti,
347 2974 392 3023 ne
412 2950 516 3023 modo
537 2952 705 3042 graveris,
726 2962 887 3022 secuturo
902 2963 1121 3023 reservatum
1137 2973 1225 3020 nun-

143 3074 199 3147 cio
217 3073 383 3166 excipies.
403 3074 452 3145 Tu
480 3093 575 3155 vero,
602 3081 640 3141 ut
660 3068 763 3140 finem
789 3069 926 3154 faciam,
954 3071 1060 3141 vitam
1085 3092 1222 3141 omnem

143 3195 234 3268 inter
269 3196 593 3291 contemplationem
629 3216 669 3265 ac
701 3191 928 3289 psalmodiam
965 3203 1001 3264 et
1032 3193 1223 3265 oraticnem

143 3317 396 3412 lectionemque
410 3316 548 3411 partire.
564 3317 705 3409 Corpori
721 3324 790 3400 tuo,
811 3325 987 3411 tamquam
1006 3315 1223 3400 rebellaturo,

145 3441 174 3513 si
191 3440 314 3535 possit,
330 3449 367 3513 et
384 3441 578 3512 contumaci
595 3439 766 3536 mancipio
783 3437 867 3509 nihil
886 3438 1030 3525 tribuas,
1045 3438 1112 3511 nisi
1129 3439 1226 3534 quod

144 3587 276 3658 negare
294 3587 364 3638 non
390 3574 511 3661 potes,
533 3564 566 3634 in
588 3563 736 3635 vinculis
757 3562 866 3646 habe;
889 3562 1060 3633 serviliter
1087 3563 1225 3634 tractari

146 3688 266 3774 debet,
301 3700 340 3761 ut
367 3688 535 3780 intelligat
563 3688 655 3759 unde
681 3687 735 3758 sit.
765 3688 967 3779 Suspectam
993 3708 1113 3779 pacem
1146 3686 1226 3757 lacit

148 3811 261 3883 hostis
279 3810 419 3885 infidus.
441 3812 539 3883 Nosti
558 3832 704 3903 quorum
732 3808 877 3881 insidias
903 3810 937 3880 in
959 3810 1088 3880 saeeulo
1108 3818 1226 3902 pertu-

147 3933 247 4016 leris;
267 3933 312 4004 ab
333 3934 376 4005 iis
398 3933 432 4004 in
458 3942 664 4026 perpetuum
684 3954 781 4003 cave.
805 3932 890 4002 Cum
917 3930 1093 4021 fidefragis
1113 3929 1226 3999 inimi-

146 4056 208 4142 cis,
229 4078 302 4128 non
322 4067 397 4128 tuto
415 4056 546 4127 reditur
563 4057 598 4128 in
618 4055 774 4148 gratiam.
794 4055 876 4124 llaec
893 4053 991 4137 inter,
1007 4053 1131 4144 gande,
1147 4074 1225 4145 spe-

148 4201 201 4264 ra,
221 4181 374 4276 suspira,
398 4179 557 4251 serviens
578 4177 722 4249 Domino
742 4176 777 4245 in
799 4175 933 4258 timore,
955 4183 991 4244 et
1010 4176 1173 4246 exultans
1193 4177 1225 4245 ei

145 4324 225 4375 oum
248 4314 413 4387 tremore,
436 4325 476 4374 ac
498 4302 627 4395 gratias
648 4320 756 4390 agens
777 4298 871 4390 quod
891 4297 951 4369 tibi
976 4319 1108 4392 pennas
1129 4298 1226 4370 dedit

147 4436 327 4520 nmquam
348 4422 531 4510 columbae,
553 4435 592 4494 ut
612 4423 748 4492 volares
769 4430 805 4491 et
821 4421 1074 4515 requiesceres,
1097 4417 1224 4512 quibus

146 4570 216 4621 non
237 4546 395 4641 segniter
415 4567 502 4618 usus
518 4567 568 4632 cs,
591 4542 653 4617 sed
671 4543 841 4635 elongasti
861 4542 1012 4635 lugiens,
1031 4553 1070 4612 ut
1089 4542 1123 4610 in
1145 4539 1225 4611 soli-

277 4677 306 4716 ll.
1054 4662 1070 4709 6
