2738 5062
408 764 499 814 arnan
521 764 847 815 nunus-ammona
869 767 896 814 v.
1130 755 1168 817 29

96 907 276 1004 superbiae
300 906 452 993 dabitur,
476 908 518 994 si,
554 909 612 1001 qui
631 908 764 980 amicus
784 930 865 981 esse
885 911 1010 1004 cupiat,
1034 911 1169 982 hostem

96 1033 192 1107 iacis.

240 1197 267 1250 V
281 1197 341 1252 Kal.
357 1197 495 1267 Ianuarii,
510 1215 571 1269 quae
586 1198 776 1253 Innocentium
792 1200 853 1254 alies
868 1207 918 1255 est.

522 1660 697 1725 epistota
722 1662 766 1724 l'l.

169 1830 367 1883 rnnnclscus
388 1830 553 1881 nuntiatica
575 1831 664 1881 LUCAE
686 1830 890 1880 rnussslrsno
911 1830 1109 1880 Placentino

569 1936 595 1984 S.
617 1937 644 1984 P.
667 1936 696 1983 D.

193 2076 276 2150 AEgre
292 2093 321 2131 se
335 2077 364 2130 in
378 2077 454 2132 curia
467 2093 557 2130 moras
572 2082 694 2129 nectere:
711 2093 829 2148 eumque
844 2082 922 2149 rogat
933 2082 965 2132 ut
979 2077 1083 2132 litteras

427 2163 583 2234 superiores
598 2162 731 2235 Episcopo
745 2165 844 2220 tradat.

200 2400 364 2473 lucundae
384 2398 467 2470 mihi
494 2421 632 2496 semper
651 2400 776 2474 littera,ยน
797 2414 879 2475 sunt
899 2414 975 2487 tum,
999 2408 1172 2499 prmcipue

103 2523 186 2596 dum
212 2525 307 2594 velut
338 2547 357 2595 a
386 2522 522 2617 superis
553 2528 715 2617 prolectm
741 2528 896 2598 solantur
920 2527 1012 2620 apud
1045 2529 1172 2600 inferos

102 2648 338 2720 constitutum.
364 2648 584 2718 peecatorum
609 2650 717 2719 lateor
738 2670 893 2719 meorum
921 2652 1017 2722 uncis
1044 2651 1098 2723 hic
1124 2661 1173 2722 te-

101 2793 192 2854 neor,
215 2792 281 2842 nec
302 2767 436 2840 absolvi
456 2768 534 2840 ullis
556 2768 687 2840 artibus
709 2792 863 2865 possum.
885 2774 954 2843 Res
969 2771 1062 2841 haud
1076 2774 1171 2858 mira,

103 2893 264 2984 quamvis
277 2892 419 2975 misera,
434 2892 637 2982 laqueorum
658 2890 835 2961 curialium
862 2914 929 2961 non
950 2893 1082 2982 ignaro.
1105 2894 1174 2965 Sed

105 3033 175 3103 quo
196 3012 327 3084 tristius
349 3013 405 3085 hic
423 3035 500 3083 sum
521 3033 563 3082 eo
584 3011 726 3101 gravius
748 3011 907 3101 indignor
923 3034 963 3082 ac
983 3013 1083 3083 doleo
1101 3024 1174 3084 tan-

107 3144 179 3205 tum
201 3133 300 3206 licere
328 3134 493 3230 perlidiae,
522 3144 560 3204 ut
585 3131 730 3204 suadere
755 3131 880 3203 audeat
905 3142 940 3202 et
964 3136 1175 3226 persuadere

103 3257 213 3351 possit
231 3259 391 3351 cuiquam
414 3280 513 3342 sano,
536 3278 678 3328 menon
699 3265 832 3328 tantum
859 3267 980 3353 sponte
1001 3280 1079 3330 mea
1101 3282 1174 3331 mo-

104 3402 159 3452 ras
182 3379 332 3465 trahere,
360 3381 422 3452 sed
449 3381 514 3452 iam
539 3379 645 3452 curiae
669 3380 814 3451 venenis
838 3380 1001 3453 iniectum
1028 3382 1174 3453 alienam

104 3503 229 3573 lamam
256 3502 439 3573 insectari:
467 3500 627 3593 quodque
653 3523 719 3592 ego
741 3524 915 3594 nunquam
937 3504 970 3573 in
992 3504 1061 3573 otio
1081 3504 1175 3595 cogi-

108 3625 185 3708 tavi,
208 3634 243 3694 et
264 3624 357 3696 inea
380 3623 623 3716 tranquillitate
640 3634 831 3716 temporum
853 3626 944 3696 unde
961 3627 1080 3696 nefarii
1101 3627 1176 3717 pul-

108 3747 213 3818 lulant
230 3748 413 3845 appetitus
433 3745 468 3817 id
485 3769 576 3817 nunc
594 3746 628 3816 in
645 3744 709 3817 hac
727 3758 930 3842 tempestate
949 3747 1173 3839 negotiorum,

109 3889 186 3959 quae
204 3870 288 3941 mihi
309 3869 373 3942 vix
392 3868 585 3963 respirandi
607 3868 756 3963 spatium
776 3878 933 3961 praestat,
960 3869 1101 3939 mutatis
1122 3889 1176 3938 re-

106 4002 206 4083 pente
220 3992 365 4078 iudiciis,
381 3992 505 4065 studiis
523 4014 562 4062 ac
579 3990 743 4073 moribus,
762 3991 943 4084 incepisse.
958 3989 1070 4061 Audio
1083 3991 1175 4061 enim

106 4136 126 4185 a
158 4118 273 4189 multis
302 4116 536 4189 reverendum
561 4125 694 4210 patrem
720 4137 760 4185 ac
785 4113 981 4206 pontificem
1020 4124 1176 4184 nostrum

108 4264 205 4314 secus
238 4264 344 4336 quam
370 4266 505 4316 mereor
529 4251 566 4314 et
589 4263 692 4335 quam
719 4239 844 4309 vellem
871 4236 915 4307 de
941 4257 995 4305 me
1023 4235 1175 4307 sentire:

107 4367 198 4459 quod
223 4388 293 4439 non
319 4368 429 4461 culpae
454 4387 529 4438 suae
549 4362 674 4446 tribuo,
703 4359 765 4431 sed
790 4363 937 4432 fortuma
961 4382 1048 4432 mem
1074 4369 1178 4451 atque

107 4490 226 4562 alienae
245 4488 421 4583 nequitiae.
440 4489 490 4559 Tu
511 4485 593 4556 mihi
615 4492 695 4554 ante
717 4482 801 4554 alios
822 4484 920 4555 testis
942 4505 990 4567 es,
1013 4504 1090 4553 oum
1107 4502 1177 4571 quo

110 4630 202 4705 saepe
233 4610 459 4685 familiaribus
485 4605 704 4683 sermonibus
728 4607 819 4679 diem
847 4604 959 4691 traho,
985 4602 1069 4696 quid
1093 4600 1176 4670 mihi
