2738 5062
334 726 427 776 ernau
450 724 965 793 snurruusnuciuus.—nnisronu
987 726 1015 774 v.
1162 711 1222 774 tta

142 874 260 935 uotum
283 861 350 932 situ
371 858 616 951 moenibusque
641 859 883 952 praevalidum.
905 861 977 930 lma
996 861 1092 931 collis
1119 862 1222 932 Lam-

140 986 202 1057 ber
223 983 356 1066 lambit,
376 982 505 1052 flumen
525 982 694 1073 exiguum
723 983 787 1054 sed
812 981 972 1065 nitidum,
1000 991 1037 1052 et
1053 983 1120 1053 iarn
1140 982 1221 1053 iusti

140 1106 276 1202 patiens
296 1104 445 1196 navigii,
467 1103 562 1196 quod
587 1125 649 1195 per
675 1101 881 1175 Modoetiam
908 1104 1127 1176 descendens
1152 1125 1221 1174 non

140 1231 259 1324 procul
283 1228 362 1299 lrinc
381 1227 476 1299 Pado
497 1225 658 1297 illabitur.
680 1224 735 1297 Ad
755 1226 936 1329 occiduum¹
959 1229 1051 1298 latus
1072 1226 1222 1298 solitudo

141 1351 340 1441 gratissima
358 1360 462 1420 estet
477 1347 579 1418 dulce
596 1346 769 1418 silentium
789 1347 1057 1441 liberrimusque
1078 1369 1222 1442 prospe-

140 1486 227 1545 ctus
245 1473 423 1565 Nusquam
446 1470 586 1541 memini
607 1492 626 1540 e
648 1473 723 1541 loco
742 1480 811 1542 tam
830 1470 963 1542 modice
984 1471 1127 1541 tumenti
1148 1480 1221 1541 tan·

143 1607 211 1666 tum
233 1606 270 1665 ct
285 1604 357 1664 tarn
375 1592 489 1665 nobile
507 1600 679 1663 terrarum
698 1584 932 1686 spectaculum
952 1593 1098 1666 vidisse:
1114 1615 1221 1687 parvo

141 1718 307 1788 luminum
328 1717 424 1789 llexu
446 1715 615 1799 Ticinum,
639 1716 811 1788 Placentia
833 1727 867 1788 et
888 1718 1056 1788 Cremona
1074 1738 1221 1788 cernun-

143 1850 212 1921 tur,
231 1842 444 1931 lanrosaeque
466 1835 571 1907 urbes
594 1838 672 1909 aliae
695 1841 821 1910 multae.
841 1840 896 1911 Sic
915 1840 1006 1910 enim
1026 1839 1147 1909 incolae
1172 1840 1222 1909 al-

142 1961 293 2033 firmant:
314 1981 418 2054 quam
452 1981 536 2030 vere
568 1971 700 2045 autem,
728 1961 915 2035 hodiernus
937 1962 1118 2033 nubilosus
1145 1962 1221 2033 dies

140 2084 417 2178 experimentum
439 2091 557 2173 negat;
581 2081 697 2155 sedin
720 2082 775 2152 bis
798 2083 909 2154 tribus
936 2086 1009 2177 ipse
1031 2083 1118 2154 meis
1138 2104 1221 2154 ocu-

142 2205 184 2274 lis
201 2202 314 2274 credo.
337 2203 443 2294 Alpes
465 2222 544 2294 quae
564 2223 628 2271 nos
646 2225 665 2274 a
682 2202 863 2275 Germanis
876 2203 1043 2275 dirimunt
1056 2203 1220 2274 nivosisa

143 2338 239 2417 tergo
253 2324 348 2416 jugis
370 2332 451 2395 sunt
471 2323 582 2394 nubes
603 2326 799 2417 coelumque
822 2334 1017 2418 tangentes:
1039 2337 1119 2397 ante
1138 2347 1220 2396 ocu·

141 2450 193 2518 los
219 2447 418 2540 Apenninus
444 2457 479 2517 et
504 2447 631 2541 oppida
650 2447 845 2533 innumera,
868 2461 974 2542 atque
999 2449 1089 2519 inter
1112 2450 1220 2520 multa

141 2569 342 2641 Clastidium
363 2568 441 2640 belli
461 2571 576 2663 punici
594 2580 799 2663 tempestate
813 2571 1054 2643 historicorum
1069 2591 1221 2640 comme-

141 2692 329 2764 moratione
349 2691 577 2777 ndbilitatum,
600 2703 636 2762 et
654 2694 738 2765 Padi
760 2695 859 2785 ripae,
876 2693 934 2763 nbi
948 2693 1018 2763 acri
1032 2690 1219 2763 admodum
1322 2664 1331 2679 ’

139 2813 303 2905 etiniquo
321 2811 506 2883 certamine
528 2813 712 2883 Marcellus
733 2813 813 2883 olim
836 2812 910 2884 dux
933 2833 1105 2891 romanus,
1128 2832 1221 2883 caeso
1287 2901 1290 2909 .

141 2934 337 3005 Insubrium
357 2956 440 3025 rege
455 2934 630 3004 Gallorum
654 2933 872 3015 Vindomaro,
894 2936 991 3005 tortia
1008 2933 1123 3028 opima
1142 2955 1221 3027 spo-

142 3054 246 3126 liade
268 3050 414 3126 ducibus
439 3055 589 3126 hostium
618 3055 815 3148 reportavit.
841 3056 957 3127 Padus
978 3056 1053 3148 ipse
1075 3055 1141 3125 sub
1164 3076 1222 3148 pe-

142 3178 246 3249 dibus
262 3177 391 3268 ingenti
414 3178 548 3249 ambitu
582 3177 722 3272 pinguia
758 3188 837 3249 rura
870 3177 1125 3261 discriminans.
1152 3179 1223 3249 Hoc

141 3323 227 3393 ergo
246 3322 325 3371 cum
349 3299 497 3392 primum
519 3302 605 3371 colle
625 3299 867 3383 consisterem,
883 3301 967 3394 quid
982 3303 1034 3372 vel
1047 3300 1222 3392 cogitasse

143 3446 198 3496 me
215 3424 364 3518 primum
389 3433 490 3516 putas
511 3423 567 3494 vel
588 3426 751 3517 optasse?
767 3424 925 3507 Qualiter
945 3425 1032 3495 sorte
1054 3423 1157 3494 urbes
1184 3422 1223 3493 il-

143 3549 193 3617 las
214 3548 297 3637 iugo
315 3566 524 3638 premerem,
538 3557 623 3639 quot
636 3547 761 3618 aratris
776 3570 858 3619 rura
876 3548 932 3617 illa
952 3546 1221 3641 proscinderem,

141 3679 225 3761 quot
245 3667 411 3739 armentis
434 3689 562 3761 pascua
585 3672 662 3742 laeta
683 3673 892 3764 complerem
909 3700 916 3740 :
933 3683 1062 3764 quanto
1083 3670 1225 3760 navigio

143 3813 276 3862 merces
302 3802 468 3861 externas
495 3791 647 3865 adverso
670 3816 772 3864 amne
804 3796 1055 3878 subveherom,
1087 3792 1225 3886 quantis

141 3913 337 4004 legionibus
353 3898 503 3983 ‘virentia
524 3936 609 3986 arva
631 3928 857 4008 protererem,
880 3914 1008 4006 quibus
1035 3914 1226 4005 voluptati-

142 4036 208 4107 bus
248 4037 486 4109 arnoenissima
529 4037 562 4106 in
602 4039 744 4128 regione
777 4039 996 4109 dillluorem?
1029 4040 1109 4107 Tale
1143 4038 1224 4108 nibil

141 4160 294 4230 omnino:
316 4161 421 4231 alium
443 4160 525 4230 mibi
548 4163 719 4251 longeque
741 4160 846 4231 alium
869 4162 952 4230 vitae
979 4159 1082 4231 finem
1106 4162 1223 4231 statui.

141 4282 232 4365 Quid
253 4287 360 4374 ergo?
383 4285 468 4353 scito
490 4305 546 4352 mo
567 4303 739 4373 nusquam
762 4303 902 4353 ammna
921 4285 994 4354 loca
1012 4285 1223 4377 conspicere,

142 4404 225 4493 quin
245 4404 362 4475 subito
380 4404 520 4474 redeam
541 4405 575 4473 in
596 4404 912 4476 momoriam‘ruris
933 4407 1016 4489 mci,
1034 4425 1226 4495 eorumque

144 4527 246 4596 simul
277 4529 486 4621 quibuscum
516 4527 662 4599 libenter
690 4529 805 4612 valde,
830 4529 857 4598 si
880 4529 998 4600 dotum
1022 4541 1132 4607 essct.
1158 4527 1225 4597 illic
