2738 5062
258 660 351 708 nrunu
372 657 839 708 nunusnemnus.-musione
862 658 934 704 utu.
1076 645 1130 705 ιιι

56 802 130 873 Νοιι
152 822 206 872 me
231 801 337 892 igitur
358 800 424 870 hoc
443 801 579 892 inopem
605 799 695 867 iacit.
722 796 846 869 Audeo
871 797 938 868 hae
970 798 1003 868 in
1038 809 1136 891 parte

55 922 222 1017 quiddam
243 922 328 993 mihi
350 923 528 1011 singulare
548 918 718 1004 tribuere,
751 921 821 990 imo
848 941 918 991 non
948 920 1051 1006 mihi,
1073 921 1137 993 scd

55 1050 104 1119 iili
125 1045 184 1118 uni
206 1068 224 1117 a
245 1066 316 1138 quo
333 1053 388 1116 est
407 1063 527 1127 omne,
550 1041 685 1136 siquid
711 1044 746 1112 in
773 1063 830 1113 me
854 1044 910 1143 vel
935 1043 1076 1116 omnino
1101 1045 1135 1115 in

56 1171 196 1241 humine
220 1168 302 1241 boni
327 1180 392 1239 est.
413 1166 506 1252 Quid
532 1168 566 1237 in
588 1167 726 1258 magnis
747 1166 873 1259 opibus
900 1177 1041 1238 acturus
1062 1170 1137 1239 sue-

56 1295 135 1379 rim,
159 1291 328 1385 seuquid
354 1291 459 1362 animi
487 1289 670 1362 habiturus
704 1291 833 1362 nescio.
869 1288 936 1362 Sed
969 1290 1014 1362 ad
1044 1289 1137 1361 hunc

54 1414 147 1486 diem
168 1435 239 1506 quo
259 1416 339 1506 pius
360 1412 467 1485 habui
485 1434 530 1485 eo
549 1413 665 1483 minus
684 1413 818 1508 optavi,
846 1423 882 1483 et
913 1434 986 1507 quo
1017 1433 1136 1485 rerum

54 1532 152 1629 copia
179 1535 323 1626 largior,
345 1555 389 1606 eo
421 1545 458 1606 et
488 1535 720 1630 tranquillitas
741 1535 825 1607 vitae
843 1534 967 1619 maior,
987 1546 1025 1606 et
1042 1534 1138 1629 cupi-

55 1660 148 1731 ditas
168 1658 274 1729 animi
295 1657 408 1729 minor
424 1659 504 1743 fuit,
526 1661 713 1753 minusque
742 1655 1001 1731 solicitudinem
1023 1668 1058 1730 et
1076 1680 1138 1730 cu-

55 1803 183 1853 rarum.
217 1781 288 1852 Nec
321 1799 399 1852 sum
432 1780 583 1852 difficilis
612 1779 657 1852 ad
686 1778 897 1853 credendum
924 1781 1013 1852 sorte
1037 1781 1138 1852 aliter

54 1913 276 1985 eventurum,
304 1903 335 1973 si
360 1900 406 1973 ad
439 1922 587 1993 magnas
611 1901 753 1976 divitias
777 1904 1028 1998 pervenissem.
1050 1902 1138 1975 Nam

54 2037 94 2097 ut
111 2025 228 2098 navim
251 2046 346 2118 eaepe
367 2021 436 2095 sub
460 2027 555 2096 fasce
581 2024 688 2095 habili
713 2024 913 2120 expeditam
939 2023 1077 2120 pondus
1102 2027 1138 2096 in

55 2168 152 2218 marc
184 2146 369 2219 demersit:
403 2157 440 2219 et
471 2148 591 2217 oculos
612 2144 772 2218 modesto
792 2146 923 2218 lumine
946 2147 1137 2220 delectatos

55 2270 239 2342 immodica
273 2273 335 2341 lux
368 2267 531 2341 offendit:
566 2269 618 2342 sic
642 2279 677 2343 et
701 2290 769 2362 ego
795 2291 901 2366 opum
922 2273 1013 2343 mole
1032 2271 1140 2342 nimia

55 2394 249 2466 vincendus
272 2403 310 2465 ut
329 2396 459 2466 caeteri.
481 2393 555 2466 Nisi
576 2416 633 2466 me
653 2395 740 2467 fallit
756 2395 883 2489 opinio,
902 2393 1140 2468 mediocritate

55 2515 222 2588 hactenus
256 2537 335 2588 sum
371 2515 539 2589 invictus:
571 2519 737 2610 quamvis
764 2518 832 2588 hoc
857 2518 973 2609 ipsum
1005 2515 1136 2600 multis,

55 2637 175 2710 nescio
187 2661 233 2710 an
245 2650 280 2710 et
298 2638 370 2724 tibi,
390 2662 571 2731 perrarum
590 2648 695 2730 atque
714 2637 913 2709 incredibile
928 2637 1044 2708 visum
1063 2637 1139 2708 iure

56 2760 217 2832 arbitror.
240 2761 274 2830 Si
297 2761 363 2830 hoc
383 2760 489 2849 igitur
509 2770 669 2843 nonest,
690 2756 786 2851 quod
806 2759 889 2829 maii
907 2746 1012 2830 huius
1031 2759 1140 2829 usita-

56 2894 128 2951 tum
149 2892 185 2952 et
204 2882 358 2951 maxime
379 2882 558 2975 proprium
581 2878 777 2964 videretur,
799 2878 883 2973 quid
902 2879 997 2952 aliud
1019 2898 1139 2953 causae

55 3004 132 3073 est?
157 3002 274 3072 forsan
302 3000 510 3094 interroges.
537 3003 654 3073 Dicam
680 3023 752 3095 quo
777 3002 828 3075 rei
861 3001 964 3073 simul
997 3024 1038 3073 ac
1069 3003 1138 3073 mei

56 3135 215 3196 naturam
236 3124 405 3195 intuearis
430 3126 598 3218 apertius.
631 3125 696 3196 Est
728 3124 890 3218 equidem
916 3124 974 3195 ida
998 3144 1138 3216 quoque

56 3259 223 3341 perpetua
242 3255 279 3319 et
299 3246 523 3320 immutabitis
542 3268 647 3342 opum
665 3248 739 3330 lex,
754 3261 794 3318 ut
810 3269 889 3319 cum
906 3266 1026 3319 earum
1044 3266 1139 3318 scm·

57 3391 118 3461 per
138 3380 328 3463 augmento
345 3391 566 3443 corrosorum
588 3390 758 3442 numerus
778 3380 957 3462 augeatur.
979 3368 1137 3442 Sciebam

57 3491 147 3562 hanc
168 3514 250 3565 esse
270 3496 476 3567 sententiam
498 3495 708 3577 Salomonis;
725 3503 762 3565 at
775 3495 961 3588 inexperta
979 3496 1042 3564 vix
1061 3515 1139 3565 cre·

56 3613 183 3685 dimus.
204 3614 273 3686 Sed
289 3618 452 3689 novimus
465 3617 551 3688 iam:
565 3638 633 3688 non
653 3616 738 3688 mihi
752 3614 940 3688 credulitas
957 3618 1007 3688 rei
1021 3617 1136 3704 huius,

57 3735 121 3808 scd
140 3737 262 3809 notitia
281 3750 376 3809 certa
397 3750 462 3811 est.
484 3739 618 3812 Aurum
640 3761 704 3833 per
723 3738 852 3831 digitos
873 3758 970 3810 meos
991 3739 1138 3810 transire

56 3859 187 3944 didicit,
210 3883 278 3933 non
303 3861 457 3946 haerere;
483 3865 597 3955 piacet
621 3861 782 3955 equidem
816 3884 857 3934 ac
889 3861 1048 3933 delectat.
1082 3860 1137 3935 Ad

58 3981 124 4052 hoc
149 3983 240 4052 euim
266 3987 471 4076 quaesitum,
494 3985 686 4070 inventum,
713 3983 897 4068 effossum,
924 3981 1136 4071 abstersum,

58 4105 369 4197 consignatumque
388 4117 444 4177 est
468 4129 607 4193 aurum,
634 4130 704 4179 non
730 4117 768 4179 ut
792 4106 1001 4200 cupiditates
1028 4106 1139 4179 bomi-

58 4249 139 4297 num
162 4225 287 4296 stando
307 4230 452 4311 nutriat,
474 4229 537 4300 sed
563 4240 601 4300 ut
627 4228 843 4303 transeundo
870 4230 1137 4303 necessitatibus

59 4350 247 4422 medeatur.
281 4350 325 4420 Et
357 4347 473 4418 hercle
507 4369 630 4421 aurum
664 4354 725 4444 qui
755 4355 888 4448 speruit
913 4352 1046 4438 sobrie,
1074 4374 1138 4423 nec

60 4482 138 4559 post
155 4473 237 4543 idun
257 4470 342 4555 ubit,
357 4492 420 4541 nec
441 4469 474 4538 in
497 4471 556 4541 ilio
574 4484 704 4563 sperat,
720 4476 776 4547 ido
795 4478 877 4548 mihi
896 4499 981 4549 vere
999 4477 1137 4569 sapiens

183 4603 208 4639 u.
950 4595 980 4647 36
