2738 5062
139 615 198 678 354
474 624 516 673 DE
538 624 640 674 naeus
661 624 884 675 annullamus

140 786 204 837 sua
223 763 348 853 ingens
380 759 508 831 crescit
524 780 573 833 ex
590 760 702 833 aliena
730 760 894 833 felicitate
921 758 1081 832 felicitas.
1107 760 1237 835 Unum

139 898 206 970 est,
223 894 260 956 ut
273 883 434 966 arbitror,
449 881 592 977 quodin
610 882 715 955 mnus
733 882 871 975 gaudiis
888 881 1004 955 doleat
1021 883 1237 957 amantissi-

140 1029 219 1079 mus
239 1024 380 1099 parens,
401 1003 497 1097 quod
520 1003 705 1075 ecclesiam
722 1002 865 1075 viduam
890 1014 926 1075 et
950 1023 1015 1074 nos
1039 1003 1171 1077 abiens
1188 1006 1235 1077 li·

139 1127 216 1219 quit
237 1126 431 1218 acephalos.
446 1124 534 1209 Quis
551 1122 637 1195 mihi
654 1122 820 1219 deinceps
840 1123 1090 1218 scripturarum
1111 1126 1232 1201 nodos

140 1248 244 1319 lando
257 1247 436 1330 dissolvet,
444 1245 524 1339 quis
536 1266 663 1318 arcana
674 1246 853 1331 reserabit,
862 1246 941 1340 quis
953 1245 1231 1341 explicabiteni-

141 1379 272 1461 gmata,
285 1368 364 1460 quis
381 1368 544 1440 tenebras
560 1368 756 1452 illustrabit,
776 1369 855 1461 quis
872 1377 1042 1460 praeterea
1061 1368 1231 1442 formabit

142 1510 256 1562 mores
271 1489 528 1585 extirpabitque
548 1490 644 1573 vitia,
669 1491 814 1562 virtutes
838 1489 983 1572 inseret,
1005 1488 1087 1581 quis
1110 1491 1228 1583 eriget

141 1612 273 1705 lapsos,
289 1611 442 1706 trepidos
456 1609 620 1690 firmabit,
636 1621 769 1683 stantes
783 1611 992 1695 hortabitur,
1011 1612 1091 1702 quis
1109 1611 1228 1683 humi-

141 1737 193 1806 les
205 1736 344 1817 attollet,
353 1734 557 1827 comprimet
569 1732 747 1826 superbos,
757 1733 898 1804 terrebit
910 1733 1226 1817 audacesconluu-

140 1855 201 1929 det
218 1858 372 1938 infames
394 1853 539 1927 nudabit
557 1853 765 1951 hypocritae,
782 1854 1099 1947 celebrabitdignis
1113 1854 1225 1927 laudi·

142 1976 209 2049 bus
222 1977 399 2057 honestos,
416 1977 496 2068 quis
507 1976 694 2067 praemrbbit
701 1974 770 2068 (rici
777 1978 951 2060 emeritos,
961 1975 1080 2068 puniet
1092 1986 1222 2061 sontes,

141 2108 297 2169 conteret
316 2099 515 2180 sceleratos,
542 2098 622 2191 quis
646 2098 834 2171 catholicos
861 2096 1036 2179 solidabit,
1064 2106 1223 2171 errantes

142 2220 281 2309 diriget,
310 2227 443 2288 sternet
467 2217 665 2301 haereticos,
692 2219 824 2291 arcebit
847 2218 893 2291 ab
917 2217 1070 2291 ovilibus
1096 2218 1225 2292 Christi

142 2342 260 2411 lures‘?
290 2339 468 2409 Postremo
500 2338 580 2429 quis
608 2340 784 2434 orphanos
816 2339 1014 2432 viduasque
1047 2339 1223 2427 tuebitur,

142 2459 222 2553 quis
245 2469 364 2554 pascet
383 2460 593 2543 esurientes,
614 2460 694 2552 quis
720 2461 849 2533 vestiet
872 2462 1000 2545 nudos,
1028 2461 1108 2552 quis
1134 2466 1226 2535 sola·

142 2584 236 2656 bitur
254 2581 413 2668 alllictos,
447 2582 528 2674 quis
560 2582 717 2654 visitabit
749 2583 921 2668 infirmos,
955 2585 1036 2676 quis
1067 2584 1227 2658 humabit

142 2707 328 2788 extinctos,
351 2706 429 2797 quis
451 2727 641 2798 pauperum
676 2706 833 2799 publicus
865 2715 963 2801 pater
992 2706 1081 2777 erit?
1101 2707 1225 2779 Omnia

145 2830 220 2901 haec
240 2828 429 2900 benacum
455 2828 515 2899 illo
539 2830 681 2921 pariter,
707 2828 924 2901 dilectissimi
945 2830 1083 2911 iratres,
1106 2829 1226 2902 amisi-

145 2971 237 3032 mus,
261 2948 337 3020 sive
356 2948 485 3041 potius,
508 2957 548 3020 ut
563 2950 650 3034 dixi,
672 2950 809 3023 deloco
829 2949 875 3022 ad
895 2953 1008 3022 locum
1034 2963 1227 3025 commuta·

143 3072 271 3144 vimus.
298 3069 520 3143 Habebamus
541 3072 575 3141 in
598 3072 700 3141 terris
717 3083 981 3166 praeceptorem,
1001 3072 1177 3147 hahemus
1192 3073 1227 3145 in

144 3197 241 3268 eoelis
263 3195 530 3264 intercessorem
551 3192 644 3284 apud
664 3192 852 3275 Christum,
882 3194 937 3264 oui
963 3195 1068 3267 valde
1092 3198 1229 3288 placere

145 3313 279 3386 studuit
298 3314 355 3384 ille
375 3314 458 3384 dum
481 3314 586 3397 vixit,
608 3324 644 3384 et
663 3336 779 3406 quem,
801 3322 840 3385 nt
857 3335 972 3410 spero,
995 3314 1079 3387 nihil
1098 3319 1229 3391 lrustra

145 3433 351 3529 precabitur.
373 3434 463 3516 Quid
483 3446 600 3506 autem
625 3436 723 3528 prius
749 3438 883 3530 precari
910 3438 1007 3509 illum
1032 3439 1227 3525 credimus,

145 3579 249 3651 quam
272 3554 365 3647 quod
384 3554 534 3648 quisque
554 3556 775 3629 mediocriter
795 3558 907 3630 honus
928 3570 1048 3652 pastor
1068 3570 1228 3654 optaret,

147 3688 186 3749 ut
201 3676 332 3749 scilieet
348 3696 493 3767 gregem
515 3697 617 3749 suum
636 3679 798 3771 luporum
813 3701 854 3753 ac
868 3682 983 3752 lurum
1000 3683 1231 3757 concursibus

147 3810 184 3871 et
205 3784 338 3871 morbis
359 3797 520 3871 omuibus
537 3800 740 3893 expeditum
760 3802 880 3876 videat
904 3804 939 3873 in
964 3806 1069 3877 domo
1094 3806 1231 3878 Domini

148 3945 219 4015 quo
236 3924 312 4017 ipse
329 3934 475 3995 vocatus
493 3922 561 3995 iam
579 3924 780 4018 praecessit‘?
800 3926 892 4012 Quid
909 3949 995 3999 vero
1012 3928 1108 4001 aliud
1124 3951 1147 4000 a
1163 3930 1233 4000 Do-

147 4046 241 4117 mino
262 4058 383 4139 poscat
403 4047 437 4116 in
459 4045 571 4130 coelis,
593 4067 698 4139 quam
716 4049 808 4139 quod
827 4072 847 4122 a
865 4048 996 4121 vicario
1011 4051 1089 4121 eius
1107 4070 1233 4143 posce-

147 4164 207 4237 bat
225 4166 261 4237 in
281 4169 395 4251 terris,
425 4169 483 4260 qui
511 4169 631 4263 paucis
656 4179 737 4241 ante
762 4170 895 4243 obitum
921 4171 1060 4254 diebus
1085 4194 1165 4245 oum
1192 4192 1233 4247 se

146 4285 214 4357 iam
235 4285 295 4358 lini
321 4290 519 4381 proximum
545 4290 695 4376 videret,
724 4294 770 4365 ad
795 4316 950 4368 romanae
974 4294 1070 4367 sedis
1095 4296 1235 4368 antisti-

147 4416 232 4493 tem,
253 4420 289 4481 et
308 4409 477 4501 quosdam
495 4409 541 4482 de
563 4414 725 4505 collegio,
748 4417 931 4508 plusquam
958 4419 1123 4490 humanae
1146 4418 1236 4491 cha·
