2738 5062
349 604 441 655 nmen
462 603 955 655 numuosrcnrms-srrsrona
975 605 1039 654 rin.
1172 591 1226 656 251

161 741 369 837 exquisitior
383 763 453 814 non
471 743 570 827 desit,
589 754 625 815 et
644 746 767 815 mutati
784 743 923 817 babitus
940 746 1033 816 nulla
1051 744 1096 816 sit
1111 766 1229 831 causa,

160 864 224 938 nisi
239 865 325 959 quia
344 865 437 960 quod
454 865 604 962 primum
626 867 766 961 placuit,
788 867 936 961 primum
962 868 1091 940 sordet.
1113 868 1230 941 Soluta

161 999 240 1060 sunt
258 987 390 1082 quibus
414 988 546 1083 ligabar
564 990 717 1073 vincula,
742 991 920 1084 clausique
944 991 1072 1086 quibus
1098 995 1231 1086 placere

160 1110 341 1206 cupiebam
357 1113 464 1194 conli3
482 1123 518 1184 ει
536 1124 628 1208 puto,
651 1114 683 1185 si
703 1113 811 1208 aperti
831 1124 960 1199 essent,
975 1114 1076 1187 hodie
1092 1117 1229 1188 solitum

161 1234 192 1304 in
207 1255 266 1306 me
283 1234 464 1328 imperium
482 1256 550 1307 non
570 1236 759 1309 haberent:
776 1238 864 1309 meis
881 1247 993 1310 autem
1012 1240 1121 1312 oculis
1137 1242 1231 1311 nullo

160 1357 260 1430 modo
280 1358 394 1449 magis
413 1359 532 1452 placeo
549 1381 652 1451 quam
670 1361 804 1432 solutus
822 1383 862 1432 ac
882 1360 979 1432 liber.
998 1363 1087 1446 Quid
1106 1363 1150 1435 de
1170 1364 1232 1435 ha·

160 1478 308 1553 bitacnlo
330 1479 503 1550 dixerim?
528 1480 666 1554 Catonis
691 1494 752 1554 aut
775 1482 916 1555 Fabritii
942 1485 1085 1556 domum
1112 1495 1229 1580 pules,

161 1602 215 1673 nbi
239 1624 321 1674 cum
344 1623 431 1674 eane
455 1603 557 1676 unico
580 1618 617 1676 ει
642 1605 780 1677 duobus
805 1617 938 1678 tantum
964 1608 1077 1679 servis
1099 1610 1231 1696 habito;
1323 1690 1325 1694 .

159 1736 304 1800 oeleros
325 1726 360 1796 in
385 1727 481 1798 ltalia
500 1726 615 1799 dimisi
635 1750 768 1800 omnes.
792 1729 927 1802 Utinam
949 1730 982 1800 in
1004 1732 1061 1801 via
1081 1731 1232 1804 dimisis-

159 1869 243 1934 sem,
265 1848 310 1921 ad
335 1870 391 1920 me
416 1871 592 1942 nunquam
617 1850 807 1934 redituros,
833 1872 920 1922 meae
942 1852 1067 1946 quietis
1095 1854 1230 1927 unicam

155 1972 352 2062 procellam.
365 1971 508 2043 Villicns
525 1981 640 2044 autem
654 1973 851 2064 contiguam
866 1972 970 2045 habet
981 1973 1133 2060 domurn,
1148 1975 1231 2047 mibi

152 2113 295 2186 semper
307 2103 448 2186 praesto,
464 2094 546 2167 dum
565 2093 645 2164 usui
661 2103 730 2178 est,
744 2105 780 2165 et
793 2117 837 2167 ne
855 2118 1007 2190 unquam
1024 2095 1231 2191 obsequium

147 2227 281 2309 vergat
304 2216 340 2286 in
362 2217 520 2302 taedium,
543 2238 651 2310 parvo
668 2239 752 2289 mox
779 2219 868 2292 ostio
900 2220 1141 2293 secludendus.
1169 2222 1231 2294 llic

144 2336 239 2410 mihi
264 2336 355 2409 duos
382 2339 537 2410 hortulos
559 2339 709 2432 quaesivi
736 2350 804 2413 tam
827 2342 964 2435 ingenio
985 2344 1231 2437 propositoque

142 2480 234 2533 meo
255 2472 522 2549 consentaneos,
549 2472 585 2535 nt
605 2462 687 2534 nihil
708 2466 842 2557 magis:
865 2487 954 2559 quos
981 2467 1011 2536 si
1031 2465 1230 2537 describere

145 2582 352 2676 aggrediar,
378 2584 502 2676 longus
526 2583 617 2656 fiam.
640 2586 678 2656 ln
704 2609 841 2658 summa
871 2587 934 2656 vix
960 2587 1069 2657 simile
1101 2587 1231 2678 aliquid

139 2726 233 2778 reor
253 2703 382 2776 babeat
406 2703 500 2775 orbis
527 2717 712 2789 terrarum;
734 2718 782 2793 et,
806 2708 835 2778 si
856 2709 1034 2779 femineam
1053 2709 1230 2780 levitatem

139 2827 255 2900 fateri
274 2836 420 2919 oportet,
449 2829 516 2898 tale
542 2827 732 2920 quidquam
758 2850 839 2898 esse
864 2839 964 2897 extra
985 2827 1116 2898 ltaliam
1141 2828 1231 2901 indi-

142 2972 252 3043 gnor.
291 2951 388 3021 Hunc
417 2951 579 3023 Helicona
610 2959 768 3021 nostrum
801 2949 1049 3044 transalpinum
1079 2951 1230 3023 vocitare

144 3074 272 3145 soleo:
297 3082 353 3143 εει
377 3071 467 3144 enim
486 3075 554 3145 alte
574 3072 760 3145 umbrosus
779 3072 911 3164 solique
928 3070 1043 3143 studio
1059 3080 1175 3163 aptus,
1194 3083 1230 3142 et

143 3204 276 3267 nostro
301 3216 400 3267 sacer
423 3197 580 3291 Apollini.
607 3195 669 3268 llic
700 3195 855 3269 nascenti
879 3195 1012 3288 Sergiae
1037 3196 1228 3295 impendet,

145 3319 245 3411 ultra
261 3339 363 3411 quem
381 3317 466 3389 nihil
482 3328 537 3390 εει
552 3319 619 3389 nisi
640 3342 745 3415 rupes
766 3334 800 3393 ει
817 3322 904 3407 avia,
920 3343 1073 3414 prorsus,
1095 3321 1162 3393 nisi
1180 3324 1231 3392 le-

149 3440 203 3513 ris
220 3450 282 3512 ant
298 3439 510 3527 volucribus,
535 3442 723 3516 inaccessa.
746 3443 842 3517 Alter
861 3444 978 3517 domui
998 3447 1178 3539 proximus
1195 3455 1231 3516 ct

152 3574 297 3660 aspectu
314 3564 434 3636 cultior
448 3574 483 3634 et
495 3565 642 3637 dilectus
659 3577 715 3639 est
730 3566 881 3651 Bromio;
896 3567 960 3653 hic¹
977 3569 1102 3639 mirum
1116 3569 1225 3641 dictu!

154 3687 365 3782 rapidissimi
391 3710 431 3759 ac
455 3690 672 3781 pulcherrimi
699 3691 811 3763 amnis
836 3692 870 3761 in
896 3692 1011 3762 medio
1036 3701 1106 3762 est:
1133 3690 1230 3760 iuxta

154 3832 260 3902 quem
290 3809 390 3880 brevi
416 3819 547 3882 tantum
575 3823 676 3904 ponte
701 3812 872 3884 disiuncta
898 3812 1017 3883 ultima
1044 3812 1168 3883 domus
1194 3812 1229 3881 in

155 3943 265 4024 parte,
289 3932 434 4005 textudo
453 3933 546 4004 vivis
566 3956 612 4004 ex
633 3934 803 4026 lapidibus
824 3945 968 4005 curvata
991 3935 1226 4026 suspenditur,

155 4075 236 4146 qnae
261 4076 353 4127 nune
377 4058 465 4129 coelo
489 4056 632 4129 ardente
659 4057 777 4126 sentiri
803 4065 900 4127 vetat
922 4067 1089 4128 aestatem.
1116 4058 1228 4129 Locus

156 4177 291 4271 estqui
312 4178 356 4249 ad
378 4179 528 4250 studium
549 4178 733 4259 accendat3
755 4198 985 4271 angurorque,
1000 4201 1068 4249 non
1086 4179 1228 4251 absimi-

156 4298 198 4370 lis
223 4299 345 4372 atriolo
370 4300 426 4372 illo
452 4300 510 4371 ubi
535 4302 731 4373 declamare
757 4300 879 4372 solitus
904 4313 979 4373 erat
1003 4302 1135 4383 Cicero,
1162 4300 1228 4370 nisi

157 4425 250 4514 quod
276 4424 358 4496 illud
379 4426 674 4518 praeterlabentem
696 4425 851 4516 Sergiam
874 4450 941 4499 non
967 4426 1126 4497 babebat.
1156 4422 1228 4492 Sub
