2738 5062
340 658 433 707 nrnnn
455 657 919 710 nonusnncruus.·-ur1sronn
940 657 1005 706 xnr.
1163 645 1221 707 fite

143 797 273 890 gravis.
295 796 362 867 Pro
381 791 521 888 publico
544 794 637 865 enim
661 789 752 863 bono
784 793 901 862 nullus
935 792 1092 884 privatus
1125 787 1222 862 labor

143 941 212 991 non
232 918 341 989 facilis
364 916 476 988 videri
493 913 608 988 debet.
629 913 777 986 Proinde
798 912 887 994 hano
907 912 958 984 ob
978 933 1121 984 oausam
1153 934 1221 984 non

142 1043 246 1117 aliam
266 1039 311 1112 ab
331 1038 398 1111 hoe
418 1038 586 1130 Ligurum
607 1046 791 1128 regnatore
811 1035 942 1106 missus
975 1036 1019 1107 ad
1046 1035 1222 1106 Caesarem

142 1161 355 1259 proficiscor,
377 1181 553 1254 quamque
573 1158 735 1242 mittenti,
759 1169 993 1252 susceptoque
1018 1158 1144 1230 efficax
1160 1181 1223 1231 ne-

142 1284 237 1378 gotio
258 1303 314 1356 res
333 1280 487 1354 docebit:
510 1281 595 1353 mihi
616 1302 701 1353 vero
718 1291 865 1353 eatenus
890 1281 1081 1373 morigerer
1112 1291 1151 1354 ut
1182 1281 1222 1352 il-

141 1407 231 1490 lum,
249 1425 330 1477 cum
350 1423 420 1496 quo
441 1399 571 1475 absens
590 1401 712 1474 litteris
730 1400 777 1471 nil
798 1401 941 1496 proieci,
955 1423 1042 1474 voce
1061 1422 1221 1496 praesens

141 1528 274 1601 leriam.
296 1523 469 1618 Litigaho‚
488 1545 704 1618 anguemque
725 1544 819 1607 eum,
853 1534 889 1596 et
917 1534 1069 1596 statuam
1100 1538 1221 1598 eontra

142 1652 263 1724 laniem
283 1651 361 1722 eius
378 1649 467 1722 hane
486 1646 698 1738 degenerem
717 1657 754 1718 et
766 1646 936 1718 Caesareis
957 1645 1111 1719 moribus
1132 1645 1221 1718 indi-

142 1796 247 1867 gnam
268 1776 403 1865 lugam,
425 1782 465 1843 ut
484 1771 515 1840 si
535 1769 620 1840 nulli
639 1768 720 1841 usui
740 1767 805 1841 iter
825 1768 892 1840 hoc
912 1790 1029 1840 meum
1050 1769 1106 1854 sit,
1125 1780 1220 1841 certe

141 1903 278 1991 legatus
299 1897 375 1990 ipse
395 1892 478 1971 mibi
496 1896 606 1965 luero.
631 1891 747 1963 Primo
779 1893 871 1963 enim
902 1913 985 1985 quae
1017 1890 1218 1976 commissa,

141 2031 221 2116 post
240 2038 401 2090 seorsum
420 2035 501 2108 quae
517 2025 682 2109 oonoepta
702 2012 785 2084 mihi
813 2026 896 2088 sunt
926 2036 1103 2108 peragam.
1136 2015 1220 2088 Utar

140 2139 299 2213 libertate
317 2159 395 2210 mea
415 2147 451 2208 et
471 2134 622 2207 Caesaris
643 2145 720 2208 utar
740 2135 915 2230 patientia.
938 2137 993 2208 Sio
1013 2138 1218 2222 mesaltem,

142 2263 192 2337 sio
209 2261 340 2335 ltaliam
360 2269 397 2332 et
415 2259 593 2331 desertum
613 2258 798 2350 imperinm
817 2260 976 2332 ulciscar.
1009 2258 1133 2333 Orabis
1159 2282 1222 2355 pro

141 2384 230 2458 leliei
256 2383 383 2467 reditu,
405 2393 625 2474 postquem,
648 2392 687 2453 ut
707 2402 822 2475 spero,
853 2381 904 2455 sio
937 2381 973 2454 in
1002 2382 1221 2456 solitudinem

142 2515 236 2579 totus
256 2504 461 2595 immergar,
479 2514 518 2575 ut
537 2505 654 2575 nullus
676 2502 725 2576 ibi
744 2525 801 2576 me
834 2501 932 2576 labor
966 2504 1000 2600 (o
1023 2505 1110 2599 quid
1141 2515 1221 2576 ante

142 2624 366 2720 sepulchrum
387 2622 541 2718 sperni),
556 2626 673 2697 nullus
691 2646 748 2697 me
765 2623 930 2697 nobilium
948 2635 1120 2697 scrutator
1136 2627 1221 2698 late-

141 2748 284 2820 brarum
304 2747 394 2818 livor
419 2746 581 2819 inveniat.
609 2747 695 2819 Vale
719 2745 828 2818 nostri
848 2767 993 2819 memor.

283 2895 447 2965 Mediolani,
467 2910 644 2968 praepropere
664 2900 692 2951 et
709 2895 782 2950 iuter
800 2896 953 2951 tumultum
971 2895 1123 2952 sarcinulas
1139 2897 1222 2952 strin-

355 2984 489 3056 gentium.
506 2982 657 3067 malm·
674 2982 755 3039 lunii.

548 3403 724 3470 uuisioni
745 3404 814 3468 xlv.

221 3590 414 3642 nnnnctscus
435 3592 605 3642 Punnnncn
625 3591 803 3642 unnnctsco
823 3591 929 3642 PillOlil
951 3593 1142 3645 sanctolum

495 3695 727 3747 APOSTOLORUM
748 3695 774 3746 S.
796 3696 824 3746 P.
841 3696 872 3746 D.

159 3854 285 3913 Ilediisse
299 3873 330 3913 ne
345 3873 360 3913 e
376 3857 533 3926 Germania,
549 3859 725 3931 amicumque
738 3875 821 3915 suurn
834 3860 874 3914 illi
886 3859 1108 3915 commendatum
1122 3858 1200 3912 rolla.

241 4094 289 4165 Te
309 4093 503 4167 meditabar
523 4093 658 4180 abiem,
682 4106 715 4166 te
729 4113 895 4166 reversus
908 4091 1064 4164 meditor.
1079 4092 1148 4166 Sed
1160 4094 1221 4188 qui

142 4226 223 4288 tune
244 4215 378 4289 sulieeit
398 4219 532 4309 paueiS,
552 4239 646 4289 nune
666 4218 774 4289 multa
791 4216 923 4287 iubenti
941 4215 1056 4287 animo
1074 4238 1221 4311 occupa·

141 4337 206 4410 tior
227 4341 331 4412 solito
351 4342 507 4411 calamus
529 4359 596 4409 non
619 4339 755 4411 suffieit.
778 4339 897 4432 ltaque
918 4338 1031 4430 poscit
1052 4339 1218 4421 induciae,

139 4482 293 4553 quasue
316 4485 439 4554 negem
466 4462 631 4554 temporis
662 4484 800 4554 premor
832 4463 1014 4554 angustiis.
1045 4463 1218 4535 Reducem
