2738 5062
146 683 166 742 d
486 694 527 742 DE
548 693 649 743 REBUS
670 694 893 746 insultamus

146 838 256 929 fragia
279 837 448 929 elapsum,
476 837 677 932 fessumque
708 838 946 932 querimoniis,
980 834 1157 910 sedentem
1187 840 1222 909 in

145 961 257 1044 litore,
284 969 447 1032 moestum
468 958 621 1053 quidem,
638 961 701 1033 sed
721 961 788 1032 iam
809 960 893 1032 fletu
918 959 1165 1047 abstinentem,
1187 974 1223 1035 et

145 1103 272 1179 parvas
301 1103 440 1174 magnae
472 1085 621 1156 fortunae
649 1083 814 1177 reliquias
843 1095 1092 1157 recensentem.
1125 1083 1223 1158 Mitto

146 1205 221 1278 illus
243 1204 499 1277 amoenissimas
533 1215 637 1298 atque
670 1207 906 1300 amplissimas
938 1204 1100 1278 amicitiae
1124 1227 1219 1300 opes,

145 1328 272 1422 quibus
302 1326 636 1414 abundantissimus,
671 1330 814 1421 regibus
843 1329 929 1423 ipsis
967 1351 1009 1402 ae
1050 1337 1220 1402 terrarum

144 1451 294 1524 dominis
311 1451 396 1521 mihi
416 1451 518 1523 ditior
538 1448 699 1536 videbar,
717 1474 865 1544 quarum
883 1462 1026 1547 repente
1043 1451 1222 1547 pauperri-

144 1597 224 1647 mus
245 1578 356 1646 lactus
378 1595 471 1657 sum;
493 1595 562 1644 non
581 1584 637 1645 est
654 1573 817 1645 ferendus
837 1573 898 1666 qui
918 1575 1117 1647 imminutas
1137 1576 1222 1647 deli-
1243 1559 1253 1569 ’

143 1697 215 1767 cias
234 1718 317 1767 suas
338 1699 444 1786 luget.
465 1693 520 1767 Ad
536 1697 735 1768 necessaria
754 1694 840 1767 vitae
855 1695 1034 1790 praesidia,
1056 1717 1136 1790 quae
1159 1719 1222 1770 no-

145 1828 217 1890 stra
242 1817 466 1903 videbantur,
502 1817 567 1890 sed
595 1839 665 1888 non
693 1827 805 1903 erant,
834 1827 983 1889 transeo.
1015 1819 1111 1890 Duos
1135 1818 1221 1890 mihi

143 1944 267 2014 iratres
288 1940 441 2034 genitrix
460 1963 553 2026 mea,
567 1942 685 2034 plures
700 1940 848 2015 amicitia
860 1953 1054 2037 pepererat.
1067 1941 1220 2013 Primum

144 2065 285 2156 quidem
303 2065 446 2134 fratrum
468 2063 676 2134 naturalium
697 2086 791 2136 mors
812 2064 977 2135 infantem
992 2063 1076 2134 tulit.
1091 2064 1222 2135 Secun-

143 2186 227 2257 dum
245 2184 328 2255 mihi
345 2183 512 2268 Cartusia,
531 2183 600 2253 iam
617 2183 741 2270 virum,
757 2186 912 2272 abstulit,
927 2187 1033 2259 immo
1050 2207 1136 2258 vero
1152 2207 1222 2256 non

143 2305 240 2392 milri,
264 2306 327 2378 sed
346 2305 476 2377 mundo
496 2305 651 2378 ablatum
671 2309 744 2381 Deo
762 2309 925 2395 reddidit,
945 2309 1138 2382 Gerardum
1158 2300 1221 2378 no'-

143 2441 265 2515 strum,
287 2430 381 2500 nulla
406 2428 441 2499 in
463 2450 500 2500 re
530 2440 592 2500 aut
611 2451 779 2522 germano
799 2432 861 2503 tibi
890 2433 991 2505 unico
1018 2431 1218 2514 secundum,

142 2563 205 2625 aut
223 2550 309 2622 mihi
328 2572 434 2643 quam
460 2550 521 2622 tibi
553 2552 632 2624 ullis
657 2553 837 2639 affectibus
864 2553 1077 2624 vinctionem.
1103 2551 1150 2621 At
1185 2553 1220 2620 in

142 2674 303 2768 reliquis,
325 2681 364 2746 ut
384 2672 505 2746 sileam
518 2674 617 2762 duee,
633 2677 821 2748 recentium
840 2675 925 2746 mihi
946 2676 1091 2747 fletuum
1112 2684 1221 2745 male-

143 2799 206 2886 ria,
228 2821 375 2894 quorum
395 2801 542 2870 alterum
563 2796 765 2894 Apenninus
786 2798 979 2870 extinctum
996 2797 1115 2882 habet,
1135 2798 1221 2868 alte·

142 2948 219 2997 rum
240 2933 350 2995 terror
369 2943 499 3016 vaguS,
522 2923 569 2994 ita
589 2932 626 2992 ut
646 2921 737 2992 illius
758 2929 853 2992 certa
869 2939 975 3005 mors,
992 2918 1096 2991 huius
1110 2919 1220 2990 incer-

142 3058 178 3120 ta
195 3048 252 3131 sit3
272 3055 489 3141 quatuorque
511 3045 596 3116 alios
616 3067 685 3117 non
706 3047 873 3129 omittam,
898 3045 1066 3115 Thomam
1091 3043 1219 3115 scilicet

142 3193 182 3243 ac
201 3169 408 3252 Barbatum,
429 3178 464 3239 et
477 3166 620 3239 Laelium
636 3176 672 3238 et
682 3166 876 3239 Guidonem
889 3173 1057 3250 nostrum,
1072 3188 1219 3258 quorum

141 3293 292 3386 primum
311 3291 472 3363 Messana
493 3289 634 3374 Siciliae,
657 3291 849 3362 secundum
871 3289 989 3359 Sulmo
1009 3286 1216 3373 Brutiorum,

141 3412 280 3484 tertium
298 3411 418 3497 Roma,
441 3421 604 3505 quartum
632 3409 814 3481 lanuensis
840 3430 902 3479 ora
925 3409 1131 3491 donaverat3
1157 3408 1219 3480 sed

140 3537 290 3630 primum
305 3532 388 3604 mihi
400 3555 494 3605 mors
508 3543 674 3619 tenerum,
685 3531 877 3604 secundum
890 3539 997 3632 tenax
1009 3530 1134 3616 nodus
1150 3540 1220 3602 ter-

142 3660 226 3731 tium
246 3679 330 3729 cura
350 3655 563 3751 reipublicae,
586 3665 750 3750 quartum
771 3673 853 3725 vero
874 3651 1013 3724 curialis
1040 3653 1219 3748 occupatio

141 3780 361 3872 habendique
373 3777 526 3851 studium
540 3778 677 3871 eripuit3
691 3777 761 3849 duo
774 3783 901 3871 praeter
912 3775 980 3845 hos
992 3773 1050 3844 alii
1064 3775 1219 3868 eontige-

142 3913 232 3988 rant,
255 3903 339 3974 nulli
359 3903 414 3975 vel
429 3902 567 3995 ingenio
579 3904 637 3973 vel
649 3899 811 3971 amicitiae
824 3897 934 3991 gloria
946 3899 1095 3970 cessuri:
1110 3901 1219 3969 Fran-

141 4025 257 4098 ciscus
274 4022 324 4099 'et
353 4026 515 4110 loannes,
537 4023 752 4096 conterranei
777 4021 846 4094 mei
872 4020 990 4103 ambe,
1012 4042 1076 4114 par
1108 4018 1219 4090 homi-

141 4171 225 4219 num
245 4150 291 4221 ad
312 4172 463 4242 unguem
485 4146 642 4220 doctrina
661 4157 696 4218 et
716 4169 851 4219 morum
872 4141 1045 4236 elegantia
1070 4142 1219 4237 perpoli-

142 4280 227 4342 tum.
248 4272 320 4344 llos
341 4271 424 4342 mihi
444 4271 553 4367 patria
569 4290 650 4363 quae
674 4269 784 4357 dedit,
811 4272 889 4366 ipsa
912 4274 1024 4367 eripit.
1051 4269 1101 4339 lta
1126 4266 1217 4337 enim

142 4393 251 4480 affixi,
273 4404 309 4466 et
320 4395 451 4467 nativae
466 4415 564 4467 zonae
577 4393 758 4467 dulcedine
771 4395 955 4490 compediti
969 4403 1060 4479 suut,
1076 4401 1123 4476 ut,
1137 4412 1218 4462 cum

143 4514 272 4589 amoris
292 4516 428 4588 illorum
448 4515 593 4610 pignora
612 4519 720 4590 multa
739 4516 882 4611 quidem
903 4524 938 4587 et
957 4535 1085 4606 magna
1105 4512 1219 4609 possi·
