2738 5062
408 694 497 743 tmen
517 694 915 744 unnsnruus.-sr›rsron.i
939 698 964 742 r.
1170 688 1223 748 115

142 832 189 902 lor
208 840 250 900 et
270 830 421 901 lortuuae
441 849 545 911 meae,
581 830 644 900 sed
678 851 784 925 supra
811 828 914 902 fidem
949 842 1085 924 stupeo,
1120 842 1223 904 aetate

141 953 219 1035 bac,
235 972 345 1044 quam
355 950 469 1024 omnis
486 950 647 1023 bonitum
662 952 813 1023 sterilem
830 952 1049 1047 putabamus,
1066 964 1111 1041 et,
1128 957 1223 1049 quod

141 1073 350 1144 miraculum
371 1083 568 1158 coacervat,
590 1076 625 1144 in
646 1086 694 1146 tot
718 1076 857 1159 animis,
881 1085 1012 1148 tantum
1035 1078 1219 1171 popularis,

143 1205 180 1268 ut
205 1195 259 1267 sie
282 1195 449 1280 dixerim,
472 1217 513 1268 ac
533 1196 680 1291 publieae
704 1198 868 1269 libertatis
892 1201 1063 1272 existere:
1090 1223 1135 1270 eoe
1159 1225 1221 1294 quo

142 1321 288 1410 intellipi
319 1329 438 1412 potest,
470 1332 593 1411 quanto
624 1323 661 1389 in
693 1320 768 1391 doto
801 1323 950 1414 beneficio
988 1325 1029 1392 sit
1061 1326 1146 1407 loto,
1184 1335 1222 1396 ut

143 1443 192 1515 ait
212 1442 348 1526 Cicero,
370 1463 445 1512 cum
469 1446 506 1513 in
530 1456 659 1539 accepto
684 1449 725 1516 rit
750 1458 844 1515 tonto
868 1449 984 1535 utorio.
1006 1448 1096 1530 Quid
1117 1449 1218 1530 enim,

142 1584 282 1658 quaeso,
300 1564 516 1658 praeclarius,
535 1565 618 1659 quid
636 1567 748 1637 mains
767 1570 822 1638 vol
838 1567 969 1660 precari
987 1588 1142 1661 praesens
1159 1589 1221 1661 po

143 1697 256 1758 teram
282 1688 338 1757 vel
364 1696 497 1780 optare,
518 1711 622 1781 quam
644 1689 738 1782 quod
759 1712 824 1761 vos
845 1691 979 1763 absenti
1000 1690 1084 1762 mihi
1110 1714 1222 1784 nuper

142 1829 186 1882 ao
207 1810 321 1893 tacito,
349 1808 415 1878 viri
438 1809 590 1881 illustres
611 1821 646 1882 et
667 1812 850 1904 magnifici,
873 1814 1088 1885 contulistis?
1113 1815 1220 1885 Cuius

144 1955 300 2027 uuquam
320 1931 442 2026 patriae
460 1955 544 2025 erga
565 1933 812 2006 benemeritum
830 1937 942 2006 civem
961 1946 1055 2006 tanta
1072 1937 1220 2008 liberali-

144 2068 214 2142 tas,
241 2065 339 2128 tanta
358 2055 536 2146 dignatio?
556 2056 763 2129 Excutiatur
784 2058 981 2151 antiquitas,
1004 2061 1219 2152 proterantur

143 2180 314 2251 historiae.
335 2178 528 2251 Revocavit
547 2178 592 2249 ab
612 2179 717 2250 exilio
743 2180 938 2251 Cioeronem
966 2203 1066 2252 suum
1093 2183 1215 2266 Roma,

147 2300 324 2373 rerooavit
341 2311 379 2372 et
398 2301 563 2373 Rutilium
589 2312 626 2373 et
648 2303 833 2387 Metellum,
869 2301 931 2374 sed
963 2302 1008 2374 ab
1039 2326 1081 2375 eo
1113 2302 1224 2375 exilio

150 2421 246 2515 quod
261 2422 331 2518 ipsa
348 2424 592 2506 mandaverat3
614 2425 791 2498 revocavit
807 2436 843 2496 et
860 2426 1054 2511 Camillum,
1074 2427 1138 2498 sed
1154 2447 1219 2503 ett-

147 2555 266 2618 tremae
289 2548 438 2620 lortunae
457 2547 596 2621 casibus
616 2550 806 2622 admonita:
832 2559 868 2620 et
893 2550 982 2621 sicut
1000 2551 1123 2620 horum
1145 2569 1220 2620 om·

140 2670 238 2743 nium
258 2670 385 2743 iniusta
406 2672 586 2763 relegatio,
610 2673 660 2743 sio
679 2673 832 2744 omnium
853 2671 959 2753 iusta,
980 2672 1111 2742 Camilli
1133 2693 1217 2742 vero

139 2793 342 2867 neeessaria
360 2804 396 2864 et
416 2815 520 2887 prope
542 2795 690 2865 violenta
711 2793 895 2866 revocatio.
917 2793 1136 2863 Revocarunt
1155 2792 1216 2861 Al-

143 2917 317 2989 oibiadem
330 2916 484 2998 Athenae,
501 2916 565 2987 sed
584 2916 779 2986 conditione
796 2935 864 2984 non
881 2912 1029 2984 absimili
1046 2921 1083 2982 et
1098 2934 1221 2983 neees-

147 3039 250 3113 sitate
263 3038 401 3135 publiea
422 3059 528 3134 prope
547 3037 630 3130 pari.
645 3036 721 3119 Quo
734 3055 885 3127 unquam
907 3033 1086 3127 plebiscito
1103 3057 1219 3127 quove
1248 3070 1256 3087 ·

145 3165 451 3236 senatusconsulto
472 3171 594 3255 sponte
619 3160 747 3233 absens
768 3156 870 3243 civis,
894 3159 987 3228 nullo
1011 3157 1134 3253 patriar
1159 3179 1219 3249 pe-

143 3283 252 3358 riculo
273 3295 459 3357 revocatus
478 3288 555 3355 est‘l
574 3282 717 3375 Virgilio
742 3280 924 3373 Augustus
950 3280 1069 3352 Caesar
1095 3300 1218 3370 agrum

141 3407 345 3493 reddiderit,
383 3409 446 3479 sed
474 3429 578 3499 quem
613 3407 687 3500 ipse
718 3404 952 3499 praeripuerat.
975 3403 1037 3475 Cui
1063 3422 1218 3496 unquam

141 3530 212 3605 filio
231 3534 334 3627 culpa
353 3532 460 3624 patris
484 3552 569 3622 ager
595 3529 763 3623 perditus,
786 3527 922 3621 publioo
946 3527 1091 3598 oonsilio
1115 3526 1218 3598 resti-

142 3664 239 3727 tutus
259 3658 338 3726 est?
358 3653 514 3726 inaudita
535 3661 616 3724 sunt
636 3652 712 3723 haec
729 3651 865 3745 pietatis
881 3660 917 3722 et
934 3648 1147 3720 liberalitatis
1165 3648 1218 3716 in-

143 3776 245 3849 dicia:
266 3787 302 3848 et
322 3798 401 3847 cum
421 3777 493 3848 lere
515 3776 688 3847 raritatem
708 3775 847 3846 claritas
870 3782 1045 3865 sequatur,
1065 3777 1216 3864 quantus

142 3902 302 3994 exemplo
320 3900 468 3971 carentis
490 3908 618 3970 vestrae
639 3897 891 3971 benevolentiae
910 3897 1024 3988 fulgor
1040 3896 1126 3966 erit‘?
1145 3893 1216 3963 ld-

141 4046 258 4109 voeor,
287 4026 349 4098 sed
375 4022 527 4117 quantis,
549 4045 624 4107 oro,
648 4025 712 4096 sed
736 4022 864 4115 quibus
893 4030 929 4091 et
960 4041 1064 4111 quam
1091 4016 1215 4087 validis

142 4149 330 4242 precibus?
346 4169 451 4241 quam
469 4147 663 4242 imperiosis
680 4143 878 4217 blanditiis?
894 4143 1029 4225 Quanta
1050 4161 1112 4235 spe
1131 4161 1216 4231 ager

143 4274 260 4344 avitus
285 4271 331 4342 de
355 4270 491 4365 publico
517 4270 719 4362 redemptus
750 4265 963 4337 restituitur?
994 4261 1039 4334 At
1064 4282 1214 4355 quonam

144 4398 280 4469 sarculo
305 4396 420 4467 cultus
445 4391 679 4486 eloquentiae?
704 4389 831 4482 quibus
857 4387 1043 4460 verborum
1071 4384 1214 4456 floribus

143 4522 311 4591 ornatus?
327 4516 454 4610 quibus
475 4516 635 4589 laudibus
657 4511 784 4585 nostris
810 4513 990 4601 fragrans?
1008 4519 1136 4601 quanta
1153 4524 1216 4572 no-
