2738 5062
147 692 205 753 180
487 702 527 748 ne
549 700 648 747 nunus
669 697 889 747 rsurursnruus

145 841 383 915 miserabiliter
403 839 598 930 deplorasti.
635 839 720 908 Nam
752 847 786 908 et
817 837 900 906 nihil
933 846 988 907 est
1019 836 1114 928 quod
1147 838 1212 907 tuis

144 963 367 1059 querimoniis
387 961 466 1033 addi
494 971 613 1052 queat,
640 971 676 1031 et
701 982 825 1032 vereor
850 982 892 1030 ne
919 959 1084 1053 prurienti
1108 962 1213 1033 ocello

144 1086 341 1157 confricatio
362 1084 406 1154 sit
427 1086 583 1164 molesta,
603 1105 700 1166 neve,
721 1083 750 1153 si
769 1085 874 1152 semel
893 1082 1061 1177 incepero,
1083 1086 1212 1156 uullum

145 1231 200 1280 res
221 1209 353 1280 exitum
376 1207 537 1277 inveniat.
565 1205 602 1275 ld
628 1203 766 1297 quidem
789 1204 882 1298 quud
915 1228 983 1276 non
1016 1206 1052 1275 in
1087 1206 1212 1278 ultimis

144 1329 393 1402 adversitatum
416 1348 590 1409 numeras,
612 1340 647 1396 ut
664 1348 718 1396 me
737 1326 853 1396 llomae
871 1348 938 1396 nou
956 1326 1145 1412 inveneris,
1165 1329 1213 1401 di-

145 1455 274 1524 vinitus
295 1455 419 1524 lactum
440 1474 532 1533 reor,
547 1472 603 1531 ne,
624 1450 651 1519 si
670 1449 833 1540 congredi
855 1449 1021 1533 licuisset,
1040 1473 1110 1522 nou
1130 1460 1214 1523 tem-

144 1581 197 1670 pla
218 1577 279 1647 Dei
299 1576 482 1648 devotione
503 1571 682 1655 catholica,
704 1571 766 1643 sed
785 1572 880 1642 urbis
902 1572 1067 1643 ambitum
1091 1577 1214 1647 lustra-

144 1717 261 1764 remus
287 1694 484 1765 curiositate
511 1693 656 1787 poetica,
679 1714 746 1762 uon
767 1692 891 1762 animae
910 1714 1029 1763 curam
1056 1703 1211 1786 agentes,

144 1819 206 1890 sed
224 1819 398 1910 negotium
420 1815 637 1887 litterarium:
658 1814 848 1906 quodlicet
866 1816 910 1884 sit
927 1815 1212 1889 iucundissimum

143 1942 304 2034 pabulum
325 1942 528 2021 intellectus
547 1939 613 2008 nisi
633 1947 747 2008 tamen
769 1937 814 2009 ad
835 1959 941 2007 uuum
964 1958 1088 2008 verum
1109 1938 1213 2013 finem

144 2063 331 2152 redigatur,
353 2062 524 2132 inlinitum
544 2061 684 2154 quidem
702 2069 738 2130 et
755 2060 855 2130 inane
874 2069 939 2130 est.
953 2060 1096 2133 Poteras
1119 2084 1210 2149 saue,

143 2184 171 2255 si
191 2183 361 2254 tarditatis
379 2203 467 2253 meae
484 2182 714 2267 meminisses,
737 2181 860 2253 mentis
877 2183 1024 2275 augurio
1042 2184 1215 2277 praevide·

144 2329 193 2390 re,
211 2306 306 2398 quod
327 2327 381 2374 me
403 2306 543 2373 Romam
565 2325 632 2374 uon
655 2302 781 2375 iubilaei
807 2304 1021 2398 principium,
1048 2306 1111 2377 sed
1136 2304 1213 2379 fiuis

143 2428 342 2499 adduceret.
366 2428 468 2511 Quod
493 2425 605 2517 ipsum
630 2427 781 2519 petitioni
815 2438 885 2498 tuae
918 2450 1126 2521 responsum
1153 2432 1210 2514 sit,

143 2562 180 2623 ut
200 2553 303 2635 scias,
326 2571 381 2622 me
401 2548 445 2620 de
461 2549 574 2621 Africa
597 2561 730 2631 nostra,
748 2575 850 2645 quarn
869 2540 944 2623 iuro
966 2562 1023 2624 tuo
1040 2557 1210 2648 postulas,

143 2696 210 2746 uon
231 2685 386 2744 mutasse
397 2672 593 2745 consilium:
616 2673 753 2744 sienim
776 2697 927 2766 uuquam
953 2675 987 2745 in
1014 2676 1126 2748 lucem
1153 2700 1213 2751 ve-

142 2795 224 2879 niet,
247 2795 314 2865 noli
336 2793 469 2867 deiide
491 2792 653 2889 promissi
672 2792 854 2866 dubitare:
877 2805 972 2867 tuum
993 2807 1074 2868 aute
1099 2799 1213 2871 omnia

143 2918 244 2989 limen
264 2906 367 3010 petet.
388 2920 516 2991 Verum
537 2918 594 2990 illa
614 2928 650 2990 et
670 2918 870 2990 morositate
891 2917 1037 3010 hospitis
1058 2931 1094 2992 et
1113 2922 1213 2993 inuu-

142 3040 246 3112 meris
263 3042 409 3113 furtunae
427 3042 599 3136 repagulis
619 3041 801 3112 detinetur.
824 3042 910 3126 Quae
935 3040 964 3110 si
989 3053 1116 3114 cuncta
1135 3066 1212 3116 ces·

142 3176 268 3247 sarent,
284 3173 356 3235 tum
372 3166 481 3234 satius
498 3164 614 3233 visum
627 3172 690 3244 est,
705 3164 796 3234 illam
813 3162 906 3234 domi
923 3186 1063 3235 manere
1079 3176 1117 3236 et
1133 3189 1211 3239 eum

141 3296 243 3357 aetate
256 3287 420 3379 concoqui
435 3308 475 3356 ac
492 3296 740 3368 maturescere,
755 3308 811 3368 ue,
828 3286 856 3355 si
870 3295 949 3355 aute
963 3295 1102 3379 tempus
1117 3289 1212 3361 exis-

142 3419 210 3495 set,
229 3429 407 3499 pomorum
429 3430 525 3480 more
546 3428 626 3500 quae
644 3408 826 3477 immatura
844 3408 948 3478 ramis
966 3407 1209 3505 decerpuntur,

141 3532 296 3627 asperior
315 3531 493 3613 evaderet,
521 3552 586 3600 nec
610 3533 713 3601 ferret
737 3539 890 3613 aetatem;
912 3534 1106 3624 praesertim
1131 3558 1209 3607 cum

141 3677 205 3726 uec
225 3653 355 3726 reditus
376 3665 472 3725 esset
492 3655 596 3725 semel
618 3653 653 3723 iu
675 3652 848 3746 publicum
869 3677 1037 3746 egressae,
1060 3667 1096 3728 et
1116 3659 1212 3751 inge-

140 3780 186 3848 nii
209 3778 275 3848 mei
298 3776 504 3848 incredibilis
527 3777 669 3847 mutatio
689 3778 723 3846 in
744 3776 819 3847 dies
840 3776 946 3848 fieret.
969 3777 1101 3850 Dehinc
1123 3783 1209 3852 sorte

141 3903 234 3973 uliud
254 3901 386 3973 consilii
407 3902 554 3994 capiam,
578 3899 842 3994 incumbamque
865 3902 942 3971 lima
969 3902 1103 3974 ultima:
1129 3926 1208 3975 nam

139 4037 174 4097 et
194 4030 299 4098 multa
313 4047 392 4119 quae
408 4023 680 4108 remorabantur,
703 4023 817 4095 ablata
835 4034 926 4109 suut,
947 4035 1077 4116 elego,
1096 4028 1131 4097 ui
1147 4027 1223 4097 lal-·

140 4151 205 4231 lor,
234 4149 299 4219 iam
330 4171 405 4219 sum
430 4149 598 4243 quidquid
624 4159 661 4220 ut
683 4171 798 4221 essem
825 4171 871 4221 ex
902 4152 969 4220 alto
999 4150 1206 4244 permissum

139 4281 225 4354 erat;
247 4272 408 4363 quamvis
431 4294 540 4364 usque
573 4273 617 4343 ad
652 4271 878 4344 novissimum
907 4272 988 4343 vitae
1012 4271 1103 4342 diem
1130 4290 1207 4363 pro·

140 4393 237 4485 gredi
261 4416 327 4465 non
347 4392 518 4477 desinam,
541 4405 707 4489 quantum
729 4397 835 4479 siner,
857 4419 921 4467 nec
950 4397 1135 4488 desperem
1156 4390 1205 4484 pi-

140 4542 203 4599 ‚ero
222 4520 321 4589 etiam
344 4518 543 4601 magisterio
566 4519 751 4591 senectutis
770 4518 902 4589 doctior
925 4541 964 4589 uc
981 4517 1101 4588 melior
1118 4513 1200 4587 fieri,
