2738 5062
149 666 187 730 58
485 679 527 727 nn
549 679 648 730 nunus
669 679 892 731 rnuruunuaus

148 818 252 894 quam
273 797 478 871 fiducialiter
500 806 612 870 tecum
632 820 699 892 ago
724 798 827 870 homo
853 795 1000 890 pusillus
1020 803 1057 865 et
1075 793 1229 887 incogni-

148 930 215 993 tus.
238 923 297 1004 Tu,
320 941 450 1013 quaeso,
470 942 514 991 ne
534 920 683 993 libertati
700 941 789 991 meae
811 938 1029 1002 succenseas,
1049 917 1112 989 sed
1129 927 1228 989 natu-

148 1065 198 1114 rae
220 1042 445 1136 moribusque
467 1041 535 1112 tuis
556 1045 747 1133 gratulare,
768 1041 828 1134 qui
849 1041 939 1112 banc
959 1040 1044 1111 mihi
1065 1038 1229 1113 fiduciam

147 1164 421 1237 subministrant.
455 1162 547 1248 Quid
572 1164 677 1249 enim,
706 1175 745 1234 ut
769 1172 923 1256 coeptum
950 1183 1091 1255 sequar,
1125 1163 1228 1256 quasi

147 1285 284 1357 venturi
304 1294 430 1368 certus,
454 1294 591 1377 tempus
612 1285 647 1354 in
666 1284 821 1357 consiliis
841 1282 1039 1379 expendis?
1058 1283 1175 1355 nescis
1193 1283 1227 1354 in

146 1428 249 1501 quam
267 1406 366 1478 brevi
381 1407 492 1498 spatio
513 1405 744 1492 maximarum
760 1427 875 1477 rerum
888 1412 1064 1475 momenta
1080 1424 1228 1475 versen-

146 1533 221 1601 tur‘t
237 1531 325 1614 Qnae
342 1528 459 1598 multis
476 1526 655 1598 elaborata
673 1534 755 1598 sunt
772 1526 911 1598 saeculis
930 1546 1024 1617 saepe
1041 1523 1116 1596 dies
1134 1544 1226 1595 unus

145 1649 292 1721 coniicit.
314 1649 423 1720 Crede
444 1648 537 1730 mibi,
561 1646 590 1718 si
612 1647 737 1718 samam
758 1646 942 1740 propriam,
966 1645 996 1715 si
1016 1644 1227 1738 Reipublicae

146 1781 273 1842 statum
294 1769 425 1853 cernis,
447 1768 585 1841 videbis
608 1778 684 1839 tuas
706 1768 822 1840 itidem
844 1790 901 1841 res
922 1791 965 1840 ac
984 1778 1122 1839 nostras
1140 1766 1227 1840 diu-

108 1868 116 1878 *
144 1889 295 1963 tionibus
318 1913 385 1962 non
405 1911 521 1981 egere.
543 1889 633 1972 Quid
653 1888 748 1982 quod
769 1888 931 1981 ambigua
949 1899 984 1960 et
1001 1889 1226 1980 fugacissimo

142 2013 217 2084 vita
232 2023 296 2095 est,
313 2020 350 2082 et
365 2011 528 2104 quamvis
546 2011 770 2103 integerrima
785 2019 873 2082 aetas
891 2021 950 2083 tua
967 2009 1021 2096 sit,
1034 2019 1091 2081 est
1109 2019 1226 2082 tamen

144 2133 324 2216 instabilis,
344 2132 557 2225 assidueque
577 2136 728 2205 volutae
747 2133 902 2228 rapitur?
922 2134 1041 2224 ltaque
1058 2154 1127 2204 non
1145 2154 1226 2205 sen·

144 2255 287 2325 tientem
308 2254 420 2325 omnis
442 2262 476 2323 te
496 2252 530 2323 in
553 2253 687 2324 senium
712 2254 787 2326 dies
809 2255 937 2338 trudit;
964 2255 1048 2327 dum
1073 2254 1225 2327 eircum-

145 2376 259 2470 spicis,
277 2375 359 2446 dum
378 2375 568 2458 cunctaris,
592 2374 781 2467 improvisa
799 2376 916 2447 furtim
937 2375 1048 2448 aderit
1063 2376 1221 2448 canities.

144 2497 199 2567 An
222 2499 310 2568 sorte
335 2494 488 2579 dubitas,
516 2517 559 2566 nc
580 2506 661 2566 ante
687 2504 824 2588 tempus
850 2496 1029 2590 inceperis,
1056 2497 1101 2568 ad
1127 2498 1223 2591 qnod

143 2619 379 2712 peragendum
413 2617 475 2689 vix
501 2618 664 2689 humanae
699 2617 784 2688 vitae
813 2616 1056 2710 longissimum
1083 2627 1221 2712 tempus

143 2738 305 2831 intelligis
327 2721 576 2811 suffecturum?
595 2760 709 2830 neque
729 2740 821 2811 enim
838 2741 996 2833 vulgaris
1013 2748 1076 2812 aut
1091 2740 1223 2813 medin-

142 2862 211 2932 cris
237 2861 367 2954 negotii
392 2859 452 2932 tibi
473 2882 557 2932 cura
576 2869 641 2932 est.
666 2859 858 2933 Romanum
878 2862 1077 2955 Imperium,
1104 2861 1221 2934 multis

142 2984 202 3057 diu
223 2985 383 3057 iactatum
407 2983 672 3077 tempestatibus
693 3004 790 3077 saepe
810 2984 967 3055 delusam
985 2993 1021 3054 et
1037 3005 1138 3077 paene
1154 2984 1221 3057 iam

142 3107 328 3199 proiectam
351 3128 450 3200 spem
472 3105 594 3178 salutis
621 3103 656 3173 in
682 3113 741 3175 tua
761 3105 900 3178 tandem
921 3104 1053 3177 virtute
1072 3105 1218 3200 reponit,

141 3237 177 3299 et
207 3251 270 3322 per
294 3228 494 3298 innumeros
519 3247 638 3310 casus,
671 3226 738 3296 sub
764 3226 965 3299 umbraculo
999 3227 1049 3299 tui
1073 3226 1221 3301 nominis

142 3359 330 3442 utcumque
351 3347 521 3440 respirat;
540 3346 603 3419 sed
628 3349 701 3419 sola
717 3348 784 3420 iam
803 3370 865 3442 spe
882 3348 1012 3421 diutius
1036 3350 1132 3443 pasci
1161 3368 1222 3420 ne·

141 3470 226 3562 quit.
246 3469 359 3541 Sentis
380 3478 542 3561 quantam
564 3479 599 3540 et
618 3491 723 3562 quam
744 3469 836 3562 piam
862 3492 1025 3541 curarum
1050 3471 1221 3545 sarcinam

141 3590 349 3684 suscepisti;
371 3591 486 3683 perier
511 3590 556 3662 ad
583 3590 734 3676 exitum,
761 3613 957 3685 precamur,
985 3592 1092 3685 idque
1116 3610 1220 3686 quam

139 3719 289 3812 primum
311 3715 420 3788 facitu.
441 3714 698 3788 Pretiosissima
724 3716 829 3786 immo
853 3738 940 3788 vero
965 3715 1219 3787 inaestimabiiis

141 3859 198 3909 res
229 3847 284 3910 est
314 3848 467 3930 tempuS,
502 3838 663 3909 etunius
695 3837 803 3910 solius
829 3837 1010 3910 avaritiam
1038 3837 1219 3911 doctorum

141 3961 293 4033 omnium
318 3958 537 4032 commendat
561 3960 758 4031 auctoritas.
783 3960 876 4031 Pelle
901 3981 1016 4032 moras
1042 3960 1159 4051 igitur,
1186 3969 1222 4032 et

139 4084 235 4176 quod
259 4084 390 4175 grande
415 4079 545 4172 aliquid
573 4081 753 4173 aggressis
778 4081 936 4153 ultimum
967 4091 1035 4166 est,
1063 4081 1220 4174 singulos

140 4203 216 4276 dies
249 4205 365 4297 magni
387 4203 545 4274 aestima:
571 4225 614 4274 ea
639 4212 674 4274 te
698 4202 860 4294 cogitatio
885 4227 1028 4301 parcum
1056 4205 1221 4299 temporis

140 4325 272 4409 efficiet,
304 4347 347 4397 ea
376 4335 410 4396 te
434 4332 535 4415 coget
562 4333 599 4394 ut
623 4324 755 4410 venias,
786 4336 822 4399 et
851 4327 939 4398 inter
968 4325 1221 4399 adversitatum

139 4444 257 4520 nubita
277 4445 515 4519 desideratum
535 4445 636 4518 nobis
657 4448 917 4538 augustissimae
935 4458 1005 4521 tuae
1024 4446 1148 4519 frontis
1168 4448 1222 4518 iu·
