2738 5062
138 736 197 797 lul
479 748 519 795 nn
541 748 641 798 annos
662 748 882 829 nrurnrnnrnus

138 886 248 968 Quem
269 883 351 953 nini
372 884 525 954 omnium
547 884 611 955 buc
630 896 727 978 peste
743 884 890 955 liberum
911 883 1038 957 dabis?
1059 886 1231 963 Christus

139 1008 184 1079 ab
204 1008 246 1077 iis
267 1027 355 1099 quos
377 1007 574 1076 salvaturus
593 1007 783 1077 advenerat
799 1008 992 1092 infamatus,
1010 1008 1098 1100 quin
1116 1013 1229 1083 ctiam

140 1131 366 1220 interemptus
386 1135 450 1198 est.
472 1126 661 1197 Nobiscum
686 1127 774 1198 benc
793 1127 909 1219 agitur
929 1127 957 1199 si
981 1130 1097 1200 securi
1122 1152 1230 1203 secu·

141 1251 238 1332 rium,
263 1249 292 1318 si
323 1249 495 1318 immunes
527 1248 712 1319 verberum
752 1248 869 1320 verbis
902 1248 1113 1342 impetimur.
1150 1252 1227 1324 Nisi

140 1374 227 1440 forte
254 1368 486 1439 mordaciores
513 1370 732 1461 suspicamur
751 1370 929 1464 antiquos,
952 1373 1045 1451 nulla
1066 1395 1225 1466 unquam

140 1501 227 1561 aetas
253 1499 371 1560 nostra
395 1501 498 1561 aetate
521 1491 696 1583 procacior
720 1493 793 1562 luit.
821 1493 929 1564 Unam
953 1492 1012 1563 tibi
1039 1514 1060 1563 c
1084 1492 1225 1567 fabellis

141 1616 287 1685 reseram
308 1615 415 1703 vulgo
435 1613 535 1694 notis,
554 1622 589 1683 et
608 1612 736 1704 quibus
757 1634 846 1684 anus
866 1623 948 1684 ante
967 1616 1082 1685 locum
1103 1613 1226 1687 biber-

141 1757 205 1806 nas
227 1744 343 1805 noctes
370 1734 485 1804 tallere
512 1733 631 1803 solitae.
659 1734 775 1802 Senex
795 1754 874 1802 cum
901 1732 1126 1805 adolescente
1152 1733 1224 1807 illio

141 1856 267 1949 agebat
284 1856 358 1927 iter.
379 1856 461 1924 Erat
477 1854 532 1923 liis
552 1874 642 1924 unus
660 1875 791 1946 parvus
808 1856 937 1924 asellus
951 1853 1137 1941 ambobus,
1151 1878 1224 1950 quo

142 1978 294 2049 vicissim
314 1976 466 2047 laborem
485 1974 553 2045 vim
571 1974 743 2044 levabant.
763 1976 834 2045 Hoc
854 1976 936 2046 dum
959 1975 1097 2067 genitor
1114 1978 1224 2051 vehe-

141 2109 248 2179 retur,
272 2104 438 2187 seqnente
455 2096 604 2188 pedibus
627 2098 700 2169 suis
722 2107 814 2181 nato,
846 2097 992 2169 irridere
1017 2098 1124 2168 obvii.
1152 2100 1219 2181 En,

141 2218 292 2299 aiebant,
323 2227 360 2287 ut.
382 2218 608 2289 moribundus
631 2220 830 2313 inutilisque
852 2220 1029 2292 seniculus
1050 2222 1135 2292 dnm
1155 2220 1223 2293 sibi

141 2338 353 2429 obsequitur,
378 2339 563 2408 formosum
586 2341 700 2433 perdit
717 2341 984 2414 adolescentem.
1002 2341 1151 2414 Desiluit
1166 2364 1223 2415 se·

142 2485 221 2546 nex,
244 2472 279 2532 et
297 2459 441 2529 invitum
470 2472 586 2529 natum
614 2461 647 2528 in
675 2484 776 2533 suurn
797 2466 910 2535 locum
931 2464 1108 2534 substulit.
1131 2466 1222 2537 blur·

141 2606 280 2656 murare
304 2581 589 2678 praetereuntium
612 2581 734 2653 turba:
755 2606 798 2655 en
820 2597 858 2657 ut
880 2585 998 2678 segnis
1024 2596 1060 2657 et
1085 2606 1224 2681 praeve<

142 2708 232 2779 lidus
255 2708 478 2788 adolescens,
501 2704 584 2776 dum
606 2704 754 2798 propriae
777 2705 950 2778 blandilur
971 2706 1140 2798 ignaviae,
1162 2708 1221 2779 de-

141 2830 309 2922 crepitum
344 2838 475 2921 patrem
511 2836 646 2897 mactat.
681 2828 816 2899 Pudore
847 2829 901 2899 ille
934 2829 1065 2911 victus,
1090 2840 1220 2922 patrem

140 2953 254 3043 coegit
274 2951 475 3021 ascendere.
497 2951 547 3020 lta
566 2972 634 3021 uno
655 2949 881 3043 quadrupede
905 2951 1008 3022 simul
1023 2951 1114 3022 vecti
1128 2973 1222 3021 mur-

141 3098 218 3145 mur
238 3072 492 3145 occurrentium
515 3071 774 3163 indignatioque
791 3071 1019 3156 crebrescere,
1039 3073 1137 3164 quod
1154 3092 1222 3143 una

140 3197 260 3268 brevis
281 3193 419 3267 duabus
437 3194 572 3285 magnis
592 3192 715 3263 belluis
734 3202 960 3284 premeretur.
982 3194 1075 3277 Quid
1097 3204 1131 3265 tc
1148 3216 1222 3265 mo-

142 3322 222 3388 ror?
243 3318 303 3386 His
322 3316 402 3385 rrroti
421 3315 549 3409 pariter
567 3314 670 3385 ambo
688 3312 913 3401 descendunt,
932 3326 968 3386 et
983 3337 1097 3387 vacuo
1116 3318 1222 3389 asello

142 3437 289 3531 pedibus
309 3437 471 3506 incedunt
492 3436 650 3528 propriis.
668 3435 857 3508 Enimvero
875 3448 955 3508 tunc
976 3436 1090 3508 illusio
1111 3440 1223 3511 acrior

143 3560 303 3649 risusque
330 3557 534 3647 protervior,
562 3557 650 3628 duos
672 3558 789 3628 asinos
818 3561 874 3629 uni
901 3569 939 3630 ut
965 3571 1128 3651 parcant,
1156 3559 1224 3632 sibi

143 3703 210 3750 non
230 3698 381 3770 parcere.
402 3677 463 3745 llic
481 3680 637 3767 genitor:
657 3679 781 3761 cernis,
802 3679 921 3772 inquit,
938 3681 993 3765 fili,
1009 3693 1047 3751 ut
1064 3680 1112 3750 nil
1131 3680 1226 3774 quod

143 3798 308 3892 probetur
327 3798 372 3867 ab
393 3798 552 3868 omnibns
572 3799 644 3866 fieri
663 3810 796 3890 potest:
820 3811 1018 3895 repetamus
1036 3801 1226 3894 pristinum

143 3943 273 3991 morem
297 3931 467 4001 nostrnm;
490 3921 523 3988 hi
547 3940 648 3988 suum
667 3922 828 4013 loquendi
849 3923 1084 4015 carpendique
1109 3924 1228 3995 omnia

145 4064 275 4113 rriorcm
301 4053 453 4115 servent.
483 4043 534 4112 Nil
562 4044 709 4135 amplius
736 4043 861 4127 dicam,
885 4066 949 4114 nec
976 4065 1123 4115 necesse
1149 4056 1228 4117 est:

147 4162 242 4233 rudis
263 4165 394 4245 labella,
421 4165 483 4236 sed
507 4164 642 4235 efficax.
665 4168 760 4234 Vale.

645 4455 723 4465 -—..
