2738 5062
499 444 508 461 u

810 540 829 563 0

143 698 202 759 506
485 706 526 754 Μ
546 705 648 756 maus
669 705 890 756 annullamus

142 866 219 917 mea
236 863 376 936 quoque
401 840 605 934 temporalis
622 842 718 911 salus
739 838 933 926 includituq
955 859 1060 932 quam
1078 840 1223 934 longam

140 976 177 1039 et
196 965 317 1057 quanti
337 966 468 1036 amoris
489 971 701 1056 quantaeque
721 961 950 1035 solicitudinis
974 972 1078 1055 atque
1102 966 1224 1036 lormi-

140 1087 233 1161 dinis
260 1088 398 1180 plenam
419 1087 601 1180 epistolam
623 1084 667 1156 ad
698 1095 733 1156 te
759 1083 849 1155 misi.
871 1085 977 1155 Cuius
997 1084 1063 1155 etsi
1080 1093 1222 1179 pmpter

142 1208 293 1302 seipsam
312 1232 381 1281 non
402 1208 638 1291 meminisses
660 1228 776 1300 neque
796 1206 888 1277 enim
908 1206 1002 1276 illam
1022 1207 1107 1278 tanti
1123 1208 1220 1293 facio,

142 1338 181 1401 nt
201 1331 258 1401 tali
277 1330 444 1401 memoria
464 1329 570 1421 digna
591 1330 648 1414 sit,
663 1338 699 1399 at
712 1330 833 1400 saltem
852 1328 1122 1419 elegantissimae
1142 1349 1223 1420 gra·

142 1452 369 1545 vissimaeque
400 1459 471 1524 tuae
503 1451 738 1544 responsionis
753 1449 886 1522 oblitus
911 1470 1086 1522 essenon
1109 1458 1220 1543 potes.

142 1574 228 1644 Cum
250 1593 337 1644 vero
357 1573 425 1644 iam
451 1571 505 1643 bis
532 1571 607 1645 acie
631 1570 857 1656 decertatum,
884 1573 952 1642 iam
972 1571 1222 1664 Hellespontia-

140 1717 220 1767 oum
241 1716 365 1788 aequor
381 1704 485 1787 atque
507 1695 723 1791 Tyrrhenum
745 1694 894 1784 geminis
913 1692 1071 1765 cladibus
1091 1693 1221 1764 nostris
1291 1691 1293 1695 ’

141 1819 313 1902 infectum,
334 1830 369 1889 et
385 1819 455 1889 iam
470 1818 680 1888 simillimum
699 1818 776 1887 veri
793 1824 898 1900 esset,
913 1815 1041 1887 irarum
1061 1815 1220 1887 flammas

141 1941 238 2032 largo
258 1939 391 2010 cruoris
419 1937 528 2008 imbre
550 1940 751 2019 lentesoere,
775 1935 820 2007 ab
840 1935 907 2007 boo
925 1954 1038 2027 nuper
1056 1936 1220 2006 Italorum

140 2062 308 2144 maximo,
330 2059 443 2131 fidelis
470 2058 539 2130 beu
566 2059 628 2130 sed
658 2058 821 2130 inefficax
847 2066 1012 2131 tractator
1043 2056 1150 2150 pacis,
1174 2055 1220 2129 ad

141 2192 176 2252 te
195 2182 361 2273 civesque
378 2191 457 2252 tuos
475 2181 616 2264 missus,
638 2179 767 2274 quibus
786 2201 851 2252 nee
868 2182 948 2251 Dux
968 2200 1118 2272 usquam
1139 2200 1221 2252 oon-

142 2303 272 2384 sultior,
295 2323 358 2372 neo
380 2321 466 2392 gens
492 2303 563 2373 ulla
589 2302 804 2397 tranquillior
831 2311 960 2395 quanta
991 2322 1155 2397 praesens
1186 2304 1221 2374 in

141 2421 285 2494 consilio
305 2424 360 2493 cui
381 2422 567 2516 praesides,
585 2432 716 2514 quantu
738 2436 850 2496 meum
882 2426 978 2496 solus
1005 2426 1040 2494 in
1066 2424 1221 2496 thalamo

142 2543 252 2616 verba
270 2545 353 2615 feci!
373 2545 462 2615 Puto
480 2552 622 2638 propter
640 2544 850 2616 vicinitatem
868 2546 983 2619 adhue
1000 2556 1038 2617 ut
1055 2547 1104 2618 ita
1122 2547 1221 2618 dixe-

142 2667 207 2736 rim
225 2666 261 2736 in
278 2665 504 2738 auribustuis
523 2676 656 2738 sonent.
675 2667 916 2760 Nequidquam
937 2678 1071 2740 tamen:
1088 2691 1171 2740 nam
1187 2677 1222 2741 et

142 2810 325 2880 procerum
348 2800 498 2875 tuorum,
520 2798 570 2874 et,
592 2788 688 2882 quod
716 2789 839 2859 mirum
861 2790 896 2858 in
922 2789 1064 2860 modum
1086 2801 1218 2886 stupeo,

142 2919 264 3005 pectus
284 2913 389 2981 etiam
408 2919 504 2981 tuum
532 2909 731 2982 salubribus
748 2910 888 2982 monitis
911 2910 1145 3006 precibusque
1168 2915 1220 2987 iu·

38 3102 40 3106 ,
144 3033 307 3104 stissimis
324 3033 406 3103 belli
433 3035 550 3104 fervor
566 3045 672 3125 atque
692 3054 870 3105 armorum
896 3035 1014 3126 fragor
1032 3033 1220 3109 obstruxe-

143 3164 228 3237 rant,
250 3154 477 3247 reliquiaeque
497 3163 656 3225 veterum
679 3156 809 3225 irarum
829 3164 866 3225 et
886 3156 1033 3227 recentis
1054 3158 1220 3229 memoria

144 3298 330 3367 rumorque
353 3275 517 3346 victoriae.
545 3275 684 3346 Minime
704 3296 834 3346 novum
852 3276 888 3346 id
906 3275 1062 3367 quidem:
1085 3279 1217 3350 iracun-

144 3397 201 3466 dia
230 3397 321 3465 enim
348 3406 416 3478 est,
440 3407 478 3466 nt
506 3397 555 3467 ait
574 3397 706 3483 Cioero,
729 3397 868 3468 inimica
886 3399 1044 3482 oonsilio,
1076 3397 1216 3470 victoria

145 3525 259 3588 autem
287 3525 409 3587 natura
437 3519 593 3589 insolens
617 3527 653 3589 et
679 3518 830 3613 superba
850 3527 915 3589 est.
944 3518 1150 3592 Aooessemt
1172 3518 1217 3591 ab

143 3639 315 3732 Aquilone
334 3637 495 3729 quaedam
514 3661 683 3711 novarum
706 3664 819 3712 rerum
834 3663 920 3713 aura
936 3644 1125 3737 pertenuis,
1139 3662 1218 3737 quae

144 3761 224 3831 lieet
247 3757 420 3830 adversus
444 3759 480 3830 id
499 3781 570 3851 quo
589 3759 809 3833 intendebam
834 3761 949 3848 flaret,
970 3765 1220 3858 perfeceritque

143 3884 237 3976 quod
253 3882 364 3967 timui,
383 3901 468 3975 paee
490 3882 535 3952 sit
553 3882 681 3953 dietum
698 3893 768 3968 tua,
784 3894 912 3957 tantam
926 3868 1042 3958 tumen
1062 3895 1221 3958 avertem

144 4006 348 4093 gravitatem
370 4026 411 4076 ao
431 4004 566 4077 saniora
593 4006 766 4100 dissipare
791 4008 937 4079 consilia
961 4031 1032 4079 non
1056 4007 1219 4080 debebat.

144 4124 334 4218 Quousque
352 4128 444 4198 euim
467 4129 584 4200 miseri
601 4129 635 4199 in
653 4129 791 4220 iugulos
803 4130 926 4223 patriae
941 4139 978 4200 et
993 4131 1029 4200 in
1045 4128 1218 4225 publicam

144 4264 265 4314 necem
275 4247 456 4320 barbarica
468 4250 786 4343 circumspiciamus
798 4251 1148 4346 auxilia‘lQuousque
1160 4249 1219 4344 qui

144 4385 209 4436 nos
235 4370 452 4456 strangulent
471 4373 581 4464 pretio
600 4372 859 4444 oonduoemus‘l
883 4375 1001 4446 Dioam
1022 4376 1118 4447 olera
1133 4390 1219 4444 voea

145 4488 240 4598 quod
262 4489 387 4570 senti03
409 4488 500 4562 inter
530 4514 652 4566 omnes
679 4496 875 4567 mortalium
896 4514 1050 4578 errores,
1072 4513 1217 4589 quorum
