2738 5062
154 614 212 677 tol
487 626 528 675 ns
551 624 653 675 onnus
673 622 896 675 rssnmmous

154 766 203 835 ris
223 761 390 835 secundet
409 760 629 853 omnipotens
648 761 753 845 Deus,
773 771 810 833 et
828 782 962 835 moram
988 772 1088 835 tuam
1111 764 1247 837 mundo

153 888 285 968 utilem,
315 883 376 954 tibi
396 880 584 973 gloriosam
606 882 689 955 velit
707 894 751 965 ot,
771 894 809 956 ut
825 882 872 955 ait
889 881 1095 969 Psalmista,
1119 884 1247 957 tribunt

154 1012 214 1079 tibi
232 1005 411 1078 secuudum
431 1025 487 1073 cor
513 1016 605 1073 tuum
625 1016 656 1073 ct
680 1026 777 1075 omno
796 1006 972 1075 eonsilium
997 1016 1094 1077 tuum
1121 1008 1244 1099 confir·—

152 1142 226 1201 met.
247 1131 373 1199 Verum
396 1126 478 1217 quia
495 1124 648 1199 nondum
666 1126 803 1199 iunctus
820 1127 932 1200 officio
949 1148 1030 1199 snm
1047 1128 1120 1201 nisi
1137 1149 1243 1203 omne

151 1252 245 1345 quod
267 1272 366 1321 mens
389 1250 536 1341 parturit
554 1261 591 1320 et
611 1249 729 1341 lingua
747 1248 925 1343 pepererit,
946 1250 997 1323 sie
1017 1250 1089 1323 iarn
1108 1252 1240 1337 Caesar,

150 1375 307 1467 epistolae
329 1382 399 1444 tuae
417 1370 645 1466 respondebo,
667 1382 704 1443 ut
724 1373 895 1464 intelligas
916 1394 972 1445 me
996 1371 1043 1446 de
1062 1376 1242 1449 sententia

151 1517 221 1569 nou
244 1504 311 1567 tarn
334 1494 526 1567 rationibus
543 1494 735 1565 litterarum
758 1504 909 1578 tuarum,
928 1517 1033 1587 quam
1055 1497 1107 1569 tui
1128 1500 1240 1571 notni·

152 1622 207 1692 nis
227 1620 405 1691 maiestate
426 1616 634 1710 depositum.
656 1615 742 1699 Quis
763 1616 856 1689 enim
875 1618 951 1689 sani
970 1616 1096 1711 eapitis
1117 1629 1239 1693 contra

151 1744 325 1815 Caesarem
346 1739 474 1812 sentire
500 1738 642 1821 audeat,
664 1747 699 1809 et
719 1739 912 1831 praesertim
933 1740 970 1809 in
993 1738 1104 1812 rebus
1125 1742 1238 1837 lmpe-

136 1863 215 1932 rii?
233 1862 270 1933 Si
289 1861 334 1934 de
354 1860 488 1953 poetica
508 1868 569 1931 ant
586 1857 615 1929 si
634 1858 774 1930 omnino
792 1858 836 1931 de
851 1858 976 1931 litteris
993 1880 1113 1934 sermo
1129 1876 1234 1946 esset

150 1991 268 2054 uterer
286 1983 373 2051 torte
392 1980 548 2053 libertate
564 1975 658 2051 Accii
678 1986 807 2073 poetae,
825 1999 930 2070 quem
948 1979 1037 2051 lulio
1052 1980 1186 2055 Caesari
1201 1980 1236 2055 in

150 2112 327 2195 poetarum
347 2100 530 2172 consilium
551 2100 704 2172 venienti
722 2121 790 2171 non
811 2120 1000 2191 assurgere
1016 2102 1159 2175 solitum
1178 2123 1236 2177 ac-

150 2226 328 2315 cepimus,
363 2244 432 2293 non
465 2232 665 2314 contemptu
696 2221 873 2317 principis,
909 2222 974 2295 sed
1005 2225 1235 2318 professionis

149 2343 298 2436 proprias
320 2342 458 2414 fiducia.
474 2345 573 2415 Nune
592 2366 672 2416 eum
690 2344 736 2417 de
752 2344 900 2436 lmperio
920 2344 1051 2437 agitur,
1073 2348 1157 2441 quis
1177 2346 1234 2419 tibi

151 2488 219 2539 non
239 2475 415 2556 assurgat,
433 2474 494 2535 aut
510 2464 591 2557 quis
608 2487 677 2536 non
693 2467 797 2538 cedat
812 2465 879 2537 nisi
896 2487 1018 2539 amens
1036 2466 1234 2563 oblitusque

151 2610 267 2660 rerum
288 2587 468 2659 omnium?
485 2588 624 2680 Loquor
644 2586 761 2680 itaque
781 2610 849 2660 non
867 2601 906 2660 ιιι
925 2598 960 2661 te
980 2592 1152 2675 refellam,
1174 2590 1235 2665 sed

152 2722 189 2782 ut
207 2731 406 2794 exerceam,
427 2731 498 2780 non
519 2718 556 2780 ut
576 2708 752 2794 adverset,
776 2711 839 2782 sed
865 2690 907 2783 ut
929 2732 986 2782 me
1012 2711 1074 2783 tibi
1095 2712 1234 2805 penitus

150 2832 315 2925 aporiam,
338 2831 537 2924 nudemque
551 2831 731 2925 -quidquid
751 2834 889 2905 animus
914 2832 1059 2905 latebris
1085 2834 1163 2907 suis
1187 2844 1235 2905 te·

151 2953 210 3043 git.
236 2954 386 3025 Primum
407 2952 548 3045 quidem
576 2954 726 3026 tarditati
748 2974 836 3025 meae
861 2956 1233 3050 clypeum-praetendis

150 3076 374 3148 mutationem
388 3086 592 3169 temporum,
605 3098 709 3168 quarn
724 3074 971 3169 multiplicibus
989 3076 1112 3149 verbis
1125 3098 1232 3171 exag-

150 3222 262 3291 geras
280 3212 319 3271 ut
335 3200 515 3293 aliquanto
536 3198 646 3291 magis
663 3197 825 3269 dictantis
845 3198 1022 3289 ingenium
1042 3220 1150 3291 quem
1170 3198 1231 3271 im·

151 3319 319 3411 peratoris
340 3321 495 3391 animum
516 3321 632 3393 mirari
654 3341 760 3412 cogar
780 3342 820 3392 ae
845 3320 998 3391 laudare.
1025 3319 1120 3403 Quid
1143 3322 1232 3395 enim

149 3460 271 3533 quaeso
291 3451 360 3523 est,
387 3442 482 3533 quod
506 3443 692 3535 aliquando
713 3466 781 3517 non
807 3443 923 3526 luerit,
947 3442 1126 3516 imovero
1149 3442 1232 3537 quid
1299 3438 1301 3451 '

149 3585 212 3656 par
230 3561 400 3633 maiorum
419 3575 615 3636 nostrorum
634 3566 812 3639 laboribus
829 3565 1065 3661 periculisque
1081 3562 1232 3658 perpeti·

150 3710 235 3771 mur,
257 3685 340 3758 dum
363 3685 523 3756 Brennus
545 3687 686 3774 ltaliam,
708 3688 791 3759 dum
813 3689 977 3786 Pyrrhus,
1000 3686 1086 3757 dum
1103 3684 1232 3759 Hanni·

148 3809 201 3882 bal
225 3808 407 3881 vastabat?
426 3806 595 3890 Quaenam
615 3812 826 3903 comparatio
848 3833 963 3882 rerum
984 3812 1064 3881 est?
1085 3810 1130 3881 Ut
1147 3828 1232 3881 vero

147 3934 246 4005 nobis
266 3955 368 4007 omne
394 3930 608 4004 mortiferum
631 3936 761 4006 vulnus
787 3934 920 4006 sitnon
946 3953 1064 4004 rernm
1091 3943 1231 4014 natura,

147 4053 211 4123 sed
244 4054 406 4127 mollities
432 4066 552 4128 nostra
577 4056 666 4129 lacit.
693 4057 795 4141 Quod
821 4055 979 4128 ridebant
1004 4055 1141 4146 proavi,
1169 4072 1232 4125 nos

146 4174 320 4263 lugemus,
348 4186 383 4245 et
413 4177 458 4249 ad
483 4200 621 4249 omnem
649 4177 859 4250 difficultatis
891 4198 1076 4249 occursum
1108 4176 1232 4249 cohor-

146 4292 314 4365 rescimus
346 4317 386 4365 ac
411 4307 612 4389 torpemus:
640 4321 717 4371 cum
746 4301 838 4371 nulla
864 4298 1000 4370 interim
1027 4299 1061 4369 in
1088 4296 1232 4391 conqui-

148 4416 263 4490 rendis
296 4419 582 4493 excusationibus
617 4421 662 4491 sit.
695 4432 782 4493 artas
812 4433 848 4493 el
871 4423 965 4494 nulla
994 4444 1082 4511 gens
1116 4442 1231 4516 prom·
