2738 5062
138 600 198 662 230
479 613 520 661 nn
541 612 641 661 nunus
662 611 884 661 rnuurnnmus

140 747 236 821 sedis
261 749 438 822 humilitas
459 749 660 844 postularet.
682 749 783 833 Quod
807 770 885 820 cum
910 770 959 818 ex
977 747 1114 820 illorum
1139 770 1213 831 ore,

139 873 199 966 qui
212 883 324 944 status
337 872 404 944 mci
421 894 540 944 curam
554 873 761 966 praecipuam
776 870 935 963 agebant,
949 870 1033 941 mihi
1047 872 1216 943 innotuis-

141 1005 209 1079 set,
231 994 502 1089 primoquidem
525 1005 645 1087 stupor
665 992 823 1085 arripuit,
844 992 1050 1086 veritusque
1069 1014 1148 1063 sum
1174 1015 1222 1079 ne

141 1115 280 1187 ironicis
296 1113 412 1184 verbis
427 1114 611 1184 illuderent
627 1113 855 1185 humilitatem
872 1134 996 1198 meam,
1013 1113 1116 1185 cuius
1132 1113 1218 1184 mihi

114 1260 221 1309 cum
241 1239 277 1307 in
303 1237 433 1319 multis,
462 1247 533 1309 turn
557 1238 661 1308 etiam
688 1237 723 1308 in
748 1238 902 1309 oratione
934 1260 1012 1310 sum
1045 1226 1218 1309 conscius.

142 1360 273 1432 Deinde
295 1360 352 1432 uhi
372 1361 595 1434 iureiurando
613 1360 815 1454 interposito
830 1360 996 1453 perdidici
1015 1360 1066 1432 sic
1082 1358 1222 1453 pontili-

142 1483 187 1565 ci,
208 1483 261 1553 sic
278 1484 422 1574 collegio
443 1482 564 1566 videri,
583 1494 618 1552 ot
636 1482 701 1552 hoo
718 1505 827 1553 unum
844 1503 865 1552 a
880 1503 936 1552 me
953 1480 1082 1574 requiri
1099 1491 1138 1552 ut
1156 1482 1221 1553 hu-

144 1604 276 1680 miliare
297 1606 475 1698 ingenium
495 1610 585 1699 (utor
597 1605 688 1675 enim
706 1604 826 1676 verbis
840 1603 987 1699 illorum)
1005 1613 1040 1676 et
1056 1604 1220 1677 inclinare

144 1726 259 1798 stilum
280 1744 538 1805 assuescerem3
560 1721 618 1792 uhi
639 1731 808 1815 praeterea
832 1723 927 1816 quod
950 1744 972 1794 a
995 1720 1137 1794 duobus
1161 1744 1223 1794 au-

143 1850 276 1921 dieram
298 1846 453 1918 amnltis
474 1868 521 1915 ex
540 1844 662 1917 eodem
684 1845 805 1917 ordine
834 1844 1038 1939 conscriptis
1063 1843 1221 1938 patribus

144 1971 274 2055 audivi,
299 1980 392 2040 tanto
413 1967 541 2061 gaudio
562 1969 715 2064 rcplctus
737 1989 830 2052 sum,
850 1978 1020 2061 quantum
1037 1968 1102 2037 vix
1120 1966 1223 2039 hahet

144 2094 203 2184 qui
224 2093 268 2162 de
290 2093 405 2161 limine
426 2090 575 2162 carceris
595 2091 705 2163 odiosi
732 2089 952 2162 liberatorem
977 2111 1081 2160 suum
1107 2088 1224 2185 inspe-

144 2228 258 2285 ratum
279 2212 461 2305 conspicit:
484 2213 565 2283 hinc
584 2213 676 2284 enim
703 2190 876 2286 evadendi
900 2212 991 2284 viam
1016 2214 1223 2306 patefactam

145 2335 228 2407 milri
250 2333 363 2405 rebar.
385 2334 457 2404 Nec
477 2334 630 2404 tollebar.
649 2336 767 2428 ltaque
789 2335 977 2428 requisitus
998 2345 1036 2406 ut
1055 2334 1222 2407 dictarem

145 2457 274 2552 aliquid
296 2478 365 2550 quo
385 2477 490 2548 posso
508 2478 563 2527 me
580 2477 686 2549 prope
703 2471 828 2527 terram
847 2460 966 2529 volare
982 2469 1017 2529 et
1033 2458 1223 2530 humilibus

145 2603 200 2651 me
219 2590 382 2674 coaptare
403 2578 583 2650 sententiis
604 2591 786 2671 appareret
812 2580 860 2673 (id
880 2580 972 2650 enim
1000 2578 1084 2650 mihi
1105 2580 1224 2653 sacilli·

145 2725 240 2774 mum
260 2713 458 2775 constanter
478 2701 728 2775 asseverabant
746 2702 805 2796 qui
831 2724 886 2774 me
907 2704 941 2773 in
961 2725 1154 2789 carcerem,
1176 2706 1225 2775 al-

147 2833 219 2895 tum
238 2827 329 2908 licet,
345 2836 477 2897 arctum
492 2835 616 2908 tamen,
636 2824 838 2918 urgebant),
858 2835 895 2897 ut
912 2827 1059 2919 primum
1074 2825 1224 2898 dictandi

147 2948 293 3019 materia
310 2947 391 3021 data
411 2958 478 3032 est,
500 2948 593 3019 omni
610 2947 692 3020 nisu
708 2948 869 3041 ingenioli
887 2948 953 3021 mei
970 2950 1045 3020 alas
1060 2948 1225 3041 explicui,

147 3069 275 3163 quibus
296 3094 351 3141 mc
372 3072 476 3141 humo
498 3072 665 3153 tollerem,
689 3080 726 3140 ut
751 3070 799 3141 ait
824 3072 956 3143 Ennius
980 3084 1016 3141 et
1042 3081 1122 3163 post
1144 3092 1224 3143 aum

148 3194 260 3276 Maro,
282 3204 317 3262 ct
336 3193 404 3262 alte
423 3192 510 3263 adeo
534 3193 704 3272 volarem,
726 3201 777 3275 ut,
802 3193 831 3263 si
855 3191 929 3264 lieri
950 3205 1082 3286 posset,
1103 3194 1225 3279 abiis,

148 3316 208 3408 qui
226 3337 281 3385 me
297 3323 436 3407 captum
453 3312 639 3397 ducebant,
659 3336 726 3386 non
745 3315 893 3387 viderer.
913 3313 1078 3388 Adluisse
1095 3319 1226 3402 Musae,

147 3458 359 3529 quamquam
381 3435 521 3504 mininie
542 3436 687 3529 pierium
708 3459 797 3530 opus
816 3450 925 3524 esset,
943 3451 980 3511 et
998 3451 1158 3511 nostrum
1175 3444 1227 3512 ia-

149 3559 244 3631 visse
264 3570 366 3651 putes
385 3557 590 3651 Apollinem.
612 3561 712 3644 Quod
733 3561 960 3647 dictaveram,
979 3583 1119 3654 magnae
1138 3564 1226 3656 parti

149 3704 217 3754 non
239 3681 324 3754 satis
345 3680 568 3774 intelligibile,
590 3705 669 3753 cum
691 3694 806 3755 tamen
827 3696 922 3754 esset
942 3685 1225 3777 apertissimum,
1296 3758 1307 3765 ,

148 3806 359 3899 quibusdam
381 3828 465 3879 vero
484 3826 637 3897 graeoum
657 3829 720 3878 seu
738 3808 849 3900 magis
869 3807 1090 3881 barbaricum
1111 3809 1227 3881 visum

148 3940 213 4002 est.
231 3930 284 4001 En
301 3930 429 4026 quibus
448 3930 594 4022 ingeniis
609 3952 724 4002 rerum
740 3952 876 4002 summa
888 3931 1122 4004 committitur.
1142 3934 1228 4003 Tres

149 4054 310 4145 equidem
332 4056 441 4139 stiloS,
463 4064 605 4126 auctore
625 4054 742 4138 Tullio,
765 4055 908 4138 scimuS,
930 4076 1021 4147 quos
1041 4055 1116 4150 ipse
1139 4055 1228 4148 ligu-

151 4198 209 4248 ras
230 4190 338 4250 vocat.
367 4178 651 4270 Grandiloqnum,
678 4200 782 4271 quem
803 4199 946 4269 gravem
968 4180 1132 4272 appellat,
1154 4202 1227 4253 mo

151 4300 322 4383 denatum,
342 4322 443 4391 quern
459 4301 665 4373 mediocrem
679 4309 789 4384 vocat,
802 4311 907 4391 atque
924 4301 1103 4387 humilem,
1122 4323 1225 4396 quem

152 4433 379 4496 extenuatum
393 4423 482 4495 dicit.
499 4425 626 4495 llorum
643 4425 774 4515 primus
788 4432 906 4495 nostra
924 4433 1025 4495 aetate
1039 4446 1139 4518 paone
1151 4427 1225 4497 nul·
