2738 5062
424 681 515 731 truua
536 682 725 733 uunecrrrus.
738 685 939 735 -errsrotu
961 688 980 736 r.
1171 680 1230 741 105

153 828 301 902 matura,
325 818 391 890 sed
409 818 521 890 dulcis
541 820 687 891 Laureae
704 819 875 914 cupiditas
891 823 1043 895 attraxit.
1066 825 1169 896 Tertii
1189 847 1230 899 ac

150 941 265 1037 quarti
281 939 417 1013 itineris
433 961 540 1012 causa
556 941 621 1013 fuit
636 942 820 1014 illustrium
837 945 1024 1017 amicorum
1042 946 1228 1036 miseratio,

149 1087 299 1161 quorum
313 1074 398 1136 tuuc
409 1064 553 1137 deiectis
565 1064 890 1160 miserabilibusque
907 1068 1063 1156 fortunis,
1078 1071 1229 1165 impares

103 1276 107 1281 ⁴
148 1190 241 1272 licet,
268 1188 438 1261 humeros
465 1187 652 1261 admovere
683 1208 751 1259 uon
784 1188 893 1261 timui.
919 1192 1002 1264 llaec
1028 1194 1110 1266 mihi
1137 1219 1229 1269 nunc

148 1312 292 1405 quinta,
314 1310 395 1405 quis
414 1310 479 1382 scit
493 1332 538 1382 au
554 1320 589 1382 et
606 1310 811 1398 novissima,
833 1314 1064 1408 peregrinatio
1086 1338 1227 1390 romana

147 1441 218 1517 est;
233 1442 330 1504 tanto
345 1431 482 1503 caetcris
502 1430 638 1516 felicior,
660 1445 791 1525 quanto
810 1433 1014 1526 generosior
1029 1447 1086 1508 cst
1102 1440 1227 1512 auimae

146 1577 235 1628 cura
255 1576 362 1647 quam
382 1553 552 1647 corporis,
577 1564 776 1649 quantoque
803 1555 985 1650 optabilior
1015 1570 1146 1632 aeterua
1172 1583 1228 1635 sa-

146 1680 205 1751 lus
223 1698 330 1770 quam
348 1676 503 1749 mortalis
519 1677 639 1769 gloria.
659 1678 752 1749 Talia
768 1678 992 1770 cogitantem,
1007 1693 1050 1768 et,
1065 1685 1226 1776 quamvis

146 1801 185 1873 in
206 1800 358 1884 silentio,
380 1802 453 1871 Deo
477 1799 606 1892 gratias
628 1810 803 1892 agentem,
832 1801 985 1894 religiosi
1013 1803 1104 1877 illius
1125 1808 1225 1879 cuius

147 1946 257 2020 supra
278 1922 487 1995 mentionem
503 1924 567 1996 feci
587 1935 623 1996 et
642 1924 823 2017 grandaevi
840 1923 977 1997 abbatis
1002 1947 1134 2020 equus,
1166 1930 1226 2020 qui

145 2048 234 2120 mibi
257 2051 333 2121 loco
352 2046 494 2140 quidem
527 2046 666 2120 sinister
698 2046 782 2131 ibat,
817 2048 882 2122 sed
913 2051 1023 2121 multo
1052 2049 1224 2124 sinistrior

146 2181 294 2258 eventu,
312 2192 444 2264 equum
464 2192 594 2255 meum,
616 2178 656 2241 ut
674 2169 786 2255 aiunt,
804 2171 906 2243 ferire
923 2174 1059 2259 volens,
1078 2198 1136 2248 me
1155 2198 1225 2269 qua

151 2292 249 2363 tibiae
267 2295 385 2386 poples
406 2291 572 2384 iungitur,
591 2302 685 2365 tauta
706 2293 742 2363 vi
759 2296 943 2387 percussit,
965 2307 1002 2368 ut
1021 2297 1145 2390 ingens
1163 2322 1224 2372 ve-

150 2416 205 2487 lut
223 2416 403 2489 fractorum
425 2437 532 2487 sonus
553 2414 687 2487 ossium
707 2419 833 2491 multos
853 2419 971 2503 etiam,
986 2422 1046 2514 qui
1063 2420 1221 2509 aberant,

146 2537 194 2611 ad
213 2540 446 2632 spectaculum
467 2548 639 2612 evocaret.
658 2541 782 2612 Dolore
800 2552 912 2613 tactus
929 2541 1121 2614 incredibili
1139 2543 1224 2616 sub-

145 2660 274 2735 sistere
292 2661 404 2757 primo
425 2662 612 2735 meditatus
633 2685 728 2735 sum:
749 2664 825 2758 ipse
846 2686 902 2735 me
919 2667 1017 2737 locus
1037 2669 1221 2739 exterruit:

142 2784 352 2859 necessitate
368 2784 475 2877 igitur
490 2783 526 2855 in
542 2785 707 2858 virtutem
724 2807 841 2870 versa,
857 2809 938 2859 sero
951 2788 1153 2872 Viterbium,
1169 2799 1222 2860 at-

144 2930 215 3004 que
231 2908 313 2981 iude
334 2907 398 2979 vix
417 2908 475 3020 dip
496 2909 596 2981 tertio
610 2909 754 2980 Romam
775 2907 883 2998 attigi.
905 2910 984 2993 lllic,
999 2909 1144 2981 medicis
1163 2933 1222 2984 ac-

143 3029 232 3113 citis,
244 3052 285 3103 os
301 3031 477 3103 detectum
494 3039 599 3122 atque
615 3025 776 3099 horrifice
793 3024 947 3098 albicans
964 3027 1109 3099 dubium
1126 3052 1170 3101 an
1186 3043 1222 3104 et

142 3154 305 3237 fractum
323 3153 472 3246 vestigia
492 3174 631 3247 quoque
650 3150 842 3223 clarissima
862 3150 979 3222 ferrati
999 3150 1103 3223 calcis
1120 3163 1221 3226 exta-

141 3276 236 3351 bant
253 3278 351 3351 Odor
366 3278 515 3369 neglecti
531 3275 687 3348 vulneris
704 3286 774 3346 tam
792 3275 969 3360 molestus,
986 3283 1023 3347 ut
1036 3297 1091 3346 me
1104 3275 1218 3371 ipsum

142 3424 249 3496 supra
269 3400 376 3473 fidem
397 3399 608 3496 impatientia
629 3399 683 3472 sui
710 3418 804 3489 saepe
829 3398 998 3470 violenter
1023 3410 1218 3472 averteret:

140 3534 175 3597 et
191 3523 358 3619 quamvis
377 3545 458 3596 cum
482 3544 625 3618 corpore
650 3533 770 3594 nostro
794 3522 955 3615 quaedam
981 3521 1081 3594 nobis
1102 3523 1220 3596 innata

141 3646 356 3719 familiaritas
378 3646 436 3731 sit,
470 3666 531 3740 per
563 3667 666 3739 quam
689 3648 797 3717 multa
828 3645 863 3714 in
896 3666 961 3717 suo
989 3666 1133 3738 corpore
1152 3648 1220 3717 fert

142 3769 293 3863 quisque
322 3769 477 3841 suaviter
500 3769 595 3862 quod
618 3769 654 3839 iu
677 3771 784 3841 altero
808 3769 990 3854 fastidiret,
1012 3789 1078 3861 ego
1104 3779 1218 3841 tamen

143 3916 223 3967 raro
243 3915 397 3988 uuquam
417 3894 452 3965 iu
472 3894 585 3966 alieno
604 3892 785 3978 cadavere,
802 3904 838 3964 ut
854 3915 946 3965 nuuc
965 3893 1001 3963 in
1018 3915 1123 3965 carue
1139 3915 1219 3987 pro·

141 4018 229 4113 pria,
253 4016 401 4110 cognovi
423 4040 528 4110 quam
549 4016 647 4100 nihil,
676 4015 745 4088 imo
766 4036 976 4108 veroquam
996 4016 1162 4086 miserum
1183 4027 1219 4088 et

143 4141 210 4213 vile
230 4141 360 4214 animal
379 4150 434 4212 est
454 4140 572 4224 homo,
591 4138 658 4209 uisi
676 4137 921 4230 ignobilitatem
940 4138 1095 4233 eorporis
1113 4139 1217 4210 animi

141 4266 321 4338 nobilitate
352 4263 546 4337 redemerit.
579 4262 670 4348 Quid
695 4263 826 4334 multa?
845 4260 935 4332 iuter
961 4283 1083 4332 manus
1108 4260 1218 4332 medi-

140 4412 260 4462 corum
281 4389 443 4481 intraque
476 4396 605 4460 metum
638 4396 673 4458 et
706 4407 804 4477 spem
836 4384 956 4456 salutis
988 4368 1118 4456 dubius'
1149 4384 1216 4454 iam

140 4523 304 4606 quartum
327 4512 500 4584 decimum
526 4511 616 4582 diem
639 4511 757 4579 llomre
778 4507 885 4592 iace0,
908 4506 966 4598 qui
993 4505 1126 4576 dierum
1153 4529 1218 4575 nu-
