2738 5062
349 626 444 677 itanu
463 627 742 679 oucmusrcltrlus.
754 649 794 663 -
804 630 955 680 epistola
978 634 1018 683 vl.
1164 620 1218 682 241

142 760 334 835 familiares
348 784 537 849 sermones,
550 764 678 856 quibus
695 788 750 837 me
767 788 861 861 saepe
878 767 1049 860 dignatur,
1062 769 1222 862 quotiens

143 886 278 958 mentio
297 884 482 957 incidisset
499 886 658 969 alicuius,
680 889 739 980 qui
760 890 816 960 vel
837 890 900 962 tria
920 889 1028 962 verba
1048 891 1092 963 ad
1113 914 1223 987 popu·

140 1010 216 1080 lum
236 1008 363 1091 lacere,
391 1009 447 1078 vel
468 1006 580 1080 securi
606 1010 797 1081 conductus
819 1010 1000 1103 epistolam
1020 1012 1149 1085 dictare
1170 1012 1223 1085 di-

139 1130 301 1211 dicisset,
316 1152 374 1202 me
386 1141 548 1213 attentus,
567 1153 611 1202 ne
629 1132 739 1204 dicam
754 1134 934 1220 attonitus,
953 1136 1144 1229 percontari
1167 1158 1222 1209 so

139 1254 240 1327 lebat
272 1253 309 1326 in
334 1254 428 1327 bunc
446 1256 553 1325 lerme
574 1254 731 1326 modum:
752 1266 852 1328 estne
878 1257 933 1328 hic
957 1259 1089 1352 dequo
1112 1261 1222 1352 loqui-

143 1400 226 1450 mur
261 1379 390 1471 poeta?
419 1377 495 1469 llgo
529 1385 642 1448 autem
677 1377 852 1450 tacebam:
885 1381 970 1472 quid
1001 1382 1092 1453 enim
1127 1382 1221 1452 aliud

142 1501 319 1573 iacerem?
335 1499 374 1572 ld
392 1499 485 1571 enim
503 1521 587 1571 vero
603 1521 681 1570 cum
699 1521 747 1572 ex
764 1523 820 1571 me
839 1522 933 1595 saepe
951 1503 995 1574 de
1012 1503 1221 1596 quibusdam

145 1622 381 1707 scholasticis,
407 1621 535 1715 pingue
558 1621 723 1713 quiddam
753 1634 789 1693 ct
815 1625 993 1696 rancidum
1020 1647 1087 1696 usu
1108 1625 1220 1719 potius

145 1766 253 1839 Qum
281 1744 413 1817 ratione
438 1743 661 1828 dictantibus,
692 1745 930 1838 quaesivisset,
961 1761 995 1818 et
1020 1769 1086 1839 ego
1116 1752 1222 1821 semel

146 1889 242 1961 aegre
261 1868 368 1939 risum
387 1868 605 1952 continerem,
625 1868 868 1939 animadvertit
890 1868 960 1939 oris
981 1869 1047 1939 mei
1065 1869 1219 1941 habitum

147 1991 203 2063 vir
233 1992 293 2062 ille
325 1989 571 2072 cautissimus;
602 1991 716 2083 itaque
746 1989 856 2082 magis
884 2012 925 2063 ac
954 1992 1065 2086 magis
1092 1992 1222 2066 instare

147 2113 252 2209 coepit
272 2123 309 2185 ut
330 2112 480 2185 dicerem
498 2113 583 2207 qnid
604 2112 651 2184 rei
671 2123 775 2184 esset.
794 2114 888 2184 Tunc
907 2135 974 2205 ego
993 2115 1221 2187 familiaritate

147 2238 203 2310 illa
218 2259 291 2331 qua
308 2258 426 2308 secum
443 2235 592 2308 fidenter
608 2236 701 2329 loqui
719 2237 841 2320 omnia,
855 2260 897 2309 eo
911 2236 961 2309 sic
977 2240 1124 2323 volente,
1140 2261 1219 2310 sum

150 2360 282 2443 solitus,
311 2358 537 2449 ignorantiam
559 2357 608 2429 rei
634 2359 876 2454 pulcherrimae
902 2361 935 2431 in
963 2370 1056 2434 tanto
1082 2362 1219 2454 ingenio

150 2486 352 2552 reverenter
372 2479 533 2573 increpui,
556 2479 648 2573 quod
668 2502 736 2552 non
757 2481 876 2552 saltem
895 2481 1023 2573 primos
1045 2493 1149 2575 atque
1169 2485 1219 2553 la-

151 2602 304 2675 tissimos
329 2601 494 2673 terminos
514 2614 635 2673 nosset
651 2602 735 2674 artis
755 2602 863 2685 illius,
886 2602 919 2670 in
940 2623 1009 2693 qna
1029 2603 1122 2684 olim,
1143 2604 1221 2673 lieet

150 2723 298 2817 publicis
317 2735 501 2817 occupatos
521 2724 630 2808 curis,
653 2724 772 2795 mundi
796 2722 954 2794 dominos
974 2722 1144 2793 altissima
1170 2725 1221 2793 in-

150 2847 249 2938 genia
272 2846 397 2939 cupide
421 2856 455 2916 et
486 2846 668 2938 diligenter
692 2844 895 2916 exercuisse
919 2854 1113 2916 constaret:
1139 2867 1218 2939 pro-

149 2968 339 3063 positisque
371 2967 501 3061 aliquot
531 2967 715 3058 exemplis,
748 2964 876 3059 quibus
903 2974 938 3035 tu
969 2985 1036 3035 non
1061 2987 1158 3057 eges,
1185 2966 1220 3037 in

148 3088 237 3163 banc
258 3091 463 3162 sententiam
481 3090 644 3171 conclusi,
659 3099 697 3160 nt
708 3087 926 3160 ostenderem
946 3087 1020 3172 sibi,
1040 3088 1220 3182 pauciores

147 3223 267 3309 poetas
299 3234 381 3285 esse
412 3235 516 3306 qnam
550 3211 727 3296 crederet,
760 3221 794 3282 et
826 3234 889 3307 pro
922 3222 1076 3305 tempore
1109 3232 1220 3304 pauca

149 3333 293 3407 strictim
317 3334 362 3407 de
381 3335 525 3417 noeticae
551 3333 754 3427 primordio,
782 3333 827 3405 de
848 3335 915 3405 uiis
940 3356 981 3405 ac
1001 3334 1157 3419 termino,
1184 3345 1221 3405 et

146 3457 341 3551 praesertim
362 3458 406 3530 de
426 3456 502 3551 ipsa
527 3456 719 3528 incredibili
744 3468 922 3550 poetarum
948 3458 1087 3530 raritate
1107 3457 1220 3530 disse

147 3580 212 3665 rui,
235 3602 340 3674 quem
362 3581 591 3653 novissimum
618 3580 798 3653 articulum
823 3581 857 3652 in
879 3584 1022 3655 Oratore
1049 3603 1114 3654 suo
1139 3583 1219 3652 Tul-

147 3703 212 3777 lius
230 3702 354 3795 attigit.
372 3703 459 3786 Quae
476 3726 554 3775 cum
573 3705 627 3774 vir
645 3703 700 3775 ille
718 3724 865 3795 magnus
880 3706 982 3798 inque
998 3705 1074 3776 aliis
1092 3704 1215 3776 doctus

146 3838 178 3901 et
196 3826 233 3899 in
259 3827 315 3898 his
336 3826 476 3898 minime
500 3824 657 3898 indocilis
679 3827 818 3899 intentis
845 3826 988 3899 auribus
1009 3826 1215 3909 audivisset,

148 3949 304 4023 sitienter
323 3949 480 4043 amplecti
506 3950 620 4032 visus,
649 3949 839 4042 crebroque
859 3948 982 4020 dehinc
1003 3949 1138 4040 singula
1163 3971 1219 4020 re-

147 4085 279 4164 petens
301 4081 477 4164 postcom
499 4069 587 4141 diem
615 4068 814 4140 huiusmodi
833 4069 1085 4161 quaestionibus
1111 4069 1218 4142 absti-

147 4196 228 4267 nuit.
251 4194 306 4267 'l'u
322 4194 403 4264 vive
421 4193 561 4265 feliciter
576 4203 612 4262 et
632 4193 719 4263 vale.
733 4193 777 4261 Et
789 4189 854 4259 nisi
874 4187 934 4260 tibi
951 4190 1049 4261 aliter
1069 4192 1215 4277 videtur,

146 4319 325 4415 epistolam
348 4315 546 4388 hodiernam
573 4316 849 4405 hesternamque,
872 4325 1053 4407 postquam
1075 4317 1214 4407 legerim

146 4440 242 4511 mitto
262 4437 440 4530 Neapolim
465 4437 509 4508 ad
530 4435 714 4508 Zenobiam
737 4443 907 4519 nostrum,
935 4446 973 4506 ut
997 4436 1071 4528 ipse
1091 4434 1218 4505 Barim-

273 4571 299 4609 ιι.
1036 4556 1065 4601 ltl
