2738 5062
141 594 198 658 108
479 607 520 655 nu
540 607 641 656 nunus
663 606 884 657 rsunrlmnus

140 765 188 814 re.
210 744 282 813 lam
302 741 450 811 fortunae
468 739 594 811 ictibus
618 762 685 811 non
709 741 874 825 lamenta,
899 761 967 810 nun
988 740 1154 831 gemitus,
1178 749 1217 812 ut

141 862 332 957 quondam,
360 862 422 934 sed
443 863 569 935 cattum
590 861 705 933 durati
725 862 831 933 animi
851 861 990 947 obiicio,
1012 871 1049 933 et
1067 860 1217 934 titubare

143 986 274 1070 solitus,
290 984 473 1057 immobilis
492 984 560 1056 iam
579 984 744 1056 consisto.
759 985 879 1078 ltaque
891 983 1078 1077 indignans
1091 984 1149 1055 illa
1161 1006 1217 1055 me

142 1117 238 1180 tanta
258 1109 403 1180 telorum
426 1107 518 1179 nube
540 1131 608 1181 non
629 1129 745 1190 ruere,
771 1117 807 1179 et
832 1104 1074 1180 immitioribus
1095 1131 1219 1204 parum

144 1228 267 1317 fidens,
289 1232 479 1303 novissime
499 1241 620 1326 pectus
639 1252 753 1303 meum
772 1229 902 1322 ingenti
918 1229 1057 1303 falarica
1073 1252 1220 1325 pereus-

144 1353 199 1424 sit.
217 1356 299 1426 Post
318 1354 487 1426 nudatum
508 1374 631 1446 nempe
650 1363 822 1426 tantorum
843 1353 1012 1426 mortibus
1029 1352 1219 1426 amicorum

144 1478 233 1547 latus
253 1487 288 1548 et
306 1485 425 1569 erepta
446 1485 496 1546 tot
515 1476 597 1556 ,vitae
616 1476 794 1570 praesidia,
817 1477 983 1571 optimum
1005 1477 1087 1547 mihi
1109 1498 1221 1570 nuper

143 1598 369 1692 omniumque
388 1599 609 1670 carissimum
628 1608 731 1693 atque
748 1599 989 1672 dulcissimum
1007 1602 1164 1673 solamen
1182 1624 1221 1674 ac
1276 1610 1279 1615 ⁴

144 1722 254 1794 decus
279 1743 396 1793 meum
425 1719 539 1792 subita
572 1730 607 1792 et
637 1722 808 1794 horrenda
837 1744 879 1793 ae
911 1744 1054 1817 prorsus
1078 1723 1223 1817 indigna

145 1854 255 1916 morte
271 1843 463 1938 praeripuit
482 1843 597 1914 virum
616 1845 710 1914 omni
732 1845 835 1917 laude
855 1844 918 1916 sed
941 1845 1115 1942 praecipua
1134 1869 1223 1940 qua·

144 1967 224 2040 dam
249 1976 285 2038 et
310 1967 466 2059 angelica
491 1988 627 2039 morum
653 1967 826 2040 suavitate
850 1968 1096 2063 conspicuum,
1116 1992 1223 2065 quem

147 2088 207 2160 tibi
228 2111 267 2161 ac
283 2088 434 2182 posteris
451 2099 568 2158 notum
586 2109 667 2159 esse
686 2088 802 2180 cupio,
822 2086 985 2160 lacobum
1002 2088 1048 2160 de
1065 2089 1226 2163 Carraria

148 2211 288 2295 scilieet,
324 2208 516 2281 secundum
549 2209 714 2281 nascendi
741 2210 875 2298 ordine,
909 2221 946 2283 at
976 2211 1166 2285 virtutibus
1189 2222 1227 2286 et

148 2333 256 2425 gloria
272 2334 375 2423 longe
395 2331 558 2425 primum,
577 2331 709 2403 Patavii
726 2333 920 2418 dominum,
939 2333 1009 2407 imo
1025 2333 1148 2428 patriae
1164 2357 1227 2429 pa-

149 2468 251 2539 trem,
265 2456 326 2548 qui
343 2478 443 2540 unae,
462 2476 566 2548 quem
583 2474 650 2547 ego
667 2476 807 2527 nossem
825 2468 904 2551 post
921 2456 1025 2529 Siculi
1043 2458 1139 2550 regis
1149 2455 1227 2530 obi·

150 2591 232 2664 tum,
247 2588 319 2651 toto
336 2578 419 2651 orbe
436 2589 618 2671 supererat
634 2578 896 2651 amantissimus
915 2581 1109 2653 studiorum
1122 2590 1158 2654 et
1174 2580 1227 2655 in-

150 2703 330 2796 geniorum
362 2703 473 2773 cultor
505 2699 768 2795 aestimatorque
799 2700 1025 2775 iustissimus
1047 2703 1117 2775 Sed
1141 2704 1228 2776 milri

150 2825 194 2898 de
208 2825 298 2897 illius
308 2825 374 2897 viri
388 2823 549 2897 laudibus
562 2824 664 2896 dulce
682 2823 748 2894 erit
763 2824 857 2918 loqui
871 2836 907 2896 et
918 2825 1127 2911 meminisse,
1142 2825 1227 2899 dum

150 2950 286 3021 vixero.
306 2948 407 3034 Quod
428 2948 472 3022 ad
493 2947 668 3044 inceptum
689 2948 823 3031 attinet,
848 2948 903 3020 ille
922 2947 999 3033 tuit,
1022 2947 1144 3034 iateor,
1170 2949 1227 3023 cui

151 3070 265 3142 omnia
285 3070 470 3154 debebam,
489 3071 543 3141 cui
563 3079 657 3141 totus
676 3069 912 3141 incubueram:
931 3069 1027 3141 illum
1046 3070 1129 3140 mihi
1146 3069 1228 3143 abs-

153 3192 229 3264 tulit
248 3193 400 3272 lortuna;
419 3192 503 3262 heu!
528 3214 633 3284 quam
654 3191 828 3262 ferociter!
856 3215 961 3286 quam
984 3195 1149 3286 repente!
1173 3204 1225 3280 ut,

106 3406 108 3411 .
153 3313 324 3385 subducto
346 3311 474 3384 scilieet
494 3312 717 3385 fundamento
736 3314 838 3386 unico
859 3315 933 3410 spei
953 3335 1050 3394 meae,
1068 3317 1163 3408 quod
1180 3317 1228 3389 si-

154 3434 331 3505 millimum
364 3435 438 3506 reri
471 3445 559 3521 erat,
595 3458 651 3508 me
681 3437 784 3509 simul
802 3447 985 3511 everteret.
1007 3438 1091 3510 Steti
1112 3449 1228 3512 tamen

153 3564 300 3626 maestus
321 3555 479 3647 quidem,
500 3579 570 3628 non
589 3555 733 3642 inficior,
756 3558 820 3630 sed
836 3569 987 3644 erectus,
1009 3560 1073 3632 sed
1093 3559 1229 3633 interri-

155 3689 226 3765 tus,
244 3699 357 3771 eoque
379 3677 546 3764 securior,
575 3679 669 3772 quod
700 3680 764 3751 vix
791 3682 895 3752 ullum
923 3682 990 3755 iam
1012 3684 1079 3754 tale
1099 3685 1228 3755 vulnus

155 3809 311 3895 expecta.
348 3800 517 3896 Deinueps
546 3811 739 3874 monstrum
774 3803 858 3874 illud
890 3803 1088 3877 horrificum
1121 3805 1228 3877 odero

156 3945 294 4021 semper
314 3923 588 4017 execraborque‚
611 3947 674 3996 nec
693 3926 830 3998 timebu.
849 3928 943 3998 Vale.

296 4075 413 4146 Patavii,
430 4075 479 4130 VII
494 4075 561 4132 ldus
576 4076 705 4133 Ianuarii.
723 4078 850 4150 Raptim,
866 4079 1024 4135 stimulante
1039 4079 1152 4135 nuncio.
