2738 5062
168 645 226 707 50⁹2
505 658 546 706 uu
568 657 668 707 nunus
689 657 910 708 ruulunnlnus

167 801 229 891 qui
247 798 327 870 lecit
346 798 518 870 mirabilia
539 801 575 870 iu
595 802 668 871 vitu
689 820 771 884 suu,
793 821 897 893 quem
925 800 1098 893 scriptura
1120 804 1251 894 quaerit

168 932 209 995 ut
224 921 358 1004 laudet3
380 921 495 1013 etqui
516 921 647 993 utiliter
673 930 779 1015 utque
805 921 952 994 honeste
972 921 1168 1010 distribuit,
1187 924 1252 997 du·

168 1044 301 1117 minus:
315 1043 375 1133 qui
389 1042 493 1114 anxie
510 1041 592 1114 illud
610 1053 746 1127 serunt,
761 1054 895 1125 συείοις
912 1044 973 1137 qui
988 1054 1094 1129 eruut,
1111 1066 1249 1126 umens:

169 1168 229 1260 qui
250 1167 375 1239 metuit
395 1187 540 1249 servus3
561 1166 621 1257 qui
641 1176 788 1237 venerut
808 1165 965 1239 idolutru.
984 1166 1060 1259 Ego
1074 1189 1182 1260 quem
1200 1169 1251 1239 in-

170 1303 222 1361 ter
247 1289 312 1362 los
347 1289 492 1380 gradum
519 1298 659 1361 teneam·
678 1292 816 1381 ignoro:
839 1311 904 1361 neo
922 1290 968 1362 de
987 1313 1044 1362 me
1063 1290 1147 1361 mibi
1174 1290 1252 1383 ipse

169 1411 397 1505 crediderim:
419 1409 568 1490 libenter
589 1411 968 1504 familiariterqoe'nos
988 1413 1151 1485 ullium.
1178 1415 1253 1486 Hoc

169 1534 244 1607 seio
262 1532 357 1627 quod
379 1554 504 1606 eurum
524 1531 694 1607 dedomo
714 1554 794 1607 mea
812 1533 928 1627 deque
947 1537 1067 1608 meula
1086 1536 1151 1607 iter
1169 1536 1253 1607 lucit

169 1677 238 1729 nou
272 1655 477 1750 hospitium:
511 1676 582 1747 quo
613 1654 649 1727 id
681 1676 878 1748 oonsequur
903 1666 943 1726 ut
970 1656 1062 1727 inter
1082 1655 1252 1727 'haerodes

169 1799 268 1851 meos
289 1786 351 1849 out
369 1778 503 1851 nullum
524 1789 586 1850 uut
604 1776 774 1869 exiguum
793 1779 844 1849 sit
859 1788 1047 1851 certamen.
1068 1777 1111 1849 Et
1131 1777 1176 1849 de
1195 1794 1268 1851 me·

169 1901 313 1997 quidem
334 1900 514 1973 hactenus.
536 1901 588 1973 De
608 1901 752 1973 alumno
767 1909 883 1971 autem
901 1909 1039 1986 nostro,
1057 1921 1138 1971 uum
1155 1899 1253 1972 etde

170 2020 1253 2116 llloeuamquaeris(necimmerito:parsenimquodammodo
1304 2105 1310 2117 ,

171 2149 280 2218 nostri
301 2145 385 2239 est),
406 2145 502 2238 quod
524 2143 690 2217 deliniam
710 2142 874 2217 indubio
893 2165 984 2217 sum.
1010 2137 1125 2217 biore's
1149 2152 1186 2215 ut
1216 2143 1253 2214 in

170 2266 392 2346 adolescente
413 2267 605 2359 tranquilli,
633 2277 668 2337 et
692 2266 788 2339 hund
811 2265 1001 2360 'spernendi
1021 2265 1128 2340 liores
1146 2265 1254 2339 buius

171 2389 348 2482 temporis.
369 2389 481 2471 Quem
500 2410 548 2459 ex
568 2386 625 2461 his
644 2390 794 2461 fructum
821 2410 974 2482 sperem,
999 2392 1031 2463 si
1055 2410 1252 2481 moroges,

171 2532 277 2605 spero
307 2512 461 2584 futurum
488 2510 602 2583 virum
629 2509 770 2586 bonum.
805 2511 892 2583 Num
925 2511 1145 2605 ingeniosum
1173 2532 1256 2584 esse

171 2635 240 2707 ium
262 2636 346 2709 seio.
368 2633 439 2707 Sed
453 2655 526 2727 quo
542 2633 740 2725 ingenium,
760 2634 791 2705 si
807 2633 963 2706 studium
978 2634 1093 2707 desit‘l
1110 2633 1254 2705 Librum

171 2757 291 2830 horret
311 2766 350 2829 ut
368 2754 561 2828 colubrum.
596 2754 729 2826 Sufficit
760 2765 877 2827 autem
912 2753 1041 2828 bonum
1066 2753 1153 2826 fieri.
1179 2753 1256 2827 Non

172 2880 300 2951 trustra
327 2877 481 2951 nascitur
505 2876 567 2969 qui
592 2876 707 2949 bonus
727 2877 884 2951 moritur.
916 2879 1076 2951 Delector
1099 2877 1254 2969 ingenio,

172 3022 268 3096 stupe
292 2999 398 3073 etium
419 2996 596 3089 indignor,
617 2999 782 3091 quonium
805 2998 889 3071 illud
909 3021 973 3093 per
994 2996 1166 3071 desidium
1187 2996 1257 3069 lubi

173 3125 269 3203 sinit;
292 3125 338 3195 nil
365 3138 486 3216 prooes
506 3122 667 3204 vulnere,
688 3122 737 3192 nil
762 3119 958 3206 blandities,
984 3122 1032 3193 nil
1062 3123 1182 3202 miuae,
1208 3121 1253 3191 nil

172 3248 302 3319 lerulae.
325 3246 478 3318 Conatus
499 3255 638 3317 nostrus
660 3245 745 3345 vicit
764 3253 887 3317 nature
908 3244 1093 3339 potentior.
1114 3244 1185 3317 Sed
1204 3244 1256 3317 sie

172 3380 238 3449 eut,
258 3366 400 3460 quondo
419 3368 521 3438 aliter
542 3388 610 3439 non
630 3376 758 3459 potest.
779 3368 858 3452 Est,
880 3368 1006 3453 luteor,
1032 3370 1186 3443 famosus
1211 3384 1254 3435 uc

175 3490 325 3573 luoidus,
348 3489 411 3561 sed
432 3511 501 3560 non
521 3490 632 3561 labilis
654 3489 846 3565 litterarum
868 3490 1000 3563 titulus.
1028 3489 1127 3565 Unde
1152 3486 1193 3561 iit
1218 3499 1256 3561 ut

174 3611 383 3691 tolerabilior
403 3614 451 3683 sit
469 3612 626 3685 delectus
646 3615 858 3706 eloquentiae
877 3623 939 3684 uut
958 3613 1132 3699 scientim,
1147 3633 1254 3705 quam

175 3736 328 3819 virtutis
362 3734 458 3826 quud
488 3733 557 3803 illue
587 3733 718 3805 scilicet
750 3734 819 3807 sint
850 3755 1057 3830 paucorum,
1092 3735 1169 3805 haeo
1200 3742 1256 3804 est

172 3859 339 3933 omnium.
360 3857 404 3929 Et
424 3857 502 3928 lieet
527 3854 585 3928 hic
608 3865 728 3929 noster
753 3878 835 3930 esse
859 3859 973 3954 possit
994 3879 1041 3928 ex
1065 3856 1202 3951 paucis,
1224 3856 1255 3925 si

175 3990 290 4055 tumen
310 3980 588 4055 obstinatissime
610 3979 739 4064 renuit,
761 3979 846 4073 quid
866 3984 993 4073 agenr?
1012 3978 1168 4052 Persolvi
1195 3977 1256 4050 de
1355 3998 1358 4003 ·

175 4101 301 4189 bitum,
316 4103 546 4198 praestolabor
558 4103 706 4189 exitum,
726 4105 862 4176 laturus
878 4104 1005 4187 omniu,
1022 4102 1124 4176 modo
1142 4101 1255 4175 bonus

175 4224 340 4294 evaserit.
365 4225 410 4295 Ut
434 4225 529 4296 enim
555 4224 686 4296 veritus
712 4226 927 4310 intellectus,
954 4225 1004 4298 siu
1030 4223 1168 4297 bonitus
1192 4243 1255 4291 vo

177 4344 320 4415 luntatis
338 4344 511 4417 obiectum
533 4356 597 4417 est.
625 4347 721 4420 llunc
746 4346 852 4439 igitur
872 4348 934 4441 qui
955 4368 1023 4419 nou
1045 4345 1162 4428 hebet,
1184 4364 1257 4413 nun

177 4477 231 4537 ost
251 4466 306 4537 cui
328 4464 394 4535 hoc
415 4466 577 4556 imputet,
601 4482 661 4540 aut
678 4470 710 4543 in
731 4493 837 4562 quern
857 4471 993 4563 culpam
1015 4468 1182 4550 reflectet,
1206 4474 1260 4537 ut·
