2738 5062
336 662 427 710 traua
449 661 939 715 nacruusrunrrus.-crnsroua
960 666 1011 715 ru.
1151 655 1209 718 lle

142 796 230 871 cutia
246 820 318 871 non
334 796 465 872 carere.
485 797 727 872 Assueverant
741 802 833 873 enim
854 800 1062 875 filiifamilias
1084 803 1157 875 suis
1177 812 1213 876 et

139 921 328 994 amicorum
349 921 539 993 commodis
559 921 680 993 intenti
701 924 747 995 rei
769 925 946 996 familiaris
966 936 1027 998 aut
1048 927 1211 999 mercium

138 1054 197 1116 aut
228 1044 387 1137 loquacis
420 1044 484 1116 lori
513 1047 691 1138 strepitus,
731 1056 835 1140 atque
871 1059 946 1119 acta
983 1048 1210 1121 conscribere.

136 1168 236 1241 Nunc
261 1186 385 1238 omnes
410 1188 517 1239 unum
541 1168 691 1260 agimus,
718 1193 809 1242 nunc
833 1173 972 1265 penitus
997 1195 1119 1245 verum
1144 1183 1210 1256 est,

136 1290 234 1385 quod
254 1289 303 1361 ait
323 1290 483 1360 Flaccus:

314 1464 481 1530 Scribimus
498 1466 607 1531 indocti
624 1468 763 1550 doctique
777 1477 915 1550 poemata
931 1471 1060 1551 passim„

140 1649 277 1722 Durum
298 1647 410 1720 solatii
431 1670 542 1741 genus
562 1650 687 1721 multos
705 1649 861 1722 laborum
883 1650 1060 1722 invenisse
1077 1651 1215 1746 partici-

141 1794 226 1869 pes:
254 1773 390 1844 mallem
424 1773 520 1843 solus
548 1782 741 1864 aegrotare;
767 1774 834 1844 iarn
861 1785 897 1844 et
921 1773 1009 1844 meis
1038 1785 1072 1844 et
1095 1773 1215 1845 alienis

141 1894 245 1966 malis
260 1915 437 1977 exerceor,
456 1905 500 1977 et,
521 1896 551 1965 si
569 1895 740 1989 respirare
751 1895 897 1986 cupiam,
912 1918 980 1967 non
1001 1896 1105 1966 sinor.
1124 1894 1217 1977 Quo-

142 2016 227 2089 tidie
250 2017 428 2111 epistolas,
456 2017 608 2110 quotidie
631 2020 784 2089 carmina
816 2018 928 2090 omnis
954 2018 988 2087 in
1015 2028 1120 2111 eaput
1151 2017 1217 2089 hoc

143 2139 254 2212 nostri
274 2138 368 2212 orbis
385 2143 535 2232 angulus
552 2140 649 2234 pluit:
668 2163 731 2212 nec
748 2140 832 2213 satis
850 2152 905 2212 est
922 2140 1125 2235 peregrinis;
1147 2140 1215 2211 iam

143 2284 210 2335 nec
232 2263 341 2335 Gallis
366 2264 483 2347 modo,
512 2263 574 2335 sed
598 2264 709 2335 Graiis
735 2277 770 2336 et
795 2263 958 2336 Teutonis
983 2274 1019 2335 et
1043 2264 1216 2336 Britannis

144 2385 412 2480 tempestatibus
438 2386 627 2458 litterarum
661 2389 792 2481 pulsor,
824 2388 977 2459 omnium
1002 2389 1217 2481 ingeniorum

145 2508 288 2593 arbiter,
307 2508 374 2579 mei
393 2508 503 2601 ipsius
524 2508 676 2600 ignarus.
696 2510 731 2581 Si
747 2512 793 2583 ad
814 2511 950 2603 singula
972 2511 1215 2606 respondeam,

146 2632 434 2726 occupatissimus
448 2631 601 2702 omnium
619 2634 813 2703 mortalium
828 2658 836 2716 ;
859 2634 887 2703 si
906 2634 1077 2717 damnem,
1095 2656 1219 2705 censor

148 2756 305 2836 invisus;
325 2753 474 2825 blandus
497 2754 733 2846 mendaxque,
757 2755 786 2825 si
808 2756 960 2837 laudem;
986 2757 1139 2827 insolens
1160 2777 1220 2825 su-

148 2878 357 2974 perbusque‚
374 2877 402 2948 si
417 2887 558 2950 mecam.
578 2878 711 2948 Timent
727 2886 810 2972 puto
826 2899 871 2946 ne
889 2877 1014 2948 lentius
1034 2887 1218 2966 aegrotem:

149 3011 324 3096 compotes
345 3000 417 3072 voti
439 3001 573 3082 faciam,
596 2999 676 3071 binc
697 2999 832 3070 illorum
853 2998 1010 3082 stimulis,
1033 2999 1112 3070 hinc
1132 2999 1220 3069 meis

149 3123 343 3197 ardoribus.
363 3122 454 3193 Nihil
473 3133 587 3194 actum
608 3131 691 3206 erat,
713 3121 780 3192 nisi
800 3132 835 3192 et
860 3122 894 3191 in
915 3120 1025 3215 ipsam
1043 3142 1221 3193 romanam

150 3245 282 3319 curiam
311 3244 401 3339 (quis
429 3242 617 3336 crederetl)
644 3243 836 3315 novissime
866 3245 978 3315 latens
1008 3242 1153 3315 morbus
1176 3243 1222 3314 ir-

152 3379 297 3466 reperet.
331 3367 421 3450 Quid
448 3366 539 3438 enim
575 3365 839 3439 iurisconsultos
871 3378 973 3461 putas
1003 3390 1116 3461 agere,
1139 3366 1222 3461 quid

154 3493 331 3565 medicos?
354 3489 579 3562 lastinianum
600 3489 667 3561 iam
692 3501 797 3583 atque
817 3491 1050 3588 AEsculapium
1072 3513 1141 3562 non
1162 3513 1224 3562 no

155 3625 252 3688 runt:
286 3614 429 3686 clientes
462 3625 566 3707 atque
601 3633 715 3704 aegros
754 3616 926 3686 ululantes
958 3637 1028 3687 non
1064 3615 1223 3687 audiunt:

155 3736 413 3811 obsurduerunt
431 3736 523 3807 enim
544 3736 683 3808 Homeri
699 3736 902 3830 virgiliique
923 3737 1120 3809 nominibus
1137 3748 1226 3809 atto-

155 3860 227 3945 niti,
253 3868 290 3930 et
315 3859 361 3930 ad
394 3858 574 3953 strepitum
599 3860 703 3930 sontis
736 3858 836 3932 Aonii
868 3858 1064 3930 nemorosis
1094 3859 1226 3929 Cirrha

153 3981 305 4056 vallibus
331 3979 542 4052 oberrantes.
570 3980 661 4063 Quid
687 3979 876 4050 minoribus
898 3979 1061 4051 monstris
1082 3979 1228 4050 insisto‘?

152 4104 377 4200 Carpentarii
395 4106 549 4186 fullones,
567 4102 736 4195 agricole,
756 4100 906 4172 desertis
924 4100 1049 4172 aratris
1069 4114 1104 4172 et
1123 4113 1228 4174 caete-

149 4246 274 4302 rarum
308 4226 431 4297 artium
457 4225 708 4308 instrumentis
735 4225 780 4296 de
801 4223 910 4295 Musis
935 4232 970 4294 et
1001 4224 1046 4296 dc
1071 4223 1229 4318 Apolline

143 4348 364 4423 fabulantur.
381 4348 454 4420 Diei
474 4369 541 4419 non
564 4359 677 4443 potest
692 4368 796 4441 quarn
818 4348 884 4418 late
901 4347 967 4418 iam
989 4360 1136 4441 vagetur
1154 4348 1229 4416 haec

145 4474 280 4563 pestis,
304 4495 384 4566 quae
404 4495 592 4565 paucorum
613 4496 722 4568 nuper
743 4472 919 4544 hominum
940 4471 1013 4542 luit.
1036 4471 1068 4541 Si
1087 4491 1228 4542 causam
