2738 5062
201 728 260 791 534
541 738 583 786 ΒΕ
604 737 705 789 REBUS
727 738 948 791 ueneramus

199 880 266 973 pio.
290 875 396 948 Amor
412 872 663 968 amplissimus,
685 876 809 968 domus
826 884 974 968 augusta
992 885 1056 949 est.
1091 878 1126 948 Si
1158 877 1281 953 Cicero

199 1021 331 1083 essem,
355 1001 502 1071 iurarem
524 1018 590 1069 vos
611 997 646 1068 iu
667 982 843 1071 Ciceronis
862 998 1034 1092 epistolis:
1057 1022 1148 1072 nuuc
1164 1021 1229 1072 vos
1242 1002 1279 1072 iu

201 1124 290 1195 meis
312 1125 398 1206 loco,
418 1121 451 1191 in
473 1120 595 1192 aiienis
616 1141 730 1214 neque
751 1120 781 1192 si
802 1120 904 1192 veiim
922 1130 1025 1214 queo,
1046 1134 1082 1193 et
1107 1122 1182 1194 scio
1211 1143 1279 1196 vos

200 1267 269 1318 uon
284 1245 432 1340 hospitis
451 1242 641 1315 claritatem
664 1244 727 1315 sed
748 1242 933 1316 amicitiam
959 1243 1144 1317 aestimare.
1174 1246 1280 1318 Deui-

199 1389 269 1459 que
290 1375 328 1437 ut
345 1366 592 1438 obscuritatem
613 1365 679 1437 ioci
698 1363 883 1437 comitatus
901 1365 1085 1460 splendore
1102 1366 1276 1450 solemiui,

199 1488 246 1560 ibi
264 1510 329 1562 vos
350 1509 457 1581 pono,
480 1487 537 1560 ubi
565 1488 673 1560 duces
700 1485 758 1558 ubi
793 1490 907 1581 Reges
938 1489 998 1561 ubi
1027 1490 1184 1563 Caesares
1217 1488 1277 1563 uhi

197 1610 397 1695 Pontifices
420 1621 593 1704 postremo
614 1609 707 1703 quod
728 1609 796 1695 his,
824 1632 881 1682 me
906 1611 1034 1697 iudice,
1061 1613 1175 1685 maius
1205 1622 1273 1699 est,

198 1733 257 1807 ubi
275 1733 501 1826 philosophos
519 1754 559 1804 ac
576 1744 705 1828 poetas,
725 1743 761 1805 ει
778 1733 873 1827 quod
889 1735 1090 1823 maximum,
1106 1735 1165 1808 ubi
1179 1735 1274 1809 viros

198 1856 307 1928 bonos
329 1856 438 1950 posui.

613 2246 789 2313 urlsrouu
816 2246 861 2310 IX.

262 2453 455 2504 rutucrscus
477 2454 645 2504 PETRARCA
666 2454 796 2505 uuluoru
817 2454 954 2505 serenio
976 2455 1214 2517 Aucurnrtcouo

582 2559 740 2609 GENUENSI
761 2558 786 2608 S.
809 2560 837 2608 P.
859 2559 889 2609 Ι).

195 2740 235 2796 Ι)ε
251 2741 336 2796 ltelioe
352 2739 473 2796 motibus
488 2746 516 2796 ει
530 2739 684 2811 praesertim
699 2741 733 2795 de
747 2738 821 2796 bello
835 2741 909 2797 iuter
920 2740 1040 2797 Venetos
1055 2746 1084 2797 ει
1096 2741 1267 2798 Genususes:

349 2836 376 2885 ct
390 2830 425 2885 de
440 2829 574 2902 supplicio
589 2829 688 2884 Marini
702 2827 813 2883 Faiiarii
827 2828 910 2884 Ducis
924 2828 1115 2884 Venetiamm.

291 3080 460 3150 Rumores
474 3080 605 3151 italicos
622 3079 792 3173 quotidie,
808 3077 874 3149 nisi
888 3079 997 3162 fallor,
1013 3076 1059 3148 ad
1077 3077 1269 3150 satietatem

193 3200 309 3286 audis,
331 3200 391 3294 qui
409 3203 465 3271 vei
486 3200 615 3273 utinam
634 3200 784 3271 rariores
805 3209 926 3271 essent
944 3201 1002 3269 vei
1020 3198 1133 3269 minus
1160 3200 1271 3270 immi·

194 3330 257 3391 tes.
278 3322 377 3393 Nunc
398 3321 509 3393 crebri
532 3321 830 3413 vehementesque
853 3330 934 3391 suut
950 3331 985 3390 et
1003 3322 1117 3393 sonori
1132 3318 1219 3392 adeo
1233 3331 1270 3392 ut

192 3463 261 3513 nou
280 3452 412 3515 tentum
435 3445 469 3513 in
489 3442 607 3515 Galliis
628 3444 743 3516 vicina
770 3442 926 3535 regione,
958 3441 1023 3513 sed
1047 3442 1141 3535 apud
1158 3441 1268 3513 {udos

191 3570 298 3654 atque
340 3561 475 3635 Arabes
521 3563 635 3636 audiri
680 3575 819 3656 queant.
863 3564 977 3656 Magni
1028 3575 1111 3636 suut
1154 3584 1268 3637 rerum

190 3696 325 3767 motus,
368 3685 486 3774 magui
520 3684 688 3756 beliorum
729 3685 909 3778 strepitus
942 3709 1071 3778 magua
1111 3686 1271 3780 imperio·

190 3830 267 3880 rum
305 3805 468 3901 iugisque
499 3804 650 3887 collisio,
693 3826 820 3897 magua
857 3806 1008 3901 denique
1040 3810 1145 3879 iamae
1181 3829 1268 3892 vox,

188 3952 338 4025 quaeque
367 3952 437 4002 noo
471 3927 573 4001 modo
609 3930 704 4021 alpes
741 3928 870 4021 patrias
904 3929 966 4002 sed
998 3929 1107 4000 maria
1146 3928 1270 4000 transi-

189 4052 240 4122 lit:
266 4065 406 4127 etcum
433 4074 559 4146 magna
590 4052 635 4122 sit
667 4072 806 4145 semper
838 4053 918 4125 mali
951 4051 1151 4148 praescntia,
1179 4054 1267 4124 iutu-

188 4195 308 4245 rorum
337 4189 523 4272 apparatus
556 4176 719 4247 contiuuo
745 4174 854 4247 maior
878 4187 943 4248 cst.
974 4176 1023 4247 ita
1048 4174 1150 4246 uobis
1175 4172 1267 4268 quod

189 4301 336 4372 inomni
358 4302 568 4375 adversitate
589 4303 815 4374 durissimum
838 4313 905 4387 est,
928 4312 1128 4373 extremum
1159 4299 1266 4371 maio·

188 4445 264 4495 rum
283 4424 443 4494 solatium
465 4447 545 4518 spes
566 4427 732 4498 aufertur.
753 4426 899 4520 Semper
924 4447 968 4496 ne
986 4423 1093 4517 igitur
1111 4425 1162 4496 sic
1178 4420 1266 4494 iuvi·

186 4565 260 4616 cem
286 4550 528 4619 conteremur?
553 4549 697 4641 Semper
732 4556 927 4622 nostrorum
963 4546 1121 4621 laborum
1153 4547 1264 4623 souitu
