2738 5062
386 684 900 735 urasuuunsc1uus.-srrsrom
922 689 984 736 uu.
1165 677 1222 738 125

143 844 215 895 rum
248 841 291 892 se
328 821 498 914 imparem
533 843 785 913 recognoscens
812 825 947 895 animus
972 825 1221 917 quiescendum

144 941 377 1016 tacendumne
402 940 597 1028 denunciet,
617 954 775 1037 erumpet
795 953 909 1016 tamen
935 946 1077 1017 anxium
1100 957 1222 1040 peetus

143 1069 318 1138 invoces.
340 1065 416 1135 Nou
439 1066 642 1157 peregrinas
665 1067 853 1139 sententias
875 1081 934 1138 aut
954 1070 1063 1140 verba
1080 1070 1223 1142 venabi-

143 1200 213 1270 tur;
233 1187 410 1281 quidquid
430 1188 475 1260 ad
502 1209 641 1261 manum
666 1190 816 1275 venerit,
838 1195 1007 1288 quidquid
1031 1194 1129 1266 dolor
1149 1217 1222 1266 me-

145 1324 272 1404 tusque
290 1311 468 1382 suaserint
484 1313 657 1404 loquetur:
676 1314 814 1396 festina,
835 1318 981 1410 trepida,
1001 1317 1221 1389 tumultuaria

143 1446 178 1505 et
195 1433 295 1526 quod
314 1440 440 1504 natura
468 1454 579 1502 rerum
607 1434 682 1516 sert,
711 1434 882 1506 simillima
910 1438 1034 1507 mentis
1059 1437 1221 1508 fluctibus

144 1556 257 1628 exibit
276 1555 400 1626 oratio.
424 1555 462 1626 ld
484 1554 513 1624 si
534 1578 710 1648 nunquam
731 1557 831 1640 alius,
854 1581 945 1630 nune
971 1559 1054 1629 mihi
1074 1579 1222 1651 praeser-

145 1681 204 1750 tim
224 1677 371 1749 evenire
391 1676 542 1747 noveris.
565 1678 707 1748 Moveor
727 1679 904 1772 equidem,
927 1682 980 1750 vir
1001 1680 1161 1763 illustris,
1187 1691 1222 1750 et

143 1801 248 1875 valde
268 1820 497 1894 permoveor:
518 1809 564 1884 et,
589 1803 617 1872 si
639 1802 815 1895 proprium
837 1804 979 1875 affectus
1006 1805 1071 1874 mei
1096 1826 1221 1873 nomen

143 1924 269 2015 exigis,
285 1931 468 2016 permetuo
481 1924 663 1994 frementes
681 1924 877 1996 incircuitu
897 1925 1062 2017 proeellas
1080 1935 1116 1994 et
1133 1945 1221 2017 quos

145 2045 302 2139 undique
322 2043 499 2115 eeruimus
520 2067 637 2116 rerum
659 2058 786 2118 motus.
808 2049 877 2118 Sed
897 2057 937 2118 ut
958 2046 1061 2118 totius
1080 2047 1222 2117 humani

149 2169 286 2262 generis
305 2170 458 2239 lamenta
479 2178 698 2259 praeteream,
727 2170 861 2240 italicus
882 2171 985 2242 homo
1010 2171 1054 2241 ad
1075 2168 1221 2241 italicam

150 2290 325 2383 quereiam
343 2288 458 2360 venio.
481 2289 629 2380 Surgitis
656 2313 746 2362 nunc
772 2292 817 2363 ad
841 2315 935 2363 arura
961 2293 1030 2364 duo
1055 2292 1222 2386 potentis-

155 2412 233 2484 simi
252 2412 377 2506 popnli,
414 2407 495 2484 duae'
524 2412 776 2486 florentissimae
796 2415 917 2499 urbeS,
940 2417 1024 2500 duo,
1048 2427 1085 2486 ut
1109 2417 1220 2487 dicam

150 2536 306 2620 breviter,
329 2538 439 2607 ltaliae
461 2537 602 2607 lumina:
629 2558 722 2629 quae,
747 2548 784 2609 ut
805 2539 887 2609 mihi
908 2539 1047 2631 quidem
1069 2539 1219 2623 videtur,

143 2670 402 2754 peropportune
435 2658 522 2730 adeo
556 2659 634 2730 hine
667 2661 770 2741 illinc,
793 2661 920 2732 circum
951 2661 1093 2731 Ausonii
1127 2662 1221 2731 orbis

144 2784 296 2857 claustra
316 2780 494 2853 distribuit
511 2792 633 2853 natura
655 2804 793 2875 parens
814 2793 852 2852 ut
871 2782 973 2852 vobis
990 2782 1035 2853 ad
1053 2794 1169 2852 areton
1188 2794 1223 2851 et

144 2902 322 2978 adortum
340 2905 437 2986 solis,
458 2904 523 2974 illis
542 2905 587 2975 ad
605 2904 783 2974 meridiem
801 2904 897 2975 etad
915 2925 1077 2974 oceasum
1097 2904 1219 2987 versis

144 3025 252 3099 vobis
269 3049 431 3122 superum
450 3027 516 3097 iuis
532 3027 677 3096 inferum
699 3045 797 3095 mare
816 3023 1042 3106 frenantibus
1065 3033 1144 3118 post
1160 3027 1222 3096 de-

144 3150 317 3222 bilitatum
358 3151 628 3241 inclinatumque
668 3147 750 3231 iam,
785 3169 828 3217 ne
867 3146 977 3217 dicam
1011 3158 1221 3242 prostratum

146 3294 293 3369 prorsus
313 3283 350 3344 et
368 3273 575 3357 extinctum,
595 3292 775 3341 romanum
790 3269 983 3362 imperium,
999 3270 1114 3341 adhue
1131 3268 1222 3361 regi-

145 3419 226 3469 nam
255 3397 387 3468 Italiam
415 3394 685 3488 quadripartitus
718 3394 813 3465 orbis
840 3405 1051 3486 agnosceret.
1078 3396 1127 3464 De
1153 3417 1222 3487 qua

145 3541 198 3603 re,
216 3518 288 3591 etsi
309 3519 540 3611 quarumdam
566 3521 653 3589 forto
677 3519 831 3609 gentium
866 3517 1029 3611 superbia
1062 3519 1096 3588 in
1121 3517 1221 3589 terris

144 3643 237 3716 litem
270 3645 403 3713 iactura
432 3641 602 3725 videatur,
632 3641 665 3710 in
692 3643 760 3713 aito
785 3651 879 3713 certe
908 3642 1036 3713 nullius
1069 3661 1222 3733 unquam

142 3748 358 3860 impudentia
377 3766 649 3837 controversiam
667 3766 829 3838 movebit.
851 3767 1022 3838 Caeterum
1042 3766 1123 3837 siin
1140 3785 1222 3834 vos-

144 3887 328 3980 metipsos,
353 3887 448 3980 quod
477 3887 604 3959 nedum
640 3899 797 3980 spectare
819 3888 882 3959 sed
903 3886 1047 3958 ominari
1073 3887 1219 3968 horren,

143 4009 298 4082 victricia
331 4033 423 4081 nune
453 4033 549 4081 arma
582 4012 794 4092 convertitis
830 4010 924 4080 haud
955 4009 1060 4081 dubie
1093 4008 1220 4078 vestris

143 4133 291 4227 propriis
312 4132 473 4204 manibus
495 4133 600 4203 saucii
622 4135 788 4225 perimus,
824 4132 951 4201 vestris
977 4130 1122 4223 propriis
1148 4152 1221 4200 ma-

142 4252 243 4325 nibus
266 4253 405 4348 spoliati
426 4265 461 4325 et
483 4277 604 4324 nomen
630 4264 667 4325 et
687 4252 804 4324 multis
831 4252 1016 4344 quaesitum
1044 4250 1219 4322 laboribus

140 4373 325 4470 imperium
353 4376 458 4446 maris
479 4377 682 4447 amittimus:
718 4375 763 4445 ita
793 4384 908 4445 tamen
935 4384 984 4459 ut,
1012 4375 1104 4467 quod
1127 4394 1220 4463 saepe

138 4499 223 4574 aiios
252 4502 426 4572 maiorum
450 4501 603 4571 solamen
625 4498 825 4579 habuimus,
848 4520 914 4568 non
933 4498 1136 4591 perdamus:
1164 4517 1220 4563 ea-
