2738 5062
144 644 199 704 lltl
477 652 518 698 nn
540 650 640 697 trenes
661 648 882 697 subintremus

141 794 245 866 mutis
278 792 382 863 eliam
415 788 646 860 animantibus
680 786 861 870 insertam,
884 787 1029 879 turpiter
1054 786 1210 859 humanis

141 918 266 990 abesse
286 913 497 1008 pectoribus3
519 934 596 983 eam
619 912 753 982 caeteris
773 920 990 993 ornamento,
1016 908 1091 1001 regi
1113 910 1210 981 etiam

141 1040 304 1136 praesidio
327 1042 419 1119 sere;
455 1034 736 1127 ingratitudinem
770 1034 845 1126 regi
878 1054 1007 1106 nervos
1041 1032 1211 1125 roburque

142 1184 374 1255 eorrumpere,
398 1162 481 1232 dum
498 1170 533 1229 et
551 1158 720 1229 oblivioso
741 1158 837 1251 piget
856 1154 1019 1248 obsequi,
1039 1165 1076 1227 et
1091 1155 1211 1248 ingrati

142 1285 245 1355 animi
278 1283 479 1373 voraginem
517 1279 624 1349 fundo
660 1290 835 1350 carentem
875 1275 1034 1369 pertendet
1074 1279 1212 1370 explere

141 1404 354 1477 rnuneribns.
389 1403 545 1495 Denique
578 1422 725 1473 oneroso
754 1402 883 1472 honore
909 1411 945 1472 et
978 1400 1148 1472 honorato
1179 1422 1213 1473 se

142 1550 301 1621 pressum
323 1548 427 1598 onere
447 1528 609 1608 fateatur,
631 1547 782 1617 eumque
802 1525 862 1616 qui
889 1545 953 1595 rex
971 1524 1043 1608 fiat,
1066 1525 1134 1595 etsi
1158 1546 1214 1596 an-

143 1660 198 1720 tea
218 1649 321 1720 luerit
341 1649 527 1741 expeditus
548 1671 587 1718 ac
609 1648 709 1729 liber,
737 1670 784 1717 cx
809 1648 869 1720 illo
894 1658 1010 1719 tamen
1036 1647 1213 1720 honestam

144 1774 330 1866 suscipere,
351 1773 412 1844 sed
432 1772 638 1843 laboriosam
664 1793 704 1841 ac
731 1771 908 1841 sollicitam
937 1770 1158 1855 servitutem,
1183 1778 1215 1841 et

144 1897 211 1967 snb
230 1918 300 1988 qua
321 1894 457 1988 publiea
491 1894 536 1965 sit
567 1893 723 1975 libertas;
750 1892 1013 1986 visendamque
1035 1892 1102 1963 sibi
1123 1891 1216 1965 dein·

143 2042 225 2111 ceps
250 2018 508 2110 exemplariter:
534 2019 696 2108 exemplo
727 2016 817 2086 enim
846 2037 966 2106 regum
994 2036 1103 2106 regna
1129 2038 1215 2087 com·

145 2142 236 2233 poni;
257 2149 293 2209 cl
315 2139 443 2231 requiri
465 2143 576 2210 solere
597 2141 642 2210 de
661 2139 824 2210 manibus
845 2138 1100 2234 praesidentum
1120 2138 1215 2232 quid·

143 2262 229 2355 quid
248 2264 377 2352 vulgus
398 2262 576 2332 erraverit.
597 2263 688 2331 Nibil
711 2262 776 2333 sibi
798 2262 975 2357 proprium
995 2263 1081 2333 velit
1097 2274 1217 2357 praeter

146 2392 319 2478 sceptrum
341 2393 375 2454 et
395 2383 570 2466 diadema,
605 2394 640 2453 et
671 2406 751 2476 qnae
784 2385 864 2455 binc
896 2385 1006 2456 oritur
1032 2408 1155 2457 curam
1179 2386 1217 2459 'de

146 2511 257 2579 salute
277 2508 444 2592 omnium,
468 2507 671 2599 gloriosam,
695 2509 757 2579 sed
776 2507 948 2579 difficilem
973 2531 1014 2580 ac
1034 2512 1215 2581 multorum

145 2630 304 2723 capitum,
327 2631 517 2726 luydraeque
539 2652 607 2701 non
627 2628 830 2701 dissimilem
850 2629 1056 2702 renascenti.
1075 2633 1217 2703 Praestet

146 2754 341 2826 alimoniam
363 2754 501 2844 ingenio
534 2753 696 2838 debitam,
716 2753 962 2824 verecundiam
983 2753 1091 2835 retati,
1115 2755 1217 2825 virtu

147 2886 216 2946 tem
250 2877 380 2968 generi,
404 2876 547 2972 imperio
581 2877 807 2947 maiestatem.
830 2878 1023 2965 Purpuram
1058 2890 1215 2972 spernat,

145 3010 343 3072 contemnat
375 2988 545 3093 gemmaS,
568 3001 736 3093 despiciat
768 3003 979 3093 voluptates
1015 3011 1050 3071 et
1082 3000 1216 3075 irrideat

148 3126 411 3216 universaquae
432 3124 582 3215 lugiunt3
605 3136 735 3195 aeterna
761 3127 835 3195 sola
861 3124 1028 3215 suspiciat
1053 3147 1095 3197 ae
1121 3127 1217 3197 mire

149 3258 212 3317 tor.
235 3246 349 3329 Arma,
371 3246 461 3337 equi,
485 3246 614 3328 litterae,
638 3249 796 3338 supellex
817 3247 921 3335 regia.
943 3248 1016 3318 Pax
1032 3258 1068 3319 et
1084 3249 1215 3331 bellum,

147 3368 413 3438 exercitationes
433 3368 525 3459 regis
544 3369 627 3438 sint:
647 3370 829 3463 utrobique
847 3370 999 3441 romanis
1017 3371 1153 3443 artibus
1171 3394 1217 3443 rc—

148 3503 244 3583 gnet,
266 3512 346 3583 quae
366 3506 459 3575 sirnt,
484 3504 521 3562 ut
542 3494 638 3563 lllaro
659 3494 825 3576 meminit,

505 3683 631 3761 pacique
649 3684 805 3763 imponere
822 3687 963 3763 modum,

349 3782 473 3843 Parcere
491 3782 649 3857 subiectis,
667 3792 696 3844 el
714 3783 864 3846 debellare
881 3785 1037 3863 superbos.

148 3965 327 4034 Postremo
349 3963 437 4034 norit
458 3961 545 4035 hane
566 3963 673 4034 vitam
691 3966 800 4036 aleam
819 3989 899 4037 esse
919 3970 1031 4059 magni
1052 3970 1218 4043 discrimi-

150 4084 215 4167 nis,
240 4108 307 4155 non
331 4086 376 4156 ad
402 4087 520 4158 ludum
555 4087 750 4181 iocumque,
784 4110 853 4159 non
887 4091 931 4162 ad
965 4092 1058 4164 iners
1092 4096 1217 4175 otium,

151 4230 217 4279 non
238 4210 283 4279 ad
303 4211 510 4301 degenerem
542 4214 678 4293 luxum,
706 4212 751 4283 ad
777 4211 861 4283 nihil
882 4214 975 4285 allud
994 4215 1135 4289 demum
1162 4219 1220 4287 ho·

150 4328 300 4398 minibus
322 4329 454 4411 datam,
476 4353 580 4422 quarn
603 4343 639 4401 ul
659 4332 757 4403 beeri
780 4335 900 4405 merite
921 4337 1127 4410 aelernilatis
1150 4337 1219 4411 adi-

153 4459 224 4519 tum
245 4450 372 4542 paudat
391 4462 426 4521 et
447 4454 548 4523 sernia)
568 4457 743 4525 nrateriaur
767 4458 997 4549 sempiternae.
1025 4462 1145 4555 ltaque
1169 4482 1219 4531 re-
