2738 5062
327 624 331 632 '
354 639 447 688 trouu
468 637 972 690 ocrtvusosctuus.-ur1srouu
994 642 1022 688 u.
1172 631 1226 692 ltt

147 776 256 868 ergo‘l
277 775 327 846 De
353 795 410 846 me
436 772 519 844 mihi
545 771 699 856 credam,
725 772 786 866 qui
805 773 872 846 etsi
892 796 949 845 me
969 796 1092 861 amem,
1114 786 1231 850 tamen

148 897 378 990 ignorantiam
412 916 525 967 meam
559 895 629 980 odi,
661 895 820 989 interque
852 896 969 969 odium
1002 909 1038 970 et
1074 918 1231 972 amorem

148 1031 374 1113 temperatam
398 1018 604 1090 sententiam
626 1018 717 1090 lerre
736 1039 838 1110 queo.
857 1017 949 1103 Quid
968 1040 1053 1092 vero
1075 1041 1229 1113 pronun-

146 1142 235 1215 ciem
256 1140 565 1234 expectas‘l-Unus
590 1162 636 1211 ex
662 1139 781 1212 multis
814 1140 930 1215 adhuc
956 1164 1044 1229 sum,
1066 1143 1229 1236 quamvis

148 1286 287 1338 summo
306 1263 422 1339 studio
443 1262 533 1334 nitar
552 1261 708 1346 assidue,
741 1272 779 1333 ut
811 1263 876 1335 sim
911 1287 1004 1337 unus
1029 1287 1077 1338 ex
1095 1264 1229 1362 paucis.

147 1385 246 1472 Quod
268 1385 300 1458 si
319 1385 468 1471 accidat,
490 1384 579 1458 bene
599 1386 667 1458 erit
683 1387 897 1479 feliciterque
910 1387 1132 1460 laboravero:
1144 1387 1228 1461 alio·

146 1507 230 1600 quin
251 1508 348 1600 vulgi
369 1509 478 1580 aciem
496 1510 575 1582 uisu
597 1512 718 1581 saltem
740 1520 776 1581 et
796 1509 975 1581 voluntate
996 1509 1228 1583 trascendero.

147 1628 352 1723 Elquando,
366 1629 490 1722 inquis,
506 1629 572 1701 boc
589 1629 648 1702 tibi
667 1633 820 1702 futurum
840 1628 1008 1723 spondes,
1027 1630 1056 1700 si
1075 1629 1228 1703 nondum

147 1760 212 1837 est,
234 1773 314 1823 cnm
335 1749 507 1844 quidquid
527 1773 608 1823 esse
634 1751 808 1824 debueras
834 1752 901 1824 iam
929 1776 1021 1825 nunc
1046 1752 1120 1824 sis?
1140 1756 1229 1826 Care

146 1875 262 1957 irater,
281 1873 484 1966 quaerendae
506 1873 686 1966 sapientiae
707 1896 747 1945 ac
769 1875 887 1945 virtuti
916 1877 1010 1946 nulla
1046 1898 1113 1949 non
1139 1888 1228 1949 aetas

146 2007 224 2091 apta
244 2006 310 2068 est.
332 1993 628 2088 Quandocumque
644 1995 748 2066 inerit
766 2017 883 2067 serum
903 2017 985 2067 esse
1006 2019 1074 2068 non
1092 1997 1226 2091 poterit,

145 2115 248 2193 modo
267 2124 324 2190 sit.
345 2119 390 2189 Et
407 2117 453 2190 de
474 2140 530 2189 me
552 2117 692 2211 quidem
711 2117 892 2190 hactenus.
911 2118 1002 2201 Quid
1019 2120 1063 2193 de
1080 2121 1156 2192 aliis
1173 2117 1228 2190 di·

145 2260 232 2325 cam,
250 2241 310 2335 qui
329 2262 396 2311 nou
413 2240 640 2334 persuasione
656 2241 835 2327 benevola,
856 2242 920 2315 sed
937 2243 1010 2315 veri
1028 2243 1228 2336 incorrupto

144 2363 271 2439 iudicio
288 2363 382 2437 docti
403 2366 505 2435 sunt‘l
525 2365 655 2435 llarum
678 2386 822 2458 semper,
845 2376 964 2438 nostra
985 2378 1101 2439 autem
1123 2373 1228 2439 aetate

145 2484 361 2558 rarissimum
383 2505 508 2578 genus.
529 2487 598 2558 Sed
616 2510 660 2558 ne
680 2487 725 2560 ab
746 2488 812 2559 illis
829 2489 970 2582 quidem
993 2511 1132 2582 semper
1151 2510 1227 2560 cor-

145 2620 257 2683 rectos
276 2608 320 2682 nd
337 2630 490 2699 unguem
512 2608 650 2681 codices
671 2623 849 2703 expectes.
867 2611 995 2682 Maiora
1012 2610 1173 2703 quaedam
1189 2620 1226 2681 et

144 2732 369 2805 laudabiliora
390 2740 609 2824 pertractant.
634 2731 710 2802 Non
736 2733 863 2804 calcem
885 2742 1055 2824 temperat
1076 2734 1225 2808 archite-

142 2869 233 2942 ctus,
261 2857 323 2928 sed
345 2855 441 2928 iubet
463 2869 499 2928 ut
521 2863 751 2950 temperatum
772 2875 840 2926 non
867 2852 1003 2945 gladios
1028 2855 1121 2927 acuit
1148 2857 1225 2931 dux

142 2979 236 3066 belli,
258 3000 326 3060 non
356 2980 524 3071 magister
545 2978 645 3050 navis
675 2980 806 3054 malum,
824 2976 963 3048 dedolat
994 2988 1055 3050 aut
1084 3002 1222 3053 remos:

142 3124 212 3176 non
233 3102 369 3183 tabulas
385 3101 541 3195 Apelles,
564 3122 633 3171 non
653 3100 742 3172 ebur
760 3101 968 3196 Polycletus,
991 3122 1060 3170 non
1081 3101 1223 3176 Phidias

142 3247 316 3299 marmora
355 3224 507 3296 secabat.
545 3223 671 3297 Plebeii
708 3245 795 3315 opus
829 3223 957 3315 ingenii
993 3232 1049 3293 est
1087 3243 1223 3318 praepa-

141 3347 361 3440 rare„quod
394 3347 507 3419 nobile
532 3357 713 3419 consumet
738 3345 926 3437 ingenium.
958 3346 1014 3418 Sic
1039 3347 1132 3441 apud
1158 3366 1222 3419 nos

141 3471 198 3542 alii
218 3468 440 3541 membranas
462 3469 603 3552 radunt,
625 3468 682 3538 alii
708 3467 814 3538 libros
840 3467 1009 3553 scribunt,
1033 3467 1088 3540 alii
1116 3469 1222 3541 corri-

142 3593 241 3685 gunt,
254 3593 318 3677 alii,
333 3604 370 3666 ut
383 3592 522 3685 vulgari
539 3592 649 3665 verbo
663 3600 749 3675 utar,
766 3591 971 3677 illuminant,
991 3591 1048 3663 atii
1065 3592 1173 3684 ligant
1187 3602 1224 3663 el

142 3714 362 3809 superficiem
376 3725 533 3787 comunt.
554 3715 771 3786 Generosum
797 3714 975 3806 ingenium
1001 3714 1105 3786 altius
1131 3713 1224 3806 aspi-

141 3847 209 3922 rat,
229 3835 412 3909 humiliora
435 3839 695 3931 praetervolans.
719 3835 840 3926 ltaque
861 3834 911 3904 sic
932 3832 1039 3914 babe;
1061 3854 1157 3924 saepe
1185 3842 1223 3901 ut

141 3982 245 4053 agros
267 3961 427 4045 divitum,
452 3960 502 4030 sic
523 3959 628 4029 libros
654 3957 836 4027 doctorum
864 3955 1041 4026 hominum
1065 3954 1222 4025 incultio-

141 4105 199 4156 res
219 4106 300 4156 esse
322 4106 426 4177 quam
448 4082 615 4176 reliquos:
638 4077 738 4173 copia
754 4099 879 4170 nempe
900 4079 1137 4162 securitatem,
1166 4098 1222 4152 se-

140 4208 341 4299 curitasque
363 4206 556 4299 segnitiem,
586 4203 753 4295 segnities
775 4202 879 4273 situm
906 4201 1004 4295 parit.
1031 4203 1087 4273 Sic
1113 4201 1222 4295 poda-

141 4332 224 4423 grici
241 4333 378 4416 callem,
397 4351 501 4422 quem
520 4330 741 4420 frequentare
758 4323 897 4410 habent,
916 4324 1060 4396 offensae
1079 4327 1155 4397 licet
1171 4329 1221 4395 fa-

140 4453 214 4525 cilis
229 4465 289 4525 aut
305 4463 473 4545 paventes
487 4461 547 4524 aut
565 4471 747 4533 memores,
763 4447 1004 4520 minutissimis
1018 4469 1158 4540 quoque
1172 4450 1221 4518 la-

265 4585 290 4622 tt.
1034 4571 1060 4617 :tt
