2736 5026
180 668 237 727 tot
507 679 548 727 us
570 678 671 729 assus
690 676 912 727 submittimus

179 816 298 887 dinum
324 825 540 885 terrenarum
573 815 689 884 trimus
716 813 827 906 possit
852 811 1074 883 adscendere.
1100 811 1190 881 lrum
1217 810 1262 881 in

180 939 331 1032 principe
360 935 593 1029 turpissimam
625 958 693 1006 non
727 935 877 1026 ignoret:
909 933 1147 1006 crudelitatem
1167 940 1261 1005 ver'o

182 1059 349 1131 nominari
393 1059 495 1129 etiam
535 1059 630 1128 nelas
659 1079 754 1142 esse,
785 1078 828 1127 eo
859 1056 1080 1127 funestiorem
1101 1075 1172 1147 quo
1192 1077 1262 1127 no-

183 1181 281 1252 cendi
298 1184 394 1273 plura
411 1178 630 1273 suppeditant
642 1179 880 1251 instrumenta.
894 1179 1026 1249 Sentiat
1037 1198 1160 1248 verum
1172 1196 1260 1249 esse

182 1303 275 1395 quod
295 1304 342 1375 ait
362 1303 540 1395 Tragieus:

272 1488 277 1501 ‘
380 1487 477 1551 Omne
493 1487 549 1549 sub
565 1502 659 1564 regno
675 1486 818 1565 graviore
833 1503 964 1565 regnum
980 1492 1041 1563 est,

183 1678 285 1757 atquc
308 1665 384 1736 ideo
406 1664 530 1736 minaei
546 1674 680 1734 tumore
701 1664 871 1759 deposito,
893 1686 1113 1737 communem
1134 1686 1174 1735 so
1194 1685 1260 1735 su-

182 1789 303 1860 biectis
320 1788 496 1871 exhibeat,
518 1799 553 1859 et
572 1787 740 1881 quidquid
761 1789 795 1858 in
815 1788 891 1859 illos
912 1788 1071 1860 statuerit
1087 1788 1132 1859 de
1148 1808 1260 1859 manu

183 1915 236 1986 sui
259 1911 448 2005 superioris
466 1921 635 2004 expectet.
655 1911 867 2003 Superbiam,
886 1911 1074 1985 necminus
1087 1909 1258 1981 invidiam

182 2034 354 2127 plebeium
378 2035 505 2104 malum
530 2033 651 2105 credat
672 2056 764 2118 esse,
799 2055 869 2105 non
901 2033 1047 2126 regium.
1073 2034 1143 2105 Cur
1161 2033 1259 2105 enim

183 2157 240 2224 vel
262 2154 440 2247 superbire
466 2177 585 2247 regem
610 2167 794 2249 oporteret,
822 2157 881 2249 qui
906 2155 1043 2227 debitor
1071 2154 1259 2226 muncrum

184 2286 357 2347 tantorum
377 2288 413 2346 et
431 2286 526 2347 tante
547 2277 591 2346 sit
606 2277 779 2350 obnoxius
796 2278 978 2351 creditori?
994 2280 1056 2349 Vel
1072 2301 1135 2349 cur
1151 2278 1259 2350 etiam

184 2401 352 2482 invidere,
368 2400 427 2491 qui
443 2420 547 2491 supra
563 2420 600 2469 se
613 2400 798 2482 neminem,
823 2394 890 2471 tam
913 2404 1039 2471 multos
1060 2411 1175 2471 autem
1204 2401 1259 2469 in-

182 2527 234 2594 ira
255 2546 293 2593 se
310 2522 425 2592 videt?
447 2521 633 2591 Veritatem
657 2522 760 2593 totius
787 2522 867 2593 fidei
893 2525 1153 2594 fundamentum
1175 2544 1260 2594 esse

183 2670 251 2719 uon
271 2646 418 2728 dubitet,
441 2657 475 2715 et
495 2646 711 2717 emendacio
733 2647 923 2740 provenire,
940 2659 976 2717 ut
988 2670 1073 2715 uera
1089 2647 1261 2736 loquenti-

183 2770 249 2842 bus
270 2793 338 2841 non
361 2770 538 2841 credatur:
561 2771 745 2863 plurimum
768 2771 859 2841 eninr
880 2771 953 2840 veri
972 2791 1080 2864 parra
1098 2769 1261 2839 salsitatis

184 2896 385 2987 aspersione
407 2895 544 2965 fuscari.
572 2896 691 2987 ltaque
718 2894 747 2964 si
773 2893 868 2964 credi
895 2892 960 2962 sibi
986 2889 1115 2983 aliquid
1140 2890 1261 2981 eupit,

184 3017 300 3088 omnia
321 3039 405 3088 vera
427 3017 520 3109 loqui
555 3018 588 3086 in
621 3015 906 3087 consuetudinem
929 3013 1051 3094 trabat,
1081 3022 1184 3104 atque
1211 3015 1261 3084 ita

185 3139 336 3231 linguam
355 3142 524 3221 instituat,
545 3150 582 3209 ut
603 3139 736 3208 mentiri
756 3138 896 3206 neseiat.
916 3136 1006 3218 Quid
1022 3136 1112 3206 enim
1132 3137 1262 3208 ridicu-

184 3264 292 3332 losius
323 3261 436 3330 dicam
463 3285 506 3331 an
535 3261 762 3351 periculosius
790 3280 872 3349 rege
898 3259 1066 3343 mendaci,
1096 3260 1262 3353 subque

184 3404 329 3453 neccsse
343 3393 397 3452 est
411 3384 577 3452 incertam
594 3381 832 3474 trepidumque
850 3383 1095 3474 rempublicam
1113 3382 1262 3485 lluctua·

186 3508 244 3573 re?
265 3502 394 3573 Stabile
415 3526 559 3597 prorsus
581 3527 620 3574 ac
647 3505 793 3574 solidum
820 3503 965 3573 verbum
990 3528 1069 3575 esse
1095 3505 1198 3576 debet
1223 3506 1260 3575 in

186 3647 255 3719 quo
276 3625 417 3696 lundata
437 3637 491 3695 est
514 3637 685 3696 tantorum
708 3648 788 3717 spes
807 3647 847 3696 ac
870 3628 1094 3719 tranquillitas
1115 3631 1261 3719 populo-

186 3773 274 3820 rum.
297 3750 364 3819 Cur
385 3760 501 3820 aulem
523 3748 707 3819 mentiatur
734 3750 788 3818 cui
816 3750 968 3818 maximo
994 3750 1158 3843 expediat
1182 3752 1261 3820 uul-

186 3874 264 3954 lum,
289 3873 317 3941 si
337 3871 409 3942 lieri
428 3872 546 3966 possit,
563 3893 710 3963 usquam
724 3892 804 3941 esse
819 3871 1043 3942 mendacem?
1057 3874 1125 3941 Cur
1138 3873 1260 3942 adule-

187 4004 242 4064 tur
262 3997 319 4088 qui
342 3999 472 4068 nullum
496 4004 639 4079 metuat,
663 3993 745 4064 nihil
768 4000 904 4087 speret?
929 4018 1016 4087 quos
1042 3995 1258 4065 adulatorum

187 4117 344 4190 stimulos
372 4145 439 4192 non
465 4119 649 4212 improprie
676 4119 794 4188 uideor
818 4117 986 4189 dicturus.
1009 4120 1132 4188 Contra
1153 4118 1257 4187 ctiam

185 4264 246 4311 cur
269 4264 305 4311 se
324 4243 435 4326 iactet,
459 4267 536 4317 curn
559 4243 698 4314 laudare
721 4242 874 4336 seipsum
903 4241 1006 4312 rebus
1032 4240 1165 4322 deceat,
1189 4262 1257 4310 nou

136 4365 140 4374 '
187 4363 325 4432 verbis?
345 4365 414 4434 Cur
433 4368 590 4449 minetur,
613 4388 692 4436 cum
714 4367 786 4435 sola
819 4366 934 4434 ualeat
965 4366 1075 4434 fronte
1101 4368 1260 4433 terrere?

186 4485 255 4554 llur
277 4483 309 4553 in
331 4486 526 4578 ‹prempiam
548 4488 789 4567 excandescat,
812 4510 889 4557 cum
913 4488 1023 4580 possit
1043 4487 1145 4558 etiam
1165 4495 1259 4555 tran-
