2738 5062
418 691 508 741 uranu
529 691 888 742 uncinus-urrsrorr
910 695 950 743 ru.
1181 683 1219 744 89

144 831 296 929 quodam
322 828 525 903 delectabili.
550 830 651 914 Quod
674 852 735 925 per
753 833 867 904 Palem
887 831 979 903 iurat
998 814 1136 918 Silvius,
1159 855 1221 928 pa-

142 958 272 1031 storale
293 955 523 1026 iuramentum
544 964 613 1025 est:
635 955 734 1026 Pales
753 955 847 1027 enim
864 965 922 1028 est
940 964 1117 1053 pastorum
1135 958 1219 1040 dea3

140 1090 265 1177 posset
284 1078 379 1171 apud
399 1098 463 1148 nos
484 1077 626 1168 intelligi
647 1078 768 1163 llaria,
791 1101 860 1150 non
879 1080 958 1163 dea,
981 1082 1044 1154 sod
1064 1082 1126 1152 Dei
1148 1104 1220 1152 ma-

141 1216 206 1277 ter.
238 1200 445 1275 Parthenias
477 1200 552 1295 ipse
583 1209 639 1274 est
669 1202 847 1294 Virgilius
882 1227 949 1276 nou
981 1227 1003 1277 a
1031 1227 1086 1276 me
1116 1206 1220 1277 modo

142 1325 263 1399 lictum
284 1345 428 1406 nomem
450 1324 483 1393 in
505 1325 575 1396 vita
595 1326 686 1396 enim
706 1327 782 1397 eius
803 1326 952 1417 legimus
968 1327 1062 1420 quod
1077 1327 1220 1400 Parthe

141 1448 236 1533 nias,
258 1444 360 1540 quasi
380 1447 474 1517 omni
495 1448 567 1519 vita
585 1449 764 1541 probatus,
792 1448 859 1521 dici
893 1448 1027 1520 meruit.
1061 1448 1161 1532 Quod
1182 1462 1220 1522 ut
1291 1518 1297 1525 .

139 1592 206 1664 per
226 1590 266 1641 se
286 1568 402 1662 ipsum
423 1571 530 1640 lector
549 1570 764 1663 intelligeret,
792 1573 889 1642 locus
908 1582 963 1643 est
983 1570 1138 1658 additus,
1161 1572 1219 1645 ubi

141 1694 306 1767 videlicet
324 1695 420 1765 lacus
441 1693 623 1787 Cisalpinae
643 1695 762 1767 Galliae
781 1696 938 1766 Benacus
958 1696 1061 1769 valde
1085 1694 1152 1769 sibi
1173 1696 1220 1766 si-

142 1818 262 1889 milem
282 1814 391 1889 lilium
412 1839 460 1889 ex
486 1839 525 1889 se
549 1818 669 1911 gignit.
702 1820 809 1890 Filius
843 1827 957 1889 autem
990 1818 1047 1891 hic
1072 1819 1219 1891 Mincius

140 1950 210 2025 est,
231 1941 384 2012 Mantuae
405 1940 549 2024 ssuviuS,
572 1962 653 2035 quae
673 1942 806 2033 Virgilii
826 1940 938 2033 patria
958 1950 1023 2012 est.
1045 1943 1219 2013 Caelerum

140 2064 283 2138 aliunde
301 2064 471 2136 advectus
492 2072 610 2158 pastor
630 2062 755 2135 nobilis
774 2064 960 2137 Homerum
980 2060 1166 2158 significan
1180 2063 1219 2135 in

143 2209 217 2281 quo
236 2187 372 2279 singula
391 2188 463 2259 sere
484 2186 593 2257 verba
613 2185 744 2279 aliquid
764 2187 961 2282 important,
984 2211 1063 2260 uam
1084 2198 1119 2259 et
1144 2184 1220 2256 inde

146 2309 217 2381 hoc
233 2320 287 2381 est
300 2308 426 2393 tenta
444 2331 514 2380 non
533 2309 608 2381 sino
627 2309 790 2407 mysterio
806 2311 937 2385 dictum
954 2321 1029 2383 est:
1048 2312 1129 2404 quia
1141 2311 1220 2381 Vir-

147 2430 269 2523 gilium
288 2454 370 2526 puer
391 2434 472 2517 iam,
495 2433 586 2505 idest
610 2456 678 2505 non
705 2433 773 2505 iam
800 2435 928 2520 iulans,
952 2434 1078 2506 deinde
1103 2444 1218 2529 autem

143 2565 252 2627 aetate
265 2557 461 2650 provectior
472 2557 661 2628 Homerum
678 2558 787 2649 attigi.
809 2558 843 2628 ls
860 2557 952 2629 cuim
971 2557 1030 2651 qui
1048 2558 1218 2629 Homerus

140 2681 250 2771 vulgo
274 2679 415 2762 dicitur,
440 2679 582 2757 alterius
607 2680 725 2753 nescio
751 2680 851 2752 ouius
877 2683 1082 2773 opuseulum
1114 2679 1216 2763 sciaS,

139 2798 215 2861 licet
231 2799 269 2863 ul
288 2799 444 2862 honerico
472 2800 606 2877 italicus,
627 2817 683 2862 nee
710 2801 809 2862 oratio
834 2800 946 2877 linque
973 2800 1128 2876 particeps
1152 2798 1219 2860 luti·

139 2926 188 2973 nc
205 2904 291 2999 (sic).
306 2906 405 2978 Unde
419 2928 482 2976 uec
499 2917 617 2976 nostro
634 2927 812 2976 murmure
830 2927 956 2976 cauere
975 2926 1055 2974 eum
1074 2904 1162 2987 dixi,
1182 2915 1220 2975 ut

141 3028 202 3122 qui
217 3049 332 3121 graece
350 3039 460 3099 canat.
487 3024 648 3097 Generosi
664 3048 747 3097 sane
768 3029 918 3122 pastoris
936 3025 1126 3119 epithetum
1143 3027 1218 3098 iure

141 3162 302 3247 occupat:
329 3151 414 3245 quid
437 3152 529 3223 enim
551 3151 607 3222 vel
631 3149 749 3243 lingua
770 3152 830 3222 vel
852 3149 992 3242 iugenio
1012 3151 1219 3243 generosius

140 3273 306 3347 Homeri?
326 3272 442 3343 Nescio
464 3283 579 3344 autem
601 3298 664 3366 quo
684 3271 723 3342 de
744 3275 831 3343 valle
857 3272 937 3346 ideo
963 3282 1020 3344 est
1048 3271 1216 3356 additum,

139 3397 222 3490 quia
247 3397 295 3469 de
320 3399 395 3467 loco
418 3396 562 3488 originis
583 3397 659 3468 eius
680 3396 859 3490 opiniones
879 3397 988 3467 variae
1014 3405 1108 3480 sunt,
1130 3416 1218 3490 quas

140 3520 237 3593 locus
260 3519 327 3593 iste
347 3541 416 3591 nou
435 3521 538 3613 capit.
560 3520 739 3592 Postremo
759 3519 797 3590 de
816 3527 906 3614 sonte
923 3520 1098 3593 homerico
1114 3520 1220 3590 bibere

139 3643 334 3737 Virgilium,
357 3642 517 3716 omuibus
537 3652 592 3714 ost
612 3653 732 3715 uotum
752 3643 811 3736 qui
831 3644 867 3714 iu
887 3643 1031 3737 poeticis
1051 3663 1219 3713 exercen-

142 3775 209 3837 tur.
245 3768 362 3837 Amico
399 3788 468 3859 qua
509 3775 654 3859 uterque
690 3766 818 3858 diguus
851 3767 991 3852 dicitur,
1026 3768 1116 3837 lama
1147 3773 1216 3849 est,

141 3866 409 3985 propterquam
437 3898 549 3982 poetro
574 3898 669 3960 suut:
695 3901 835 3984 propter
860 3889 988 3961 amicas
1018 3888 1110 3960 enim
1136 3909 1219 3959 suas

141 4022 317 4087 amatores
338 4022 475 4082 canunt.
508 4008 606 4081 Silva
636 4012 772 4084 horrida
801 4022 836 4084 et
860 4015 944 4082 aerii
967 4022 1102 4094 montes,
1128 4032 1218 4103 quos

142 4135 289 4205 miratur
310 4132 439 4202 Silvius
459 4153 527 4203 non
550 4133 647 4225 sequi
668 4133 885 4205 dulcedinem
910 4130 1122 4215 canentium,
1143 4132 1220 4203 vul-

142 4278 209 4348 gus
230 4257 400 4329 incultum
421 4267 477 4328 est
499 4267 533 4328 et
554 4256 727 4351 principes
747 4255 950 4327 eminentes.
976 4258 1174 4327 Descensus
1199 4275 1220 4322 e

142 4384 264 4451 montis
298 4383 417 4452 vertice
449 4379 493 4450 ud
524 4382 608 4450 intas
640 4381 755 4461 ualles,
792 4390 827 4450 et
859 4340 904 4455 rib
947 4379 1026 4450 imis
1070 4377 1219 4449 vallibus

142 4505 340 4578 adscensus
362 4505 396 4575 in
416 4515 568 4588 montes,
587 4525 691 4596 quem
709 4501 753 4573 dc
775 4524 812 4573 se
834 4502 910 4596 ipso
926 4505 1072 4597 loquens
1090 4500 1218 4570 Silvius
