2738 5062
352 680 444 728 cinna
466 680 734 731 surrusnuuuus
796 681 950 731 umsrom
971 685 1013 733 ru.
1158 672 1215 733 397

557 991 736 1057 EPlS'lOLll
757 994 800 1056 Xl.

222 1176 417 1226 FRANClSGUS
438 1177 607 1227 annutans
627 1178 803 1228 Fatuclsco
825 1179 931 1229 emolu
952 1180 1141 1230 SANCTORU!

493 1281 724 1331 Arosnonouuu
746 1283 772 1331 S.
794 1285 829 1331 1³:
846 1284 875 1332 D.

192 1441 278 1497 llulta
292 1442 327 1496 de
340 1442 429 1514 pretio
444 1441 577 1513 temporis
589 1459 595 1496 :
605 1457 698 1512 seque
711 1440 873 1509 Mediolani,
890 1445 922 1496 ut
935 1442 1051 1498 ciuitatis
1065 1443 1178 1501 domino

469 1545 577 1584 morem
591 1535 714 1601 gereret,
729 1531 892 1586 constitisse.

238 1802 313 1871 Non
335 1798 468 1872 solebat
485 1799 571 1870 mihi
593 1810 728 1891 tempus
750 1821 831 1871 esse
850 1811 918 1871 tam
940 1821 1057 1872 carum
1073 1824 1081 1883 ;
1099 1823 1220 1893 quam-

143 1922 198 1992 vis
219 1923 308 1992 onim
327 1936 431 2014 aequo
451 1941 589 2013 semper
609 1920 739 2004 incerti,
758 1922 837 2012 plus
853 1922 974 1992 saltem
991 1924 1120 2013 sperati
1134 1931 1221 1993 tem-

143 2045 236 2136 poris
259 2055 338 2115 tunc
357 2053 454 2115 erat:
476 2063 568 2117 nunc
597 2062 653 2112 res
678 2052 713 2112 et
740 2063 822 2133 spes
849 2053 1025 2136 postremo
1044 2045 1160 2115 omnia
1185 2045 1219 2114 in
1276 2026 1282 2040 ⁸

143 2176 330 2256 angustum
357 2165 532 2236 desinunt.
561 2163 719 2234 Paucitas
745 2175 857 2235 autem
883 2174 940 2235 est
963 2186 1043 2257 quae
1070 2165 1218 2260 pretium

144 2286 250 2356 rebus
264 2285 352 2357 lacit.
370 2286 439 2356 Fac
456 2294 546 2355 terra
562 2285 913 2376 passim-margaritas
926 2287 1020 2369 ierat,
1035 2289 1220 2360 calcabun-

144 2418 200 2477 tur
214 2416 250 2475 ut
263 2402 409 2499 lapides:
423 2406 477 2476 sac
491 2404 632 2475 totidem
647 2405 716 2475 sint
732 2404 911 2496 phoenices
930 2417 1016 2499 quot
1033 2408 1218 2480 columbae:

143 2527 254 2597 unicae
282 2526 359 2598 avis
392 2527 483 2597 fama
516 2525 665 2618 perierit.
700 2527 768 2598 Fac
797 2527 943 2598 balsami
977 2527 1131 2599 arbustis
1151 2530 1220 2599 late

143 2656 277 2719 montes
299 2658 472 2739 tegantur,
499 2647 656 2741 plebeius
685 2649 798 2741 liquor
810 2650 903 2718 erit:
930 2649 1080 2741 deniqne
1104 2648 1140 2717 in
1165 2671 1221 2720 rs-

142 2768 209 2840 bus
234 2768 394 2839 omnibus
428 2779 596 2861 quantum
618 2788 764 2840 numero
784 2771 969 2840 cumulove
991 2769 1217 2853 succreverit,

144 2900 276 2960 tantum
295 2889 404 2983 pretio
420 2891 576 2963 decedet.
596 2891 722 2962 Contra
744 2911 827 2961 vero
844 2901 983 2981 propter
1000 2891 1149 2983 inopiam
1167 2891 1219 2960 vi-

143 3011 276 3083 lissima
296 3032 411 3082 rerum
437 3032 518 3082 cara
538 3022 651 3082 erunt.
680 3011 765 3082 Hinc
788 3033 851 3105 per
874 3032 1000 3082 arenas
1032 3010 1220 3083 siticulosis

143 3133 265 3228 Lybiae
285 3134 319 3203 in
339 3154 442 3204 manu
464 3132 609 3204 Romani
625 3132 723 3204 ducis
742 3132 936 3205 invidiosus
955 3133 1107 3224 exignus
1124 3135 1219 3204 latex

142 3268 216 3328 crat
232 3284 239 3325 :
261 3257 341 3328 hinc
359 3256 394 3324 in
407 3255 587 3327 obsidione
602 3255 741 3327 Casilini
754 3255 984 3327 loedissimum
999 3254 1124 3326 animal
1139 3276 1218 3326 mus

143 3378 176 3450 in
193 3380 304 3473 pretio
322 3379 409 3448 luit:
431 3378 518 3462 hinc,
537 3378 632 3470 quod
652 3400 754 3450 omne
774 3376 943 3447 molestiae
963 3398 1076 3467 genus
1097 3398 1219 3469 supcr-

143 3498 311 3591 grcditur,
335 3519 431 3591 saepc
451 3499 672 3591 ignavissimi
697 3500 856 3571 homines
878 3500 951 3569 sola
977 3498 1133 3569 virorum
1159 3521 1219 3591 pe-

142 3623 242 3694 nuria
261 3623 463 3693 floruerunt.
486 3623 668 3718 Exemplis
688 3621 861 3705 abstineo,
884 3620 1063 3692 nominum
1083 3619 1220 3691 ioedita-

144 3753 210 3814 tem
231 3743 441 3835 dedignante
460 3746 616 3816 calamo:
637 3766 848 3838 quamquam
869 3742 953 3836 quid
974 3741 1143 3833 exemplis
1163 3750 1219 3811 est

141 3868 252 3957 opus?
271 3865 347 3936 Non
368 3865 435 3936 vici
461 3874 599 3948 vacant,
627 3887 695 3936 non
722 3868 846 3960 plateae
872 3862 1040 3957 portentis
1067 3859 1216 3931 talibus:

141 3986 235 4056 nulla
255 4004 333 4057 aevo
352 3997 472 4057 nostro
491 3983 645 4055 crebrior
663 3985 781 4076 pestis,
795 3984 874 4056 etsi
888 3982 962 4052 sine
976 3980 1136 4051 iactantia
1150 3981 1218 4051 dici

139 4117 276 4198 potest,
296 4128 473 4198 nunquam
491 4104 576 4175 mibi
597 4113 668 4175 tam
685 4103 754 4174 vilo
772 4114 909 4194 tempus
927 4102 997 4186 luit,
1018 4111 1056 4172 ut
1072 4102 1217 4194 quibus-

139 4224 220 4297 dam
241 4227 427 4298 coaetaneis
445 4227 555 4298 meis:
577 4245 756 4316 nunquam
779 4233 892 4294 tamen
914 4222 948 4292 in
968 4242 1011 4294 eo
1024 4224 1134 4317 pretio
1146 4245 1216 4313 quo

139 4347 271 4420 debuit.
293 4351 423 4420 Vellem
446 4368 549 4439 posse
570 4344 687 4417 dicere
707 4346 837 4416 nullum
859 4365 914 4414 me
934 4342 1027 4416 diem
1047 4333 1216 4440 perdidis-

141 4488 201 4538 se:
229 4473 355 4543 multos
383 4467 538 4562 perdidi:
566 4465 696 4540 utinam
722 4487 792 4537 non
822 4487 941 4541 annos.
969 4464 1057 4539 lllud
1082 4466 1216 4538 dixisse
1321 4545 1328 4558 ,
