2738 5062
141 681 180 741 56
479 690 520 737 uu
541 688 642 738 nunus
664 685 885 736 rnuunruuus

140 809 293 880 vidicum
308 806 392 877 illud
405 804 543 877 dixizlo
555 805 706 874 amoribus
721 805 786 874 tuis
799 812 899 873 sortes
913 820 1002 870 meoe.
1013 798 1112 870 Pium
1127 809 1223 872 certe

141 929 323 1002 eonsilium
336 948 418 997 esse
432 926 590 997 inefficax
604 948 672 996 non
686 923 836 997 debebit.
845 924 896 993 Tu
905 923 994 1007 vale,
1003 920 1220 1015 Raynaldum

143 1061 308 1134 nostrum,
328 1059 367 1121 ut
384 1051 519 1121 salvere
539 1048 662 1120 iubeas
683 1068 814 1143 precor.

285 1192 445 1260 Mediolani,
460 1190 520 1246 Vll.
538 1190 596 1246 Gal.
612 1191 745 1262 Augusti,
761 1206 887 1263 propere.

552 1627 729 1692 EPISTULA
751 1627 820 1691 xvl.

164 1822 357 1873 rulluclscus
372 1822 539 1873 uurnlncn
552 1823 711 1873 GULlELliO
728 1821 905 1872 vunuuuusl
920 1820 1057 1870 onerum
1079 1821 1105 1871 S.
1123 1823 1152 1871 Ρ.
1170 1823 1199 1871 Ι).

246 1989 316 2060 Spe,
332 2005 416 2059 quam
429 1989 522 2043 animo
537 1993 713 2059 conceperat,
729 1986 810 2040 malis
822 1984 928 2040 artibus
943 1984 1121 2041 inimicorum

496 2092 525 2130 se
540 2077 670 2132 occidisse
683 2075 873 2148 conqueritur.

244 2319 374 2390 Fesellit
393 2318 517 2411 opinio,
537 2340 619 2411 spes
640 2319 754 2405 illusit,
777 2321 885 2413 pestis
907 2317 1108 2413 quotidiana
1132 2339 1224 2390 mor·

148 2442 277 2514 talium.
299 2441 369 2510 Res
391 2437 485 2510 nulla
506 2438 718 2512 mendacior:
740 2442 824 2512 nulli
845 2452 961 2512 tamen
980 2439 1093 2532 magis
1113 2441 1225 2514 credi-

146 2574 212 2634 tur.
235 2560 395 2633 lliraris‘?
416 2561 522 2650 immo
543 2585 627 2635 vero
647 2562 731 2633 nihil
752 2562 879 2634 minus.
901 2564 985 2634 Rem
1006 2563 1223 2635 notissimam

146 2692 251 2776 atque
284 2683 463 2774 vulgatam
497 2685 640 2776 loquor:
675 2683 738 2756 sed
771 2684 802 2754 si
835 2684 915 2754 mali
946 2683 1051 2755 huius
1080 2706 1224 2757 causam

146 2803 286 2896 quaeris,
308 2804 554 2899 adstipulatrix
580 2805 653 2898 spei
673 2816 728 2876 est
753 2805 906 2875 humana
927 2803 1109 2900 cupiditas
1135 2806 1225 2877 Nihil

146 2946 214 2996 non
231 2927 374 2997 credere
393 2925 536 3013 iuberis,
552 2925 635 2998 dum
653 2926 769 2998 omnia
786 2926 1012 3019 concupiscis.
1032 2928 1153 3021 ltaque
1169 2930 1226 3003 illa

145 3047 264 3132 lallaX,
292 3048 369 3119 heec
389 3048 531 3120 credula
557 3069 621 3118 uos
647 3047 787 3142 decipit.
813 3049 986 3119 Caeterum
1013 3048 1108 3141 quod
1133 3049 1169 3120 iu
1194 3060 1226 3122 te

146 3179 220 3239 erat
239 3168 453 3260 praestitisti;
481 3167 544 3238 sed
568 3168 750 3238 consilium
776 3167 952 3263 iidemque
972 3180 1066 3241 tuam
1095 3181 1131 3242 et
1154 3171 1227 3266 pie

147 3299 252 3360 tatem
267 3289 368 3373 illum,
383 3311 453 3381 qua
466 3310 521 3358 me
539 3289 649 3382 patrio
666 3311 762 3361 more
780 3291 1029 3384 complecteris,
1048 3292 1160 3365 aliena
1177 3301 1227 3364 te·

148 3409 290 3480 meritas
308 3418 412 3502 atque
428 3409 590 3503 iniqnitas
606 3410 863 3506 crudelitasque
880 3414 1047 3485 vicerunt.
1062 3402 1228 3506 Trigemiss

148 3554 272 3603 norum
302 3531 416 3602 acies:
443 3543 562 3603 notum
588 3546 784 3605 certamen:
812 3534 952 3627 indigna
977 3534 1131 3607 victoria:
1159 3535 1228 3606 Sed

149 3653 327 3739 cedamus,
350 3678 393 3726 ne
414 3679 477 3748 per
498 3655 746 3748 impatientiam
771 3657 1025 3729 exacerbemus
1055 3657 1226 3729 iniuriam.

148 3779 240 3849 Nihil
257 3788 312 3848 est
329 3777 499 3870 reliquum
517 3777 584 3848 nisi
601 3778 692 3870 quod
713 3779 851 3871 sapiens
867 3780 1008 3872 quidam
1026 3779 1081 3850 vir
1093 3777 1228 3850 dixisse

148 3901 272 3970 fertur:
315 3908 351 3969 ut
389 3900 550 3970 humanis
587 3899 829 3973 deficientibus
866 3902 1023 3974 divinum
1060 3902 1227 3973 auxilium

149 4027 386 4111 expectemus.
407 4022 492 4094 Vale
510 4023 618 4125 nostri
639 4043 781 4093 mernor.

576 4323 795 4366 ew
