2738 5062
143 682 204 744 tal
480 692 520 741 nn
541 691 642 741 annus
663 690 885 741 rnarnmnmus

143 831 278 907 bonum,
298 823 354 895 sed
371 822 460 917 quod
480 826 556 893 nolo
575 826 700 893 matum
719 824 778 892 boc
796 844 869 914 apo.
895 820 1002 906 Quid,
1023 823 1147 906 amice,
1168 822 1227 895 di-

142 962 222 1023 cent
241 948 295 1020 alii
318 948 348 1019 si
368 947 495 1018 Paulus
518 944 584 1018 boe
602 945 708 1017 dicit?
728 944 800 1015 lam
820 941 915 1035 quod
938 942 1097 1035 sequitur
1113 944 1226 1033 nosti,

142 1071 271 1167 quibus
292 1069 358 1142 boc
378 1068 498 1141 verbis
514 1077 676 1140 excuset:
696 1067 727 1135 si
745 1063 831 1156 quod
846 1068 932 1149 noto,
948 1064 1070 1156 inquit,
1088 1086 1148 1159 apo
1163 1066 1229 1139 boc

140 1196 242 1285 facio,
260 1195 329 1263 iam
349 1214 417 1261 non
438 1212 496 1282 eqo
520 1212 636 1282 operor
654 1187 752 1275 illud,
772 1186 830 1259 sed
852 1186 937 1278 quod
961 1189 1084 1259 habitat
1108 1188 1148 1259 in
1170 1210 1230 1260 mc

109 1326 114 1334 '
141 1326 321 1410 peccatum.
342 1311 481 1405 Anceps
501 1311 695 1407 penitus-et
707 1310 879 1406 protunda
895 1308 1086 1396 conclusio,
1100 1331 1231 1402 quam-

142 1445 353 1532 quocontra
374 1459 429 1508 me
448 1436 540 1507 verti
560 1456 664 1528 posse
680 1454 750 1505 non
772 1431 916 1505 inficior.
942 1431 1012 1505 Sed
1032 1431 1136 1504 modo
1153 1454 1230 1504 non

143 1569 248 1631 vacat
271 1557 327 1629 his
352 1555 563 1629 incumbere.
597 1556 743 1647 Signare
774 1564 894 1627 autem
927 1554 1040 1625 locum
1070 1552 1155 1625 libet
1179 1554 1231 1629 ad

142 1703 246 1776 quem
268 1679 407 1763 redeas,
430 1679 460 1750 si
480 1676 621 1771 quando
640 1678 800 1750 fortassis
822 1675 883 1747 tibi
903 1677 1024 1749 talium
1043 1697 1130 1749 cura
1146 1676 1228 1751 erit

142 1804 302 1876 Psalmus
322 1813 377 1874 est
396 1801 608 1873 centesimus
628 1800 786 1873 decimus
807 1811 965 1872 octavus.
987 1798 1040 1869 lbi
1059 1820 1129 1871 non
1144 1820 1229 1895 pro-

142 1929 199 1998 cul
219 1948 239 1998 a
260 1924 428 2020 principio
448 1923 516 1994 iste
536 1923 650 1995 nodus
670 1921 879 2014 apostolicus
899 1922 1070 1994 acerrima
1084 1920 1227 2015 quidem

141 2048 329 2141 Augustini
349 2046 586 2141 disputatione
606 2045 804 2117 resolvitur.
830 2043 930 2116 Nunc
953 2045 1086 2116 leviora
1107 2064 1227 2138 prose·

142 2194 303 2265 quamur.
322 2170 415 2253 Quid
430 2170 523 2240 enim
541 2169 616 2265 ipse
633 2180 731 2262 pater
746 2166 981 2260 Augustinus,
995 2166 1081 2260 quid
1097 2166 1226 2261 agebat

141 2293 199 2361 illo
230 2290 470 2361 conversionis
497 2312 573 2363 snae
597 2292 669 2372 die,
704 2289 799 2361 etin
824 2288 881 2359 illa
907 2286 1138 2361 saluberrima
1162 2290 1226 2363 sed

140 2409 339 2483 difficillima
355 2409 609 2482 conflictatione
625 2408 732 2481 animi
749 2409 833 2481 dum
850 2408 897 2480 ad
914 2408 1095 2481 meliorem
1113 2421 1226 2483 trans-

141 2534 191 2605 ire
211 2533 317 2603 vitam
339 2533 458 2617 vellet,
478 2553 542 2604 nec
565 2531 750 2603 transiret?
769 2531 1105 2623 Quibusaestuabat
1118 2555 1224 2626 ango·

141 2656 254 2738 ribus,
274 2654 401 2748 quibus
421 2655 569 2726 stimulis
587 2653 788 2745 urgebatur,
807 2661 843 2725 et
860 2665 974 2726 tamen
992 2655 1158 2746 pestifero
1174 2666 1223 2729 te-

141 2778 288 2849 nebatur
307 2781 417 2849 iraeno
437 2800 481 2849 ne
502 2777 679 2862 transiret,
701 2799 772 2869 quo
792 2798 861 2848 non
887 2798 1015 2868 magno
1040 2784 1220 2870 apparatu,

141 2901 203 2973 sed
230 2903 303 2973 sola
328 2882 506 2972 voluntate
537 2898 785 2973 transeundum
818 2903 919 2971 erat?
950 2897 1098 2982 Quando
1129 2900 1222 2993 quod

140 3026 316 3115 eleganter
336 3025 482 3095 Flaccus
503 3023 637 3094 irridet:

260 3222 389 3285 Strenua
408 3235 463 3282 nos
480 3224 602 3281 exercet
619 3217 740 3280 inertia:
760 3214 889 3279 navibus
905 3223 998 3296 atquo

260 3320 419 3397 Quadrigis
436 3319 569 3398 petimus
584 3318 661 3381 benc
678 3316 796 3379 vivero.
814 3316 900 3389 Quod
918 3317 1004 3396 petis,
1024 3316 1072 3380 hic
1090 3326 1144 3381 est.

140 3511 242 3581 Libet
262 3512 347 3579 tanti
365 3511 434 3579 viri
457 3511 548 3581 illius
574 3511 756 3602 angustias
784 3512 1002 3596 meminisse,
1028 3524 1064 3586 et
1088 3513 1221 3587 intesti-

140 3654 223 3703 num
244 3631 329 3701 illud
349 3630 454 3701 animi
475 3631 530 3702 sui
551 3631 693 3717 bellum,
716 3633 842 3726 inquo
862 3633 954 3707 siout
975 3634 1119 3727 dignum
1146 3647 1222 3708 erat

139 3776 222 3847 pars
253 3752 391 3824 tandem
416 3752 508 3824 victa
533 3754 685 3826 deterior
716 3755 949 3828 clarissimum
982 3768 1018 3829 et
1049 3764 1221 3831 aeternum

140 3878 272 3950 meliori
294 3876 444 3972 praebuit
466 3878 687 3972 triumphum.
715 3877 823 3972 ldque
847 3902 890 3952 eo
915 3880 1078 3953 libentius
1103 3904 1223 3955 recor·

139 4000 205 4070 dor
224 4001 305 4093 quia
326 4023 383 4073 ros
404 4002 439 4071 in
460 4002 527 4073 hac
546 4000 666 4073 eadem
693 4000 792 4087 urbe,
816 4003 874 4074 ubi
899 4026 965 4095 ogo
990 4027 1082 4077 nunc
1108 4006 1223 4078 simile

141 4123 304 4214 quiddam
325 4125 497 4219 experior,
517 4136 617 4217 gesta
632 4135 697 4195 ost.
715 4125 891 4198 Ambrosii
912 4126 1054 4199 basilica
1072 4131 1148 4200 sola
1166 4141 1224 4203 est

140 4248 230 4315 inter
250 4248 391 4317 domum
414 4270 515 4350 quam
538 4248 706 4331 inhabito,
726 4259 762 4319 et
777 4252 967 4345 cappellam
990 4252 1223 4345 perexiguam

142 4366 200 4439 ubi
226 4367 258 4436 in
281 4390 406 4441 arcano
425 4370 585 4441 conllictu
605 4370 849 4443 dissidentium
876 4395 1053 4457 curarum,
1078 4376 1223 4449 tandem

141 4491 251 4561 victor·
271 4488 486 4580 Augustinus
509 4496 720 4565 sacrofonte
746 4493 932 4567 abeodem
960 4500 1049 4568 lotus
1071 4498 1226 4573 Ambro-
