2738 5062
159 675 198 736 't'0
499 684 541 732 ult
562 682 663 731 nunus
683 680 905 731 ruminamus

157 825 237 918 quis
257 844 346 906 eam,
368 819 488 913 inquit,
508 840 614 911 quam
637 817 721 889 nulli
738 815 954 901 ostenderet,
976 816 1089 889 induit
1107 839 1240 915 purpu-

158 949 255 1018 ram‘l
271 944 359 1017 blira
379 941 520 1036 quidem
536 939 710 1013 dementia
723 949 853 1011 statum
868 948 1026 1010 nostrum
1045 960 1117 1013 uon
1133 941 1240 1015 animi

157 1066 301 1151 ratione,
325 1063 389 1137 sed
407 1064 504 1155 vulgi
524 1065 641 1134 lurore
655 1059 838 1144 moderari,
853 1071 890 1131 et
905 1061 940 1130 in
956 1060 1141 1133 consilium
1155 1063 1238 1137 vitae

156 1199 289 1263 nostrae
307 1187 384 1259 illos
409 1185 601 1270 admittere,
627 1205 777 1276 quorum
802 1181 903 1255 nobis
927 1182 1002 1253 vita
1025 1183 1238 1279 contemptui

155 1322 222 1384 est.
242 1311 351 1382 Nemo
370 1308 611 1382 cicatricosum
630 1317 727 1397 tergo
743 1305 885 1389 ducem,
905 1326 1007 1377 nemo
1024 1304 1237 1397 gubernato-

156 1456 229 1505 rem
250 1432 441 1524 naufragiis
461 1430 632 1521 insignem
651 1427 764 1521 eligit:
790 1425 868 1498 illos
884 1426 1046 1519 legimus,
1065 1448 1157 1521 quos
1173 1428 1236 1501 mi-

156 1578 285 1641 ramur,
320 1555 387 1627 illis
420 1554 575 1625 solemus
604 1561 725 1624 nostra
748 1549 981 1635 committere,
1007 1572 1098 1643 quos
1118 1573 1236 1625 rerum

155 1698 298 1749 suarum
319 1673 571 1747 administratio
587 1676 701 1746 claros
722 1671 814 1744 tacit.
840 1674 961 1765 ltaque
986 1674 1119 1765 vulgus
1143 1672 1237 1747 iusu-

154 1795 381 1883 numenius
413 1817 531 1868 mores
564 1796 694 1881 rideas,
732 1795 834 1867 cuius
866 1816 1006 1867 omnem
1039 1793 1235 1888 opinionem

154 1918 333 2012 vitamque
352 1915 542 2011 despicias,
570 1915 605 1985 in
631 1914 788 1987 moribus
815 1914 883 1986 tuis
913 1913 1027 2008 sequi,
1047 1916 1235 2009 plusquam

153 2037 346 2129 vulgariter
362 2034 566 2106 insanientis
578 2044 644 2109 est.
663 2036 707 2108 Ut
722 2036 815 2106 enim
832 2046 984 2128 coeptum
1002 2036 1159 2130 sequar(
1220 2077 1235 2089 ·

154 2167 210 2231 set
227 2156 386 2238 ambitio,
410 2166 447 2228 et
471 2157 601 2246 vulgus
627 2157 745 2251 procul
774 2157 925 2249 exalet),
949 2166 1081 2260 quanto
1102 2157 1235 2233 viritior

153 2291 259 2373 atque
298 2279 344 2367 ad
383 2297 506 2350 omnes
545 2278 820 2371 opportunitates
861 2278 991 2372 aptior,
1031 2291 1234 2377 quantoque

153 2400 363 2473 tractabilior
379 2409 434 2472 est
456 2398 565 2470 vestis
591 2399 742 2492 plebeia,
770 2421 875 2492 quam
901 2401 1022 2493 regia?
1046 2402 1156 2477 Nobis
1182 2413 1235 2476 ta·

152 2545 233 2595 men
253 2543 296 2593 eo
317 2532 472 2615 tempore
493 2522 595 2613 longe
615 2519 715 2592 aliter
735 2520 935 2609 videbatur,
956 2547 1106 2617 quorum
1127 2525 1233 2601 studii

151 2643 350 2737 laborisque
371 2641 519 2736 pretium
537 2651 614 2713 erat
628 2642 795 2738 conspici,
817 2653 870 2727 et,
889 2654 926 2716 ut
945 2644 995 2717 ait
1010 2645 1082 2729 ille,
1155 2742 1160 2749 ι

471 2821 565 2901 digito
583 2822 747 2885 monstrari
765 2829 795 2885 ct
811 2822 920 2899 dicier,
937 2824 985 2886 bic
1004 2830 1061 2887 est.

148 3007 258 3092 Quam
276 3005 481 3080 Hortensius
493 3017 611 3078 orator
623 3005 687 3077 luit
698 3007 837 3077 clarus?
853 3004 919 3077 sed
935 3004 1105 3080 dilicatior
1123 3030 1228 3103 quarn

147 3128 269 3201 deceat
288 3129 420 3213 virum,
447 3141 483 3200 et
507 3132 628 3200 formae
656 3149 726 3197 non
755 3128 870 3200 minus
895 3150 1001 3220 quam
1021 3130 1230 3224 eloquentia

147 3249 351 3321 studiosus?
371 3249 557 3339 Nunquam
590 3251 731 3338 speculo
761 3248 956 3323 inconsulto
985 3251 1020 3321 in
1052 3252 1229 3345 publicum

146 3368 331 3461 processit:
356 3369 392 3437 in
411 3369 469 3440 illo
495 3388 534 3440 se
558 3390 710 3456 comere,
738 3370 772 3441 in
798 3350 856 3442 illo
883 3393 922 3443 se
949 3373 1083 3459 mirari,
1112 3375 1147 3448 in
1172 3376 1230 3448 illo

146 3492 282 3562 vultum
305 3498 494 3583 togamque
514 3513 722 3585 componere
741 3506 982 3567 consueverat.
1009 3496 1119 3568 Multa
1145 3482 1229 3570 suut

144 3612 222 3684 eius
240 3613 306 3684 viri
327 3610 525 3697 muliebria,
548 3611 612 3684 sed
633 3613 715 3686 illud
730 3615 763 3684 in
777 3614 914 3710 primis:
928 3618 1097 3709 collegam
1112 3640 1226 3705 suum,

143 3735 239 3826 quod
256 3734 285 3805 is
302 3755 388 3807 casu
408 3732 536 3806 obvius
557 3743 653 3806 arcto
665 3734 815 3828 quodam
830 3737 906 3807 loco
921 3757 960 3808 se
973 3737 1007 3807 in
1022 3760 1104 3809 eum
1118 3740 1228 3835 impe

143 3855 263 3947 gisset,
282 3868 319 3928 et
338 3853 565 3929 artificiosum
581 3879 628 3929 ex
649 3857 795 3929 humero
815 3867 906 3949 togae
920 3858 1034 3930 sinum
1050 3860 1229 3934 turbasset

142 3977 318 4051 collisione
340 3979 493 4065 fortuita,
517 3979 719 4052 iniuriarum
740 4001 907 4053 accusare
927 3983 1105 4069 sustinuit,
1129 4007 1227 4077 pror-

142 4119 205 4171 sus
230 4102 376 4173 leminea
396 4101 565 4175 vanitate:
586 4102 688 4196 quasi
714 4101 859 4196 capitale
883 4103 1013 4176 crimen
1033 4115 1131 4176 esset
1157 4117 1226 4179 tam

140 4223 322 4315 compositi
342 4225 498 4309 habitus,
518 4249 623 4318 quam
650 4224 801 4297 bominis
827 4224 982 4297 offensio.
1004 4226 1084 4311 NoS,
1108 4230 1225 4315 irater,

140 4345 207 4416 etsi
227 4347 310 4417 nulli
331 4347 423 4419 diem
445 4347 601 4419 diximus
627 4346 675 4419 ob
700 4346 871 4418 eiusmodi
906 4346 1081 4434 iniuriam,
1109 4352 1226 4424 animo

141 4477 257 4542 tumen
277 4470 370 4542 baud
388 4466 567 4542 absimiles
588 4469 729 4541 luimus.
748 4467 816 4540 Sed
832 4479 865 4541 tc
881 4470 926 4542 de
940 4469 1044 4543 tantis
1061 4493 1225 4547 errorum
