2738 5062
370 612 462 663 uinea
484 612 979 665 uncinusraarrus.-rrrsr0nn
1000 617 1029 664 x.
1178 604 1235 666 257

171 776 186 813 ι
212 746 642 821 Ciceronlshumanitatem
657 751 788 842 loquar,
796 749 856 842 qui
871 750 1050 821 immemor
1065 752 1145 823 iusti
1158 752 1236 837 odii,

169 900 184 934 a
211 871 411 944 durissimis
427 873 529 942 etiarn
551 871 763 943 adversariis
785 874 857 943 suis
880 873 984 944 lavit?
1004 875 1095 959 Quid
1117 877 1241 947 multe

169 1021 184 1056 i
212 1016 302 1076 rum,
321 992 382 1085 qui
402 1013 497 1088 saepe
513 992 702 1064 levissimis
722 1015 769 1064 ex
789 995 905 1065 causis
926 995 1154 1086 gravissimas
1175 995 1241 1069 ini-

126 1164 128 1169 ·
168 1149 182 1179 a
211 1114 358 1186 micitias
378 1119 577 1187 exuerunt?
596 1114 703 1187 Vobis
727 1117 832 1188 nullae
857 1117 1044 1189 inimicitiae
1064 1117 1242 1212 deponen-

167 1264 181 1297 ι»
210 1237 349 1320 dae3sed
361 1237 486 1330 priscae
498 1238 850 1309 dumtaxatamicitiae
861 1216 1025 1310 memoria
1038 1240 1239 1315 renovanda

166 1388 182 1426 i
208 1369 274 1431 est.
290 1360 447 1452 Cogitate
464 1361 627 1454 quidnam
644 1361 721 1432 mali
741 1361 774 1431 in
788 1360 962 1433 discordia
975 1373 1044 1446 est;
1059 1373 1098 1433 ut
1110 1386 1238 1456 magna

166 1483 290 1557 solim
316 1483 460 1575 fregerit
485 1483 636 1577 imperia.
664 1484 743 1576 lpsa
770 1504 849 1575 quae
870 1506 987 1577 parem
1009 1507 1078 1556 non
1099 1486 1236 1568 habuit,

165 1634 180 1670 a
207 1607 275 1678 nisi
296 1607 393 1678 lallor
413 1606 571 1698 augurio,
591 1628 655 1677 nec
672 1605 827 1690 habebit,
855 1630 998 1681 romana
1018 1609 1234 1703 Respublica,

165 1756 180 1794 a
207 1749 288 1823 quae
314 1728 482 1799 virtulum
504 1726 802 1799 innumerabilium
824 1730 1057 1802 fundamentis
1078 1743 1234 1817 steterat,

164 1879 179 1915 »
205 1874 268 1946 per
288 1851 496 1924 discordiam
520 1853 628 1921 solam
646 1851 724 1920 ruit.
743 1853 787 1922 Et
806 1863 891 1945 quot
907 1852 1085 1925 hominum
1103 1854 1236 1927 discor-

163 2001 179 2039 »
203 1973 273 2057 dia,
292 1976 438 2067 quaeso?
454 1974 577 2044 Procul
592 1972 698 2043 dubio
719 1995 919 2065 paucorum.
936 1977 1007 2046 Vix
1024 1977 1161 2071 singula
1182 1978 1236 2048 vi-

163 2124 178 2161 »
204 2117 323 2168 rorum
340 2095 438 2191 paria
455 2094 600 2185 singulis
619 2093 782 2165 aetatibus
801 2109 1035 2184 occurrerent,
1051 2099 1231 2192 quibuss'

161 2249 177 2286 ι
202 2241 348 2293 concers
368 2220 505 2291 animus
531 2220 667 2305 luisset,
692 2220 786 2295 salus
807 2222 944 2317 publica
969 2246 1039 2296 non
1059 2226 1223 2318 periisset

161 2371 177 2408 ι
203 2344 322 2426 Multa,
345 2342 466 2428 fateor,
483 2366 502 2414 a
517 2344 634 2416 multis
648 2366 688 2416 ae
701 2343 788 2417 dura
805 2348 988 2440 pertulisse
1002 2349 1114 2433 Italos,
1129 2357 1165 2420 et
1178 2351 1231 2420 in-

160 2494 176 2531 »
205 2467 341 2539 terdum
358 2465 483 2537 iudicio
498 2466 701 2552 decessisse,
714 2478 749 2539 et
764 2467 808 2539 ad
816 2469 988 2560 fatendum
1001 2475 1138 2563 coepisse
1150 2473 1230 2568 (sic).

160 2618 176 2655 a
203 2589 291 2661 lllud
305 2590 386 2659 mihi
401 2611 502 2660 nemo
515 2591 705 2683 negaverit,
720 2592 868 2664 maiores
884 2605 1022 2665 nostros
1037 2617 1173 2687 semper
1185 2619 1232 2668 ex

158 2742 174 2783 a
202 2712 456 2785 calamitatibus
474 2714 683 2785 surrexisse.
703 2714 822 2807 ltaque
839 2715 883 2786 de
900 2715 1001 2785 vobis
1020 2738 1089 2786 nou
1108 2717 1231 2802 ludus,

159 2867 175 2903 a
201 2859 268 2910 non
284 2836 477 2922 Hiberiam,
492 2860 561 2908 non
574 2837 726 2919 Cimber,
743 2861 811 2907 non
824 2838 980 2921 Maurus,
999 2861 1067 2909 non
1088 2839 1230 2933 Scytha,

158 2988 174 3025 a
199 2983 269 3033 non
287 2959 457 3053 AEthiopS,
477 2981 546 3030 non
563 2959 660 3045 Aser,
680 2981 749 3030 non
767 2961 944 3030 Teutonus
965 2962 1142 3050 glorietur,
1162 2983 1231 3032 non

156 3112 172 3149 ι
200 3087 359 3157 Brennus
380 3082 460 3154 inde
478 3081 668 3177 superbiat,
688 3105 756 3155 non
771 3083 942 3180 Pyrrhus,
957 3106 1027 3155 non
1040 3084 1227 3177 Philippus

156 3235 172 3272 ι
199 3230 269 3280 non
286 3207 450 3290 Perseus,
469 3229 537 3277 non
556 3205 714 3301 Syphax,
734 3227 804 3278 non
821 3202 1051 3290 Mithridates,
1073 3227 1141 3276 non
1159 3204 1231 3276 An-

156 3359 171 3395 »
199 3328 348 3414 tiechuS,
370 3350 439 3399 non
460 3328 642 3411 Hannibal,
658 3351 725 3399 non
739 3329 895 3419 lugurta:
912 3327 1060 3399 victores
1075 3330 1228 3421 gentium

155 3484 170 3521 a
198 3477 239 3527 ac
264 3476 398 3545 regum,
421 3451 512 3523 civili
532 3450 705 3524 discordia
725 3450 807 3522 victi
829 3450 931 3535 estis,
952 3473 1033 3545 quae
1048 3452 1085 3545 ,si
1105 3475 1229 3547 respu-

154 3608 169 3643 i
196 3577 315 3660 blicas,
332 3576 361 3647 si
375 3597 459 3668 opes
473 3575 587 3666 regias
600 3573 739 3653 evertit,
753 3573 838 3667 quid
851 3573 994 3666 privatis
1014 3577 1227 3668 sperandum

152 3729 167 3765 a
195 3700 334 3772 familiis
361 3708 467 3790 atque
487 3697 611 3792 opibus
638 3698 876 3789 singulorum?
900 3726 916 3761 s
940 3700 1022 3769 Haec
1041 3709 1077 3768 et
1104 3699 1158 3770 his
1181 3701 1229 3769 si-

147 3823 240 3895 milia
261 3825 289 3894 si
312 3821 492 3894 vobiscum
514 3820 621 3892 Amor
640 3823 696 3892 vel
717 3819 877 3892 Amicitia
905 3822 1115 3914 loqueretur,
1143 3822 1228 3914 quid

145 3946 277 4019 iussuri
297 3944 448 4016 essetis?
469 3945 552 4014 Puto
577 3964 646 4013 non
672 3942 765 4014 aliud
798 3942 864 4014 nisi
895 3965 961 4015 vas
996 3944 1031 4012 in
1065 3943 1226 4016 manibus

144 4071 221 4144 eius
239 4073 330 4141 ferre
350 4091 415 4138 nec
439 4068 617 4162 imperium
641 4087 813 4136 recusare.
835 4064 940 4159 Atqui
962 4088 1023 4158 per
1049 4088 1089 4137 os
1111 4091 1224 4139 mcum

143 4193 198 4267 ille
219 4191 322 4263 vobis
349 4191 424 4261 haec
446 4189 606 4282 loquitur.
634 4190 719 4256 Date
743 4206 880 4267 manus,
908 4186 1070 4259 adhibete
1098 4209 1223 4268 aures,
1287 4252 1292 4261 .

141 4316 289 4389 obsecro
307 4337 387 4398 vos,
406 4311 510 4409 persi
526 4311 608 4404 quid
627 4317 796 4391 sanctum,
814 4307 841 4378 si
860 4309 944 4401 quid
962 4309 1071 4402 pium,
1091 4310 1120 4382 si
1139 4309 1223 4403 quid

140 4442 264 4512 efficax
299 4439 387 4508 iuter
414 4438 575 4506 uiarlales
610 4443 726 4504 restat.
749 4433 823 4503 Non
859 4457 984 4525 magna
1016 4441 1219 4527 pascuatam

271 4571 294 4607 u.
1039 4557 1066 4602 ll
