2738 5062
142 643 179 702 18
479 650 520 698 ou
541 647 641 698 nauus
661 644 882 696 rettulinmus

140 787 257 883 pando
282 784 524 879 probavimus,
552 782 631 875 quis
657 779 755 851 labor
779 800 930 872 magnus
955 779 1068 852 videri
1101 779 1223 869 debet,

140 931 211 1003 quo
230 907 274 979 ad
296 918 462 979 aetemam
480 903 728 976 beatitudinem
750 902 974 997 pervcnitur?
990 899 1093 975 Absit
1108 904 1224 997 segni-

143 1031 216 1115 ties,
239 1032 386 1122 languor
412 1027 591 1100 abscedat.
612 1028 701 1097 Dum
723 1022 892 1095 matutino
915 1035 1070 1119 tempore
1088 1026 1225 1099 excita-

142 1156 203 1238 ris,
224 1154 270 1225 ad
289 1153 446 1225 divinum
469 1161 502 1222 te
526 1148 736 1243 colloquium
756 1146 895 1219 evocari
915 1146 1057 1219 credito.
1084 1148 1131 1218 Et
1154 1147 1223 1221 heu

140 1276 301 1368 quotiens
322 1295 387 1347 nos
413 1273 567 1345 mortalis
593 1269 722 1342 domini
749 1268 868 1340 iussus
892 1268 1036 1354 excivit,
1061 1272 1224 1363 quotiens

141 1399 303 1491 perieulis
324 1418 365 1469 ac
385 1394 564 1467 laboribus
584 1391 732 1464 obiecit:
749 1400 786 1462 et
804 1391 894 1484 quis,
915 1412 976 1462 oro
997 1401 1047 1476 te,
1067 1395 1225 1467 lruotusl

141 1541 265 1614 nempe
284 1517 421 1590 nonnisi
442 1515 592 1588 amicitia
611 1517 771 1598 humana,
786 1534 924 1607 anceps,
940 1513 1145 1607 periculosa,
1158 1516 1225 1589 dil-

143 1640 252 1712 ficilis.
275 1640 349 1712 Tibi
369 1640 518 1711 amicitia
531 1638 649 1710 divina
662 1635 866 1732 proponitur
880 1645 985 1721 certa,
1007 1656 1141 1723 secura,
1163 1660 1225 1734 pu-

143 1763 271 1837 rabills.
287 1763 397 1835 Crede
411 1763 512 1834 milri:
531 1761 631 1833 cadet
644 1782 691 1833 ex
711 1761 827 1831 animo
844 1758 997 1845 taedium,
1013 1779 1159 1831 somnus
1176 1782 1223 1833 ox

142 1887 261 1970 oculis,
276 1909 355 1958 oum
370 1885 430 1956 tibi
452 1883 676 1979 proposueris
697 1891 880 1953 vocantem
898 1883 1019 1966 Deum
1039 1889 1076 1952 et
1093 1880 1223 1977 optimo

142 2019 256 2079 tecum
272 2009 330 2098 agi
344 2007 483 2089 senties,
498 2005 592 2100 quod
605 2003 761 2097 vigilare,
777 2004 885 2094 vulgo
896 2000 1028 2074 circum
1041 2012 1219 2089 stertente,

143 2128 711 2220 iubearisMosimperatorumest
724 2122 877 2220 probatis
892 2123 1058 2197 militibus
1071 2124 1222 2198 difficilia

142 2247 375 2319 committere:
394 2246 479 2319 dum
498 2249 601 2341 coqui
625 2248 885 2342 piscatoresque
904 2254 951 2329 et,
977 2255 1016 2316 ut
1037 2248 1224 2320 Horatiano

144 2390 306 2442 sermone
326 2381 412 2454 utar,
439 2368 702 2440 ambubaiarum
723 2367 867 2460 collegia
881 2367 1096 2440 circulorum
1110 2368 1225 2465 Cupo

143 2492 315 2566 dinarium
333 2493 509 2576 oberrant;
533 2492 583 2564 illi
603 2492 692 2565 inter
713 2492 846 2585 gladios
867 2515 908 2566 ao
927 2495 996 2564 tela
1019 2504 1222 2579 versantur,

143 2624 179 2687 ot
199 2613 388 2707 periculum
409 2615 533 2706 ingens
554 2615 649 2686 tenui
670 2615 778 2708 gloria
799 2617 1030 2688 consolantur.
1054 2615 1143 2686 Cum
1163 2637 1226 2688 au-

145 2750 211 2811 tem
234 2737 366 2809 orando
385 2738 532 2830 colloqui
550 2737 712 2833 coeperis,
734 2737 899 2829 gaudium
920 2758 998 2808 cum
1025 2716 1226 2811 reverentia

142 2859 304 2942 certabit,
334 2869 372 2932 ut
396 2860 592 2933 insomnem
623 2869 658 2931 te
690 2869 795 2952 atque
828 2860 1012 2952 impigrum
1039 2858 1107 2931 sub
1132 2870 1226 2934 tauto

143 2983 304 3077 praebeas
325 2992 530 3078 spectatore.
552 2981 691 3056 Audisti
711 3002 759 3053 ex
779 2980 943 3065 historiis,
965 2979 1072 3052 Marci
1085 2981 1225 3054 Catonis

144 3107 278 3192 milites
301 3107 357 3178 illo
378 3116 563 3200 praesente,
582 3114 618 3175 et
638 3104 730 3176 sitim
750 3114 787 3175 et
805 3105 986 3197 pulverem
1002 3112 1179 3178 etaestum
1191 3114 1226 3177 ot

144 3238 344 3322 serpentum
366 3248 505 3298 morsus
524 3228 670 3296 tolerare
688 3225 816 3309 solitae,
834 3235 870 3296 et
886 3225 953 3297 sub
969 3225 1026 3296 illo
1043 3234 1134 3299 leste
1151 3226 1227 3299 siue

144 3349 277 3440 gemitu
298 3370 338 3419 ao
359 3348 519 3420 lamentis
539 3347 757 3420 occumbere.
779 3347 917 3419 Audisti
943 3350 1101 3420 Scaevam
1128 3348 1225 3421 illum

144 3471 265 3542 fortem
286 3471 522 3565 potiusquam
542 3470 673 3542 iustum
699 3470 823 3557 virum,
843 3471 911 3542 sub
926 3470 1036 3543 oculis
1054 3471 1109 3543 sui
1126 3471 1226 3545 ducis

144 3615 212 3665 non
234 3593 336 3666 modo
358 3615 513 3687 pugnare
539 3595 603 3666 sed
622 3593 710 3666 mori
735 3593 840 3665 etiam
861 3594 1225 3688 exoptantem-Quod

145 3717 174 3788 si
210 3717 365 3788 mortalis
402 3716 531 3788 domiui
564 3718 744 3789 veneratio
776 3726 947 3809 praestare
982 3717 1108 3813 potuit,
1142 3715 1225 3811 quid

144 3839 272 3910 Christi
304 3840 490 3931 praesentia
526 3862 629 3932 posse
666 3838 791 3912 debet?
819 3840 853 3910 ls
878 3839 1040 3933 equidem
1067 3860 1137 3911 non
1162 3861 1225 3911 ex·

144 3960 335 4056 pectendos
358 3971 397 4033 ut
416 3961 546 4047 veniat,
575 3962 666 4034 siout
690 3962 862 4034 Caesarem
893 3984 995 4034 suum
1021 3961 1145 4032 infelix
1169 3961 1226 4034 ille

145 4083 290 4156 bellator
309 4094 483 4180 expectat,
507 4087 570 4158 sed
592 4083 836 4177 suscipiendus
857 4084 1093 4176 colendusque
1113 4082 1226 4156 omni-

145 4202 211 4276 bus
238 4206 322 4278 loois
347 4208 579 4301 omnibusque
607 4206 845 4302 temporibus:
864 4227 1023 4301 praesens
1043 4216 1107 4292 est,
1130 4206 1226 4279 videt

144 4338 243 4400 actus
276 4338 428 4414 nostros,
455 4329 682 4422 cogitationes
715 4328 921 4423 introspicit,
957 4329 1082 4420 ingens
1114 4330 1226 4401 calcar

143 4451 270 4537 animo,
293 4450 360 4523 nisi
379 4455 527 4526 funestae
546 4450 807 4526 consuetudinis
830 4464 946 4545 torpor
964 4449 1122 4525 obsistat.
1144 4451 1225 4545 Epi-
