2738 5062
371 656 462 705 ursus
483 655 908 707 noueremus-unsrun
935 658 1007 705 xrrr.
1169 645 1227 708 2³05

550 959 727 1024 bristout
749 960 828 1025 lttll.

142 1182 147 1191 ·
207 1153 413 1204 ruluctscus
434 1152 601 1201 tutatuta
621 1152 782 1201 utttlltsso
804 1151 908 1200 LONGO
929 1150 1165 1202 lucutullcouo

624 1252 649 1299 S.
672 1251 700 1298 P.
723 1251 752 1298 D.

142 1434 246 1490 Narrat
261 1449 363 1490 mnem
378 1433 437 1488 eius
452 1434 618 1501 venaticum,
632 1439 778 1505 postquam
798 1435 856 1505 ipse
868 1434 1004 1504 discessit,
1017 1436 1131 1489 domum
1145 1452 1223 1490 suam

324 1523 450 1591 uenisse,
467 1529 494 1577 et
510 1524 592 1594 plura
608 1522 756 1576 decanum
772 1521 901 1577 laudibus
914 1523 1045 1577 cumulat.

240 1767 347 1838 Canis
363 1775 444 1837 tuus
457 1767 534 1860 pice
550 1767 692 1858 nigrior,
714 1779 817 1839 vento
835 1767 957 1849 levior,
977 1789 1062 1837 eane
1079 1766 1221 1851 fidelior,

144 1900 176 1962 te
191 1887 366 1983 digresso,
383 1888 538 1961 substitit
554 1892 740 1982 erravitque
757 1891 828 1973 oio,
843 1888 937 1981 quod
949 1888 992 1959 de
1005 1890 1135 1961 Creusa
1148 1889 1225 1960 Vir-

141 2013 248 2105 gilius
269 2013 334 2084 ait:
354 2034 435 2085 nam
448 2013 543 2106 quod
556 2012 727 2105 sequitur,
750 2013 872 2080 lassum
890 2008 1059 2093 resedisse,
1075 2032 1143 2080 non
1164 2033 1225 2081 su-

141 2139 268 2233 spicor.
301 2135 424 2207 Nullus
454 2157 534 2206 eum
567 2156 706 2218 cursus
744 2135 837 2205 nulla
868 2132 1063 2217 difficultas,
1087 2134 1221 2209 viarum

142 2260 315 2354 asperitas
336 2258 430 2328 nulla
463 2258 626 2338 lassaret,
648 2256 708 2349 qui
728 2258 903 2329 volucrem
927 2260 1036 2328 soleat
1068 2281 1108 2330 ao
1139 2282 1223 2352 pen-

141 2383 282 2456 dentem
305 2382 340 2449 in
361 2401 441 2450 aere
469 2383 621 2472 leporem
649 2377 839 2451 incredibili
865 2378 1043 2452 celeritate
1067 2401 1222 2476 praever-

143 2516 227 2577 tere.
252 2504 429 2575 Generosa
450 2501 590 2594 quidem
616 2502 777 2574 animalia
803 2502 900 2573 labor
933 2503 1006 2586 alit,
1036 2504 1222 2575 immodica

143 2630 241 2725 quies
262 2635 374 2697 necat.
395 2623 451 2696 Sic
472 2624 577 2715 igitur
597 2645 715 2695 errore
735 2626 854 2716 procul
875 2623 994 2708 dubio,
1013 2646 1082 2695 non
1103 2624 1221 2694 laboro

144 2758 313 2823 retractus
335 2769 382 2818 ex
403 2747 536 2830 itinere,
559 2756 595 2816 et
614 2745 756 2816 amissis
777 2745 929 2827 indiciis
951 2767 1021 2837 qua
1043 2756 1075 2814 te
1097 2765 1222 2836 seque-

144 2885 238 2946 retur
256 2871 438 2964 ignorans
460 2868 545 2963 quid
565 2866 815 2939 moestissimus
843 2869 983 2955 ageret?
1008 2866 1077 2936 lret
1098 2864 1134 2934 in
1160 2866 1218 2935 sil-

143 3017 205 3068 vas
230 2995 363 3066 vistum
395 2991 459 3064 sibi
491 2991 631 3087 proprio
659 2987 774 3060 studio
793 2987 1029 3081 quaesiturus‘l
1048 2988 1160 3059 Facile
1185 2989 1221 3061 id

142 3119 281 3214 quidem
313 3119 477 3210 nulloque
509 3125 645 3210 poterat
677 3112 806 3196 labore,
840 3110 907 3181 nisi
941 3123 1065 3183 natura
1094 3133 1220 3204 parens

141 3241 346 3324 obstitisset,
373 3251 533 3333 quaeest
559 3249 596 3310 ut
621 3237 686 3309 hoc
710 3235 835 3306 animal
858 3237 976 3327 procul
1008 3233 1054 3307 ab
1083 3232 1221 3306 homine

141 3388 207 3438 non
227 3365 337 3435 vivat.
360 3363 388 3432 E
409 3361 542 3433 cunctis
564 3360 655 3432 enim
677 3359 912 3431 animantibus
932 3381 1012 3452 quae
1033 3359 1100 3431 sub
1116 3357 1220 3430 obse-

141 3489 220 3582 quio
246 3487 399 3558 hominis
422 3494 517 3567 sunt,
539 3486 672 3555 nullum
692 3505 777 3556 eane
803 3482 954 3568 fidelius,
978 3494 1015 3555 ut
1035 3484 1125 3555 sama
1150 3493 1216 3567 est,

140 3612 342 3702 nullumque
363 3608 457 3701 quod
482 3607 596 3679 serius
621 3605 666 3679 ab
691 3605 830 3678 bomine
855 3607 1051 3680 divellatur.
1077 3607 1219 3699 Accepi-

140 3756 233 3820 mus,
253 3732 428 3827 quasdam
454 3739 577 3822 gentes
605 3731 639 3801 in
661 3733 789 3825 praeliis
810 3755 934 3805 eanum
957 3733 1049 3805 acies
1070 3754 1133 3826 pro
1158 3731 1219 3802 sti-

139 3856 326 3950 pendiariis
344 3854 526 3939 habuisse,
541 3858 615 3948 qui,
633 3856 794 3948 quotiens
815 3878 902 3948 opus
927 3867 1036 3936 esset,
1057 3854 1218 3926 fidelissi-

139 4001 229 4052 mam
250 4001 391 4072 operam
410 3989 580 4050 navantes
601 4000 776 4070 nunquam
800 3981 955 4073 praelium
975 3980 1216 4050 detrectarent.

139 4102 314 4194 Legimus,
328 4101 499 4194 quosdam
512 4123 616 4173 canes
632 4102 731 4171 morti
748 4124 786 4172 se
802 4125 861 4193 pro
876 4100 1025 4173 dominis
1037 4100 1214 4185 obiecisse,

139 4234 171 4294 et
186 4227 276 4298 alios
298 4226 441 4319 quidem
464 4248 547 4297 suos
569 4235 711 4296 strenue
732 4246 771 4295 ac
792 4223 934 4295 feliciter
950 4222 995 4295 ab
1014 4223 1138 4294 iniuria
1155 4225 1215 4295 de-

141 4347 301 4420 fendisse.
337 4348 432 4418 Alios
467 4368 533 4417 non
569 4347 682 4417 minus
716 4344 863 4416 fideliter
887 4345 950 4417 sed
971 4345 1084 4416 minus
1105 4348 1216 4416 fauste

141 4472 339 4563 protexisse
372 4468 516 4554 laludio,
544 4470 653 4543 doure
685 4471 746 4563 ipsi
773 4470 1050 4555 consulerentur,
1075 4479 1123 4545 ut,
1149 4469 1213 4536 nisi
