2738 5062
169 610 229 673 380
504 622 545 671 nn
566 622 666 672 nunus
688 620 909 673 rnuurrnruus

169 755 237 829 Sed
254 768 292 828 ut
309 755 354 828 ed
371 777 444 826 rem
463 756 609 839 veniam,
631 756 760 839 audivi,
784 765 897 849 pater,
918 766 955 827 et
973 776 1087 849 usque
1108 758 1144 829 in
1166 762 1257 834 soli-

169 879 297 951 tudinis
311 899 399 949 meae
413 878 563 949 latebras
579 880 685 950 tristis
700 880 842 951 nuntius
857 881 949 951 venit
962 880 1061 971 gravi
1076 890 1111 951 te
1125 883 1257 956 morbo

168 1022 336 1095 corporeo
368 999 535 1070 laborare.
571 1000 645 1071 Non
678 1009 717 1071 ιιι
748 1021 882 1091 aegrum
916 1010 1031 1072 tamen
1069 1002 1253 1095 alloquor,

169 1144 271 1215 spero
304 1122 396 1192 enim
429 1119 523 1211 quod
551 1120 633 1191 dum
660 1121 705 1192 ad
730 1141 788 1190 me
811 1122 1031 1212 agritudinis
1058 1131 1127 1194 tuae
1153 1126 1253 1197 tama

169 1246 299 1336 perlata
318 1254 390 1325 est,
412 1243 479 1312 iam
501 1264 608 1313 sanus
628 1251 745 1327 entes,
765 1253 899 1315 etcum
920 1243 965 1313 ad
986 1256 1019 1316 te
1039 1246 1152 1316 littera
1180 1246 1254 1319 ista

168 1365 375 1462 pervenerit,
398 1366 530 1437 nullum
557 1365 666 1436 morbi
688 1365 878 1457 vestigium
899 1376 1078 1459 repertura
1096 1369 1153 1440 sit.
1181 1371 1254 1442 lta-

169 1511 238 1580 que
257 1487 415 1557 lioentius
437 1507 556 1578 vagor.
579 1486 727 1557 Fatebor
746 1497 862 1557 autem
891 1486 950 1557 tibi
977 1487 1250 1565 imbecillitatem

169 1630 294 1680 meam.
324 1607 378 1678 Ad
411 1609 556 1700 primum
589 1609 703 1679 moesti
730 1608 878 1679 rumoris
904 1607 1104 1694 adventum,
1129 1623 1167 1684 ut
1192 1633 1252 1685 me

170 1729 341 1800 hominem
369 1729 612 1823 potiusquam
639 1728 883 1824 philosophum
909 1730 1014 1813 scias,
1042 1731 1250 1816 humanitus

170 1850 298 1923 inrlolui
321 1872 432 1943 usque
456 1851 556 1935 adeo,
581 1862 619 1921 ut
638 1851 753 1921 subito
779 1850 813 1920 in
834 1871 1018 1923 moerorem
1043 1853 1124 1923 laeta
1148 1854 1251 1947 prius

169 1972 226 2043 otii
242 1973 308 2044 mei
323 1972 550 2064 tranquillitas
569 1980 771 2055 verteretur,
792 1982 829 2043 et
845 1973 921 2067 ipse
936 1972 1042 2042 animi
1064 1973 1132 2045 mei
1151 1994 1250 2067 saepe

170 2092 345 2163 mollitiem
360 2093 580 2183 castigarem.
595 2093 645 2162 Re
655 2103 770 2164 autem
785 2114 871 2163 vera
884 2114 951 2164 non
966 2100 1036 2162 tam
1052 2092 1128 2173 tibi,
1141 2114 1248 2185 quem

172 2214 329 2284 modeste
351 2233 392 2281 ac
411 2211 543 2283 fortiter
566 2212 687 2283 tulisse
707 2214 822 2285 omnia
845 2223 881 2284 et
899 2215 1050 2286 laturum
1075 2235 1159 2287 esse
1181 2237 1252 2287 non

168 2334 302 2415 dubito,
323 2354 429 2423 quam
449 2334 688 2406 amantissimo
712 2335 858 2425 genitori
880 2345 939 2406 tuo
958 2334 1120 2407 affectum
1141 2310 1251 2409 tantae

168 2453 421 2548 compassionis
440 2452 595 2524 exhibui.
622 2456 681 2524 llle
702 2455 792 2525 enim
816 2457 849 2525 in
877 2456 1038 2527 membris
1060 2456 1130 2529 tuis
1155 2481 1251 2531 nunc

169 2586 325 2671 aegmtat,
345 2587 452 2669 utque
469 2598 635 2668 auguror,
657 2578 802 2668 gravius
823 2600 926 2670 quam
949 2588 1000 2661 tu,
1022 2578 1081 2671 qui
1104 2590 1143 2651 ιιι
1161 2581 1249 2664 dixi,

170 2703 236 2773 iam
258 2701 416 2772 fortassis
437 2699 530 2770 omni
548 2698 699 2792 periculo
719 2700 895 2782 liberatus,
915 2699 1068 2770 dolorem
1087 2710 1249 2773 nostrum

170 2824 397 2915 timoremque
423 2842 678 2915 supervacuum
704 2820 849 2892 dolebis.
872 2822 931 2891 llle
950 2830 1065 2890 aulem
1092 2821 1250 2914 pmlecto

169 2967 238 3016 non
255 2955 335 3016 ante
354 2964 462 3015 sanus
479 2943 553 3026 erit,
569 2964 672 3033 quam
688 2955 721 3014 te
739 2965 862 3014 sanum
881 2941 1018 3012 viderit.
1033 2939 1088 3010 Ad
1104 2951 1139 3012 te
1154 2942 1250 3013 enim

168 3067 309 3139 festinat
327 3065 489 3137 omnibns
514 3063 722 3158 posthabitis
747 3064 958 3157 omissisque
983 3063 1142 3154 negotiis,
1171 3064 1251 3158 qui-

169 3187 235 3262 bus
260 3189 361 3261 valde
381 3188 520 3260 deditus
547 3207 684 3279 semper
703 3186 777 3268 suit,
805 3206 953 3277 quorum
981 3194 1018 3254 tu
1045 3184 1183 3277 pondus
1209 3207 1251 3257 ao

168 3313 302 3403 copiam
325 3312 414 3381 nosti
429 3335 437 3392 ;
459 3319 629 3405 praeterea
646 3308 787 3380 deserta
803 3307 916 3391 dorno,
935 3317 1132 3401 contempto
1149 3306 1248 3391 mari,

168 3430 335 3522 neglectis
361 3429 522 3524 Alpibus,
551 3440 667 3521 spreta
695 3428 828 3523 hyeme,
850 3439 993 3499 cunctas
1018 3428 1249 3510 difficultates,

170 3573 227 3623 res
245 3571 417 3642 curasque
436 3570 519 3619 suas
536 3572 660 3648 omnes
677 3559 713 3620 et
730 3571 769 3619 sc
787 3550 900 3641 ipsum
919 3548 1145 3632 obliviscitur,
1162 3550 1249 3621 dum

170 3684 203 3745 te
225 3696 331 3746 unum
353 3672 482 3763 cogitat
498 3671 575 3764 pius
598 3682 706 3766 pater.
726 3672 824 3741 Unde
844 3671 938 3763 quod
955 3670 1049 3764 apud
1065 3671 1251 3764 Virgilium

171 3805 270 3890 pater
291 3794 360 3867 filio
380 3793 476 3879 dicit,
498 3817 590 3865 nunc
609 3791 937 3865 convenientissime
957 3793 1048 3864 dicet
1074 3792 1167 3865 lilius
1188 3816 1252 3889 pa-

170 3916 235 3986 tri:
255 3917 340 3989 Vicit
353 3920 416 3989 iter
432 3915 553 3986 duram
568 3915 686 4008 pietas.
705 3913 812 3985 Cuius
831 3915 879 3985 rei
893 3915 1065 4006 cogitatio,
1084 3915 1118 3984 ni
1140 3917 1248 4001 fallor,

171 4039 316 4111 multum
338 4040 472 4111 viribus
494 4038 563 4110 tuis
585 4036 728 4120 adiiciet,
755 4037 838 4109 dum
861 4037 991 4109 subibit
1010 4037 1163 4108 animum
1190 4059 1254 4130 pa-

171 4168 256 4229 trem
277 4160 312 4229 in
339 4174 372 4232 tc
399 4174 496 4232 tuum
517 4160 653 4241 vivere,
676 4158 711 4229 in
741 4168 773 4230 tc
799 4158 903 4230 etiam
925 4160 1110 4250 languore:
1138 4169 1178 4230 ut
1198 4170 1252 4231 ta·

169 4301 266 4352 ceam
288 4291 444 4363 matrem,
467 4292 598 4352 taceam
621 4282 759 4364 tratres,
784 4291 914 4353 taceam
937 4300 1093 4363 sorores,
1116 4288 1251 4353 taceam

170 4404 312 4510 amieos,
335 4401 367 4472 in
389 4403 517 4493 quibus
538 4426 593 4475 me
615 4406 727 4499 ipsum
750 4427 934 4476 numerare
955 4405 1068 4476 audeo
1092 4424 1163 4474 non
1183 4426 1254 4476 ex-
