2738 5062
469 723 562 773 ulons
583 722 697 775 NONUS·
709 742 749 756 ··
758 723 912 774 eelsuonn
932 725 973 773 ll.
1217 713 1252 774 ii

181 864 333 958 pitiaqne
354 862 515 956 cupidine
535 874 632 948 eant,
650 865 729 957 quis
750 865 805 935 ille
832 873 887 935 est
915 873 1032 937 tamen
1053 865 1117 935 zeli
1143 864 1255 952 ardor,

179 988 238 1080 qui
258 986 493 1079 suspicionum
513 987 640 1071 aculei,
663 1008 743 1081 quae
764 989 798 1058 in
817 986 893 1058 dies
906 987 991 1058 etin
1005 988 1109 1059 horas
1125 986 1257 1080 inquie-

181 1110 264 1182 tudo
284 1109 404 1192 animi,
426 1117 463 1179 et
483 1110 517 1179 in
543 1131 652 1202 regno
677 1108 804 1181 amoris
830 1110 923 1203 pacis
949 1132 990 1182 ac
1014 1109 1094 1181 belli
1122 1108 1259 1180 vicissi-

180 1232 507 1339 tudocreberrima?
526 1233 614 1317 Quae
639 1235 800 1326 quoniam
823 1258 888 1306 usu
910 1233 1062 1329 pessimo
1082 1234 1150 1304 iam
1169 1234 1259 1304 inter

180 1353 345 1425 nobilium
360 1352 502 1425 delicias
520 1364 761 1441 numerantur,
776 1376 936 1449 quaenam
952 1355 1092 1427 demum
1104 1353 1162 1425 illa
1175 1375 1260 1447 sup·

180 1475 280 1571 plicia
300 1496 381 1570 quae
399 1475 613 1549 dissimulari
635 1477 753 1572 utiquc
767 1488 960 1571 nequeunt,
975 1500 1066 1549 nunc
1078 1500 1099 1549 a
1113 1477 1258 1570 publicis

180 1597 330 1680 indiciis,
356 1620 449 1670 nuno
473 1620 494 1670 a
520 1600 665 1693 privatis
695 1603 871 1674 luroribus
899 1602 1123 1675 maritorum?
1146 1603 1258 1686 Quam

181 1722 297 1792 multis
316 1723 409 1791 enim
431 1733 569 1814 sperata
590 1723 645 1795 illa
665 1746 737 1796 nox
750 1725 927 1818 insperato
938 1725 1003 1798 luit
1016 1725 1149 1797 ultima!
1166 1723 1260 1807 Quo·

183 1844 270 1917 tiens
291 1845 491 1919 audivimus
511 1856 572 1917 aut
588 1845 739 1919 vidimus
761 1847 829 1918 bon
850 1849 955 1919 nimio
974 1857 1135 1921 constare
1158 1847 1260 1919 lasci-

182 1970 283 2054 viam,
302 1992 343 2041 ac
362 1969 483 2041 dulces
500 1970 684 2063 amplexus
702 1970 831 2042 amaris
849 1971 1051 2042 vulneribus
1066 1971 1255 2041 resolutos!

182 2093 288 2165 Cuius
309 2093 359 2164 roi
380 2094 542 2187 exempla
563 2091 593 2163 si
611 2092 773 2183 colligere
794 2094 911 2177 velim,
932 2114 1054 2164 omnes
1081 2090 1165 2163 mibi
1190 2113 1259 2163 non

182 2214 336 2286 historice
357 2214 575 2287 tantum'sed
595 2224 631 2282 ct
648 2213 716 2286 vici
737 2226 772 2286 et
796 2216 922 2287 domus
948 2213 1122 2287 ambiendi
1145 2225 1257 2287 erunt.

182 2335 294 2406 Unum
316 2337 469 2407 omnium
492 2348 560 2407 tam
582 2347 759 2409 recenset
785 2348 854 2410 tam
879 2342 1011 2411 clarum
1036 2360 1118 2410 esse
1142 2339 1256 2420 doleo,

183 2458 277 2550 quod
297 2457 451 2542 abunde,
473 2460 633 2550 quamvis
655 2470 690 2531 et
707 2471 828 2532 vetera
848 2472 883 2532 et
901 2482 993 2533 nova
1006 2472 1191 2545 cessarent,
1206 2462 1257 2531 in-

183 2581 292 2673 signis
310 2579 521 2673 gravissimo
541 2581 608 2651 viri
628 2603 714 2654 casu
734 2605 857 2655 omncs
882 2606 924 2656 eo
948 2587 1035 2655 callo
1061 2583 1258 2677 gradientes

181 2704 352 2777 terruisse
371 2703 546 2777 debuerit:
567 2727 637 2798 qno
654 2715 783 2777 eventu
801 2715 837 2777 ot
852 2706 928 2778 eius
941 2708 1000 2800 qui
1014 2730 1078 2780 nos
1091 2706 1260 2780 dilexerat

181 2828 346 2899 miseram
372 2837 477 2920 atque
501 2826 679 2919 indignam
706 2838 848 2913 sortem,
883 2828 1103 2920 inustamque
1130 2829 1260 2899 militiae

182 2950 272 3021 hanc
292 2951 475 3030 maculam,
497 2957 533 3019 ot
557 2948 777 3041 irreparabile
801 2948 967 3019 damnum
994 2950 1182 3020 amicorum
1207 2951 1259 3020 lu-

184 3093 265 3163 ὅρος
287 3071 527 3165 superomnia
548 3083 661 3141 tamen
683 3068 901 3140 indelebilem
927 3079 962 3140 et
982 3081 1148 3140 aeternam
1174 3070 1260 3141 inla-

182 3197 286 3266 miam
307 3195 373 3266 viri
390 3195 482 3279 talis,
502 3194 561 3287 qui
579 3214 649 3263 non
669 3192 772 3263 modo
792 3191 897 3263 avide
916 3202 952 3263 et
968 3190 1143 3277 ardenter,
1166 3195 1260 3286 qnod

180 3339 364 3390 commune
383 3327 439 3388 est
458 3316 614 3388 omnium
632 3315 839 3401 amantium,
862 3315 926 3389 sed
946 3336 1038 3387 caece
1060 3336 1205 3410 prorsus
1225 3325 1261 3388 et

180 3451 350 3526 amenter,
371 3439 477 3511 homo
495 3440 650 3533 alioquin
671 3462 739 3512 non
758 3439 977 3532 imprudens,
1000 3439 1186 3512 adnutum
1210 3441 1227 3510 f
1244 3480 1261 3494 ·

181 3563 297 3647 minae,
319 3570 369 3647 et,
392 3562 487 3656 quod
504 3562 615 3654 magis
633 3561 807 3652 indignor,
821 3561 897 3632 eius
919 3562 1058 3633 feminae
1075 3561 1175 3634 cuins
1192 3583 1260 3633 non

183 3684 249 3756 sibi
268 3685 446 3780 proprium
467 3692 563 3757 esset
579 3681 801 3776 obsequium,
821 3683 885 3755 sed
898 3705 1171 3755 commonacum
1184 3686 1261 3778 pln-

185 3807 293 3891 ribus,
314 3828 380 3879 nec
399 3828 498 3878 amor
516 3779 632 3878 nouus
653 3815 763 3890 esset,
787 3806 850 3878 sed
867 3806 1047 3900 antiquum
1066 3806 1132 3878 iam
1149 3805 1182 3876 ei
1198 3827 1259 3898 pa-

184 3939 276 4003 reret
293 3953 341 4002 ex
363 3932 527 4003 societate
547 3928 736 4014 festidium,
757 3928 996 4001 inlelixvento
1009 3929 1130 4013 levior,
1144 3938 1260 4002 etnon

183 4057 303 4128 saltem
334 4055 426 4127 venti
456 4075 604 4139 memor,
626 4054 685 4146 qui
711 4076 776 4125 nec
806 4051 933 4124 intrare
965 4053 1106 4145 quidem
1137 4051 1259 4123 solitus

181 4182 305 4263 fertur,
327 4178 421 4249 unde
441 4199 510 4249 non
531 4176 642 4269 possit
665 4176 778 4257 exire3
810 4174 846 4243 in
875 4196 936 4245 eas
967 4195 1047 4245 sese
1078 4174 1258 4267 angustias

182 4301 376 4385 intruserit,
401 4299 459 4372 ubi
480 4322 544 4370 nec
563 4296 775 4370 defensionis
792 4295 903 4390 copia,
922 4318 986 4369 nec
1000 4296 1141 4368 libertas
1155 4298 1256 4388 lngae,

182 4450 245 4499 nec
261 4425 398 4497 decorae
417 4422 556 4495 tandem
571 4419 689 4491 mortis
707 4421 773 4490 ulla
786 4430 882 4491 esset
894 4420 1042 4492 occasio.
1059 4421 1177 4513 ltaque
1190 4440 1259 4487 non

183 4548 325 4621 inermis
346 4545 462 4630 modo,
485 4545 549 4618 sed
569 4542 693 4626 nudus,
714 4541 776 4615 irae
796 4543 955 4636 coniugis
977 4543 1116 4615 victima
1135 4541 1258 4628 ingens
