2738 5062
238 644 296 706 111
568 660 730 709 11111111
754 660 976 712 1111111111111

235 803 361 886 tusque
384 774 496 878 mene,
520 795 548 865 si
575 800 691 867 forsan
710 817 731 867 e
751 804 852 891 portu
873 797 1094 869 Sulmonensi
1118 797 1307 869 Partheno-

234 937 328 1010 paeas
349 917 483 1009 repetiit
504 919 685 1009 procellas,
709 918 819 990 risum
841 931 998 992 nostrum
1021 918 1307 1012 indignationem-

234 1061 302 1131 que
323 1039 532 1132 participent.

373 1197 415 1250 nd
430 1197 533 1251 sontem
548 1199 652 1269 Sergia
668 1199 731 1254 1111.
748 1200 813 1255 Idus
828 1202 953 1272 Augusti.

641 1690 814 1754 EPISTOLA
835 1692 890 1756 llll.

292 1886 483 1937 Funuclscus
504 1888 671 1938 Parauaea
693 1888 808 1938 annual
828 1887 1088 1939 11111111111111
1116 1888 1143 1939 S.
1165 1889 1194 1938 P.
1214 1890 1244 1939 b.

232 2060 267 2115 Se
290 2060 389 2117 studiis
408 2062 519 2116 assidue
537 2063 706 2119 incumbere.
727 2062 869 2119 Scribendi
886 2069 915 2119 et
936 2061 1052 2118 canendi
1070 2062 1213 2119 cacoethes
1231 2064 1298 2119 inra-

317 2150 413 2205 luisse.
429 2149 473 2204 nd
483 2150 589 2206 sontem
603 2153 705 2223 Sergiae
721 2152 811 2209 adhuc
821 2169 851 2208 sc
863 2167 955 2208 moras
964 2157 1077 2208 nectere
1089 2152 1178 2225 ipsius
1190 2153 1296 2226 eiusque

318 2238 424 2295 domini
437 2240 558 2297 reditum
571 2248 770 2315 expectantem.

328 2490 414 2561 Mira
439 2513 496 2562 res
520 2493 636 2565 dictu:
663 2494 815 2565 scribere
840 2495 954 2588 cupio,
977 2517 1042 2567 nec
1064 2493 1150 2588 quid
1170 2506 1231 2569 aut
1247 2493 1297 2568 cui

228 2613 377 2697 scribam
397 2615 484 2687 scio:
500 2625 536 2689 et
548 2615 629 2711 (tarn
641 2620 752 2690 terrea
770 2617 940 2712 voluptas)
958 2639 1121 2715 papyrus,
1139 2619 1295 2698 calamus,

229 2748 476 2823 atramentum,
498 2749 747 2833 nectumaeque
766 2740 897 2833 vigiliae
917 2762 1040 2814 somno
1059 2741 1143 2813 mibi
1164 2749 1297 2813 suntet

229 2861 349 2958 requie
367 2861 546 2954 gratiores.
572 2863 664 2949 Quid
688 2867 821 2936 multa‘?
845 2864 986 2937 Crueior
1012 2885 1151 2960 semper
1175 2873 1213 2936 et
1231 2865 1297 2936 lan

228 3009 333 3079 guen,
355 2986 422 3057 nisi
443 2985 528 3058 dum
548 2986 675 3059 scribo:
697 2988 748 3059 sic
767 3010 859 3061 nova
878 2987 1106 3083 perplexitas:
1127 2987 1164 3057 in
1188 2987 1297 3081 quiete

228 3108 388 3181 laborans
423 3110 458 3179 in
483 3107 659 3181 laboribus
690 3109 908 3204 conquiesco.
939 3111 1071 3183 Durum
1104 3120 1229 3203 pectus
1262 3130 1296 3181 ao

228 3254 382 3315 saxeum,
404 3240 440 3301 et
459 3230 554 3323 qued
573 3252 657 3302 vere
675 3230 910 3304 deucalioneis
927 3253 975 3304 ex
994 3230 1170 3324 lapidibus
1189 3241 1296 3306 ortum

226 3364 337 3449 putes,
359 3353 419 3424 ubi
436 3362 546 3425 totum
566 3354 774 3426 membranis
796 3354 965 3441 incubuit,
988 3354 1048 3427 ubi
1066 3354 1197 3447 digitos
1221 3378 1297 3429 ecu-

225 3477 348 3567 losque
367 3475 523 3559 lassavit,
546 3486 618 3546 tum
639 3477 753 3568 frigus
774 3489 968 3571 aestumque
989 3499 1059 3548 non
1080 3478 1201 3564 sentit,
1231 3492 1297 3553 tum

226 3596 292 3669 sibi
311 3595 538 3689 compositum
565 3597 675 3669 lodice
701 3599 902 3670 mollissima
927 3599 1080 3683 videtur,
1108 3601 1298 3695 metuitque

225 3719 353 3802 divelli,
379 3731 415 3791 et
440 3717 645 3810 obsequium
667 3718 732 3789 sihi
753 3720 962 3813 negantibus
987 3720 1153 3793 membris
1175 3723 1299 3804 haeret;

225 3841 285 3914 ubi
302 3864 394 3928 vero,
416 3841 555 3914 iubente
579 3841 798 3926 necessitate,
816 3842 1029 3929 distrahitur,
1052 3855 1125 3915 tum
1150 3844 1305 3938 primum

224 3967 348 4039 lassari
367 3965 492 4063 incipit,
512 3975 547 4038 et
562 3965 706 4062 perinde
727 3964 884 4037 laborum
905 3967 1008 4038 ferias
1029 3965 1104 4048 init,
1123 3967 1225 4059 quasi
1248 3990 1306 4041 se

223 4091 302 4181 gnis
335 4094 463 4164 asellus
496 4091 564 4164 sub
596 4089 713 4183 iniquo
747 4092 838 4163 fasce
870 4092 1114 4185 scrupulosum
1146 4101 1306 4165 montem

222 4212 342 4284 iussus
362 4213 595 4297 adscendere3
615 4234 697 4284 mex
718 4233 786 4284 non
806 4210 922 4283 minus
943 4212 1047 4285 avide
1067 4224 1220 4308 ooeptum
1246 4237 1309 4287 re

223 4336 322 4431 petit,
349 4358 452 4427 quam
477 4338 616 4431 plenum
642 4339 757 4408 sessus
786 4337 841 4407 ille
874 4356 1052 4431 praesepe:
1084 4358 1150 4409 nec
1183 4338 1310 4410 minus

224 4457 336 4549 longis
357 4454 665 4540 lucubrationibus,
683 4477 787 4549 quam
805 4456 834 4527 is
855 4456 980 4549 pabulo
996 4468 1031 4528 et
1048 4457 1166 4551 quiete
1185 4457 1309 4531 reficiae
