2738 5062
149 652 210 713 ute
483 664 524 711 na
546 664 647 713 netrtts
667 662 888 713 eluuntuntuus

150 803 262 891 legem
287 800 388 869 esse?
405 810 573 870 aeternum
596 801 640 869 illi
663 799 824 871 subiicias
850 796 1129 869 tundamentum.
1155 800 1239 873 Lex

149 923 274 1015 populo
299 922 483 992 lsraelitico
503 943 566 1013 per
586 922 738 1016 lloysen,
762 923 833 991 Deo
849 920 1009 1005 dictante,
1040 919 1127 991 data
1163 930 1234 993 est.

148 1046 206 1113 llla
236 1044 376 1136 quidem
411 1044 587 1115 stabilior:
615 1044 676 1116 sed
709 1064 926 1136 nequaquam
953 1054 1099 1113 aeternu.
1128 1043 1234 1115 Certe

148 1188 209 1256 per
232 1165 375 1259 Moysen
402 1167 471 1250 lex,
502 1188 562 1259 per
586 1167 701 1237 lesum
727 1165 901 1236 Christum
932 1164 1045 1256 gratia
1078 1164 1233 1259 impleus

146 1289 269 1378 legem.
292 1288 351 1357 llle
372 1309 439 1359 non
457 1309 643 1373 evacuans,
664 1288 726 1359 sed
740 1287 922 1379 implendo.
937 1307 1005 1356 uon
1019 1286 1166 1379 quidem
1181 1291 1232 1359 le-

146 1430 223 1499 gem
246 1409 365 1501 ipsam,
388 1420 423 1480 at
444 1412 551 1481 multa
575 1409 662 1501 legis
684 1418 900 1482 sacramenta
920 1407 1045 1478 linivit.
1069 1409 1173 1481 Unde
1195 1410 1231 1481 in

146 1530 281 1601 Psalmo
301 1532 434 1601 CXLlll
457 1531 688 1623 Augustinus:
709 1560 724 1595 u
743 1530 936 1615 Meministi,
955 1530 1075 1623 inquit,
1095 1542 1231 1624 quauta

149 1678 164 1711 u
196 1653 227 1720 in
252 1654 361 1722 veteri
388 1656 463 1745 lege
488 1663 524 1723 et
548 1654 707 1743 legamus
732 1663 766 1723 et
794 1674 860 1724 non
885 1651 1131 1723 observemus.
1158 1654 1229 1725 Sed

149 1800 164 1834 u
194 1784 309 1844 tamen
344 1774 458 1867 aliqua
491 1771 742 1864 significatione
767 1773 949 1866 praemissa
972 1783 1009 1843 et
1032 1774 1149 1867 posita
1177 1778 1229 1847 in·

151 1924 165 1957 u
195 1896 400 1988 telligamus,
425 1919 494 1968 non
517 1903 554 1967 ut
569 1896 772 1966 abiiciamus
794 1897 906 1985 legem
928 1896 1003 1980 Dei,-
1023 1896 1090 1967 sed
1112 1908 1150 1968 ut
1170 1919 1228 1969 sa-

150 2044 165 2079 u
193 2032 368 2089 eramenta
397 2018 627 2111 promittentia
653 2019 793 2110 impleta
820 2017 1049 2108 promissione
1075 2040 1144 2091 non
1170 2042 1228 2093 ce-

150 2166 165 2201 »
194 2138 384 2209 lehremus:
418 2141 512 2232 quod
549 2140 641 2211 enirn
675 2139 919 2233 promittebant
958 2141 1076 2211 venit:
1113 2144 1225 2234 gratia

148 2287 165 2322 l
193 2260 284 2329 enim
311 2261 391 2330 uovi
418 2262 629 2333 Testamenti
657 2261 690 2331 iu
717 2263 795 2352 lege
820 2260 1016 2346 velabatur,
1045 2263 1081 2333 in
1108 2266 1226 2337 Evan-

149 2408 163 2439 ἰ
192 2378 283 2469 gelie
310 2381 500 2449 revelatur:
526 2382 643 2450 velum
659 2380 894 2465 removimus,
921 2381 1015 2473 quod
1040 2384 1227 2457 velabatur

148 2524 164 2560 r>
192 2498 410 2589 agnovimus.
426 2497 642 2589 Agnovimus
656 2510 771 2569 autem
787 2500 821 2569 in
835 2501 946 2592 gratia
959 2501 1096 2571 Domini
1114 2504 1224 2575 nostri

147 2647 163 2680 »
194 2620 270 2690 lesu
289 2619 415 2690 Christi
427 2619 548 2711 eapitis
562 2628 598 2687 et
612 2622 797 2692 salvatoris
816 2622 940 2707 nostri,
960 2622 1020 2714 qui
1041 2642 1106 2714 pre
1125 2622 1223 2694 nobis

149 2765 163 2799 r
192 2737 380 2808 crucifixus
410 2750 476 2820 est,
504 2759 574 2829 quo
612 2736 779 2809 crucifixo
810 2738 912 2808 etiam
948 2737 1064 2807 velum
1105 2738 1223 2831 templi

147 2886 163 2921 u
191 2860 405 2930 conscissum
423 2870 487 2930 est.
511 2888 526 2923 u
547 2858 647 2941 Quod
667 2860 851 2951 Augustini
874 2857 1110 2929 testimonium
1133 2880 1223 2951 pra.-

143 2984 241 3074 eipue
262 2992 402 3077 propter
419 2982 484 3055 hoe
502 2984 660 3055 ultimum
688 2983 832 3065 inserui,
856 2992 893 3052 ut
919 2980 1049 3073 liquido
1066 2980 1223 3053 animad-

143 3114 260 3173 vertas
280 3106 466 3177 scissuram
487 3107 553 3176 veli
571 3127 675 3199 quam
695 3104 728 3173 in
752 3102 944 3195 Evangelio
958 3102 1118 3194 legimus,
1133 3100 1222 3193 figu-

143 3248 215 3295 ram
238 3227 387 3317 ingentis
415 3227 598 3298 cuiusdam
620 3225 873 3317 ineffabilisque
907 3224 1063 3319 mysterii
1095 3224 1218 3307 luisse,

141 3343 393 3434 significantem
409 3350 487 3418 velo
503 3348 620 3430 veteri,
637 3368 832 3439 quousque
853 3339 886 3414 in
907 3345 1000 3415 illum
1019 3344 1113 3416 tliem
1133 3346 1218 3437 legis

140 3487 266 3537 arcana
287 3467 505 3555 tegebantur,
530 3468 656 3538 Christi
678 3470 839 3560 passione
857 3468 1045 3551 conscisso,
1065 3470 1219 3538 revelata

140 3585 254 3657 omnia
275 3588 400 3677 populo
421 3588 539 3655 humili
562 3610 602 3657 ac
623 3611 727 3671 novo,
756 3610 836 3679 quta
857 3586 1020 3681 superbia
1046 3588 1220 3680 antiquior

141 3709 281 3780 tumidis
306 3717 343 3778 et
375 3706 605 3798 caligantibus
634 3711 743 3780 oeulis
776 3733 844 3781 non
878 3712 1035 3784 vidisset.
1065 3742 1081 3777 u
1113 3713 1220 3785 ludaei

144 3858 158 3893 u
188 3829 278 3900 euim
306 3830 469 3924 quamvis
494 3833 552 3900 uni
587 3832 810 3923 omnipotenti
843 3838 915 3906 Deo
941 3836 1154 3929 supplicent,
1183 3846 1221 3907 ut

144 3982 159 4017 l
187 3953 254 4025 alio
280 3956 430 4048 quodum
461 3956 534 4024 loco
560 3954 777 4045 Augustinus
800 3958 889 4029 idem
911 3957 972 4039 ait,
1000 3958 1074 4027 sola
1102 3968 1218 4028 tamen

142 4104 157 4138 v
189 4080 386 4171 temporalia
407 4088 443 4149 et
459 4078 608 4150 visibilia
636 4077 790 4150 bonade
812 4080 868 4149 illo
889 4088 1131 4173 expectantes,
1160 4102 1219 4151 ru-

143 4226 157 4258 »
187 4199 339 4271 dinrenta
361 4202 443 4274 novi
469 4203 583 4295 populi
602 4201 647 4272 ah
664 4200 856 4271 humilitate
882 4201 1059 4291 surgentia
1077 4201 1111 4272 in
1130 4202 1218 4295 ipsis

143 4350 158 4386 r>
188 4321 261 4392 suis
283 4325 462 4415 scripturis
484 4324 588 4394 nimia
607 4322 791 4395 securitate
811 4325 996 4393 noluerunt
1012 4324 1214 4409 advertere,

143 4474 158 4507 v
186 4456 291 4539 atque
313 4443 357 4513 ita
375 4445 408 4513 in
431 4446 538 4514 veteri
562 4444 700 4514 homine
728 4453 979 4515 remanserunt.
1005 4444 1132 4515 Vetera
1152 4466 1217 4515 au-
