2738 5062
362 687 453 733 ammi
476 682 957 732 sexrusuucrucs-urrs'rcuu
982 685 1020 731 vr.
1166 672 1225 730 :latit

146 826 198 905 sit,
218 822 273 892 cui
293 840 360 890 nou
379 822 529 911 aliquam
551 820 690 890 dolendi
707 840 850 890 causam
869 819 1022 889 muudus
1040 818 1223 900 invexerit,

148 956 261 1016 tamen
284 942 311 1010 si
335 952 367 1010 te
389 941 502 1032 ipsum
529 952 564 1011 et
583 940 835 1010 celestium-in
856 949 888 1008 te
916 961 1098 1010 munerum
1122 940 1225 1029 largi-

147 1074 251 1136 tatem
285 1062 535 1154 circumspicis,
559 1061 594 1129 iu
626 1062 761 1130 illorum
798 1071 838 1130 te·
856 1060 931 1131 acie
957 1061 1110 1151 reperies
1135 1081 1224 1151 quos

145 1184 299 1277 gaudere
319 1205 459 1275 aequum
482 1184 535 1252 sit.
557 1180 792 1265 Quamobrem
814 1204 882 1251 uon
908 1181 1095 1273 patientem
1122 1180 1226 1252 modo

145 1308 297 1376 animum
319 1302 450 1373 exhibe
472 1301 533 1375 sed
554 1305 686 1383 laetum,
707 1314 744 1373 et
765 1315 889 1392 praeter
912 1314 1038 1374 caetera
1065 1303 1147 1373 illud
1168 1325 1226 1373 co-

146 1429 216 1517 gita
236 1428 323 1496 forte
344 1446 413 1496 uon
435 1424 470 1496 id
492 1436 624 1495 tantum
643 1423 699 1514 agi
723 1433 760 1493 ut
779 1423 868 1494 iuter
888 1434 938 1494 tot
957 1424 1017 1495 Dei
1038 1424 1128 1495 dona
1149 1424 1227 1515 qui-

146 1548 213 1618 bus
234 1557 315 1617 aute
337 1558 473 1639 tempus
493 1559 637 1616 ornatus
661 1544 723 1617 sed
744 1566 811 1616 uun
833 1554 912 1616 aute
933 1546 1094 1617 meritum
1116 1546 1225 1625 luisti,

147 1671 237 1743 scias
256 1680 290 1741 te
307 1669 483 1740 homiuem
501 1691 583 1740 esse
600 1669 790 1762 caducique
808 1670 971 1762 corporis,
988 1669 1170 1739 sedetiam
1189 1680 1245 1738 ut,

146 1791 311 1888 praesenti
332 1790 454 1862 morbo
479 1801 514 1861 et
539 1812 691 1883 sequens
717 1790 848 1861 sanitas
874 1790 1006 1861 dulcior
1032 1790 1102 1871 tibi,
1129 1802 1164 1860 et
1190 1800 1225 1860 tu

147 1914 260 1986 carior
280 1915 330 1984 sis
351 1913 484 1984 amicis.
507 1912 660 1995 Tandem
680 1912 762 1983 illud
784 1912 819 1981 iu
839 1912 991 1984 animum
1010 1911 1154 1983 inducas
1176 1915 1226 1983 ui-

146 2040 193 2110 hil
215 2039 311 2130 quod
332 2039 438 2109 sciam
462 2056 566 2127 posse
583 2057 676 2106 nuuc
696 2057 774 2105 cum
797 2035 862 2106 hac
882 2034 1068 2106 solitudine
1088 2057 1226 2127 compa·

149 2161 224 2242 rari,
248 2162 282 2231 iu
303 2169 372 2252 qua
399 2169 433 2230 te
453 2161 614 2228 Socrates
635 2166 753 2226 noster
772 2169 808 2227 et
827 2179 894 2248 ego
919 2158 1144 2251 cupidissime
1163 2180 1227 2229 ex·

147 2295 341 2376 postumus,
378 2280 436 2351 ubi
465 2278 563 2350 lacile
594 2277 712 2348 diviua
745 2299 810 2371 ope
844 2279 1006 2372 suffultus
1032 2291 1068 2350 et
1099 2301 1225 2374 corpus

149 2423 307 2474 recreare
327 2412 362 2471 et
383 2421 546 2471 serenare
566 2400 719 2470 animum
742 2421 863 2491 queas.
888 2401 1011 2472 Nullus
1033 2402 1089 2472 hic
1110 2412 1227 2496 tyran-

147 2544 215 2593 nus
235 2523 362 2607 minare
384 2522 501 2592 nullus
518 2521 607 2591 civis
624 2520 799 2592 insolens:
821 2545 891 2613 non
912 2522 1154 2594 obtrectatoris
1172 2544 1227 2592 ra-

146 2643 216 2716 bidi
237 2645 355 2734 lingua
381 2641 589 2725 mordacior,
612 2662 680 2713 non
703 2642 769 2726 ira,
791 2665 860 2715 uon
880 2644 992 2714 civilis
1013 2647 1129 2727 lactio,
1158 2664 1225 2714 nou

144 2764 385 2857 querimoniae,
413 2784 482 2833 nou
515 2761 665 2845 iusidiae,
695 2786 764 2835 non
784 2764 927 2845 clamor,
959 2787 1026 2836 non
1061 2765 1225 2856 strepitus

145 2884 334 2966 hominum,
356 2905 426 2955 nun
448 2883 609 2955 tubarum
630 2886 789 2974 clangor3
806 2906 876 2955 non
896 2886 1014 2977 fragor
1034 2906 1225 2968 armorum3

146 3008 239 3082 nulla
261 3015 427 3097 praeterca
447 3006 604 3090 avaritia,
625 3008 742 3076 nullus
762 3006 859 3088 livor,
878 3008 973 3077 nulla
991 3029 1135 3102 prorsus
1151 3028 1226 3076 am·

146 3128 239 3211 bitio,
260 3129 390 3199 nullum
414 3129 555 3222 superbi
576 3129 680 3200 limen
703 3150 783 3199 cum
809 3138 959 3199 tremore
980 3128 1224 3210 subeundum;

146 3249 208 3321 sed
229 3248 394 3338 gaudium
414 3261 450 3320 el
475 3249 676 3342 simplicitas
697 3260 733 3319 ct
757 3249 900 3320 libertas
921 3261 956 3320 ct
974 3249 1060 3320 inter
1084 3248 1224 3320 divitias

144 3371 417 3464 pauperiemque
436 3380 549 3443 status
569 3371 739 3465 optabilis,
761 3373 825 3444 sed
843 3371 958 3443 sobria
977 3381 1012 3444 et
1031 3371 1171 3443 humilis
1189 3382 1224 3443 et

145 3501 328 3563 mansueta
348 3491 534 3576 rusticitas,
554 3515 642 3584 gens
660 3494 816 3577 innocua,
834 3493 935 3589 plebs
954 3494 1106 3576 inermis,
1127 3496 1224 3587 regio

144 3608 301 3703 pacifica,
322 3612 424 3682 cuius
442 3615 573 3706 praesul
594 3614 650 3684 vir
667 3613 821 3707 optimus
841 3627 877 3685 et
896 3614 1065 3686 bonorum
1086 3615 1223 3686 amicis·

145 3729 264 3814 simus,
277 3754 499 3825 consequeus
513 3734 579 3804 erit
593 3747 630 3806 ut
648 3746 681 3805 te
699 3734 734 3804 iu
751 3738 890 3808 tratrem
909 3735 1044 3821 babeat,
1058 3737 1222 3829 quoniam

143 3875 207 3925 uos
229 3854 335 3926 habet
356 3855 388 3923 iu
411 3854 511 3926 titios
530 3857 621 3939 Quid
641 3860 686 3930 de
707 3859 783 3931 aliis
804 3860 947 3952 loquar?
963 3861 1033 3929 Aer
1053 3859 1108 3929 hic
1124 3859 1223 3929 blau-

142 3974 209 4044 dus
228 3997 269 4045 ac
290 3997 417 4046 suaves
439 3998 558 4046 aurae:
581 3981 680 4049 tellus
702 3982 829 4071 aprica,
851 3983 965 4050 sontes
984 3980 1090 4061 nitidi,
1109 3981 1221 4073 pisco-
1310 4000 1312 4004 ·

142 4115 220 4164 sum
242 4095 385 4180 llumeu,
412 4095 616 4167 umbrosum
639 4119 776 4179 nemus,
802 4110 900 4169 antra
922 4098 1077 4182 humida,
1106 4121 1221 4170 reces-

141 4238 273 4308 susque
305 4218 439 4290 herbidi
465 4230 501 4290 et
527 4230 623 4310 prata
648 4216 807 4303 ridentia,
836 4218 1071 4312 hic-mugitus
1098 4221 1217 4302 boum

140 4336 258 4406 avium
288 4350 432 4421 cautus,
471 4362 696 4433 murmurque
733 4341 975 4436 lympharum,
1005 4334 1219 4437 ⁸penitusque

139 4455 254 4529 abdita
272 4469 308 4529 et
327 4484 371 4532 ex
392 4483 429 4531 rc
446 4482 571 4533 nomen
589 4461 721 4535 habeus
739 4464 864 4536 Clausa
883 4467 988 4538 Vallis
1006 4479 1041 4539 ot
1060 4486 1214 4538 amman:
