2738 5062
347 790 440 840 urnnn
462 790 940 841 ssxrusnscmus.-sr1sroun
960 793 1014 840 xu.
1158 781 1218 844 tot

144 926 229 999 illud
247 923 408 1018 equidem
430 926 519 996 inter
539 928 647 998 multa
668 927 910 999 vehementius
932 927 1089 1021 urgebat,
1110 938 1146 1001 et
1166 952 1219 1005 rs-

143 1048 309 1120 verentiae
326 1070 413 1119 meae
431 1050 593 1120 stimulus
611 1060 646 1119 et
665 1048 836 1119 maiestati
854 1070 929 1120 sure
948 1050 1083 1142 pondus
1100 1074 1219 1125 acces·

142 1180 248 1254 serat,
276 1171 369 1263 quod
402 1171 477 1263 ipse
502 1190 641 1263 quoque
674 1168 729 1241 vir
752 1179 849 1241 esset
880 1172 1149 1258 ecclesiasticus,
1184 1186 1220 1247 et

141 1301 310 1386 quantum
329 1293 364 1362 in
386 1302 455 1363 tam
471 1294 611 1364 excelso
629 1294 775 1364 tortunae
792 1291 904 1382 gradu
922 1292 997 1366 lieri
1016 1306 1139 1388 potest,
1157 1294 1220 1368 de-

141 1415 366 1497 votissimus;
392 1415 493 1486 cuius
513 1414 813 1486 conversationem
835 1420 955 1508 fugere
975 1418 1029 1488 vir
1049 1419 1219 1491 honestus

142 1539 218 1609 sine
250 1548 330 1608 nota
363 1534 536 1628 superbiae
569 1535 631 1606 vix
664 1547 792 1628 posset.
825 1537 974 1610 Proinde
1005 1539 1100 1630 quod
1135 1540 1218 1610 mihi

141 1659 292 1731 luctandi
323 1680 416 1729 nunc
446 1658 549 1728 etiam
583 1657 801 1751 negandique
832 1659 902 1731 vim
927 1659 1121 1745 abstulerit,
1152 1661 1218 1732 etsi

142 1779 374 1851 verecundius
408 1776 545 1850 silentio
574 1790 801 1870 premeretur,
837 1779 897 1851 tibi
933 1791 1046 1853 tamma
1077 1782 1218 1854 tacitum

141 1902 258 1973 nolim.
280 1902 366 1971 Dum
388 1901 480 1972 enim
502 1900 741 1991 scrupulosius
766 1921 960 1991 quaererem
980 1901 1064 1994 quid
1085 1924 1132 1974 ex
1161 1924 1218 1972 me

142 2026 256 2108 vellet,
278 2022 423 2095 eumad
442 2021 527 2093 nibil
545 2043 668 2092 eorum
689 2020 817 2113 quibus
835 2044 940 2114 egere
961 2023 1099 2095 videtur
1115 2034 1217 2117 aptus

140 2167 257 2217 essem
277 2155 337 2217 aut
356 2144 561 2239 dispositus,
584 2143 667 2213 nibil
688 2166 734 2214 ex
755 2166 810 2216 me
830 2146 919 2216 velle
939 2146 1127 2241 respondit,
1150 2146 1218 2219 nisi

143 2266 364 2358 praesentiam
387 2288 499 2338 meam
527 2266 646 2349 solam,
674 2287 802 2357 quase
828 2287 1002 2360 suumque
1026 2266 1217 2338 dominium

101 2393 105 2411 '
141 2390 300 2462 crederet
319 2388 505 2461 honestari.
527 2387 591 2459 Hic
615 2390 730 2460 lateor'
745 2389 961 2461 humanitate
986 2400 1081 2462 tanta
1101 2391 1215 2463 victus
1257 2440 1260 2473 ,

141 2513 274 2597 erubui,
291 2514 390 2597 tactu,
403 2524 439 2585 et
451 2511 773 2585 tacendoeonsensi
794 2534 858 2586 seu
874 2515 1097 2587 consensisse
1118 2515 1217 2587 visus

141 2657 230 2708 sum.
252 2635 342 2720 Quid
361 2635 452 2707 enim
473 2644 591 2706 contra
612 2635 690 2706 lraec
705 2635 855 2707 dicerem
876 2659 944 2707 non
966 2635 1029 2705 luit
1049 2637 1107 2706 vel
1123 2647 1217 2708 certe

140 2781 208 2829 non
233 2758 352 2830 adsuit.
387 2756 457 2828 Sed
487 2756 574 2849 quid
598 2760 688 2846 ago?
713 2757 796 2828 Tam
825 2757 923 2827 facile
954 2756 1082 2827 utinam
1109 2758 1218 2848 vulgo
1263 2795 1267 2803 ·

140 2880 370 2973 persuadeam
396 2899 482 2949 vera
502 2877 578 2949 haec
596 2899 676 2949 esse
696 2898 801 2971 quam
826 2876 897 2948 tibi.
920 2877 1147 2967 Quamquam,
1169 2876 1218 2948 dii

141 3002 236 3085 boni,
262 2999 345 3095 quid
369 2999 537 3094 estquod
557 3010 679 3092 optare
699 2998 849 3093 incipio?
868 2998 923 3067 An
943 2996 1071 3069 oblitus
1093 3020 1219 3095 propo-

142 3120 198 3193 siti
223 3121 288 3194 mei
310 3141 403 3193 sum:
427 3123 558 3213 vulgus
578 3132 617 3193 ut
636 3121 731 3206 libet,
753 3141 816 3192 nos
843 3130 880 3192 ut
904 3120 1005 3191 licet?
1025 3120 1121 3191 Vale.

281 3263 446 3335 Mediolani,
462 3263 509 3320 Vl.
530 3263 669 3320 Kalendas
683 3262 868 3337 Septembris,
894 3279 1011 3336 propere
1033 3263 1143 3319 silentio
1170 3279 1218 3319 no-

353 3354 404 3409 ctis
418 3354 600 3426 intempesta.

550 3769 727 3834 EPISTOLA
749 3766 816 3832 lllll.

222 3956 415 4005 Fatnctsctts
436 3956 605 4004 PE'l'llllllCll
626 3957 803 4006 Fatuctsco
825 3954 930 4004 Ptttottt
951 3952 1141 4001 sanctonum

491 4057 721 4107 nrosrotoautt
742 4059 768 4105 S.
790 4059 817 4104 P.
840 4059 870 4104 tt.

190 4217 229 4272 De
244 4217 474 4273 obtrectatoribus
490 4222 518 4270 et
532 4213 684 4269 maledicis.
701 4211 805 4266 Fabula
818 4209 852 4264 de
866 4209 977 4264 rusticis
992 4214 1020 4264 et
1034 4209 1167 4266 iumento.

114 4476 122 4487 ·
241 4447 438 4541 Quidquam
466 4468 510 4518 ne
535 4442 731 4515 mortalium
757 4441 791 4512 in
817 4440 921 4514 rebus
955 4451 1050 4514 tanto
1075 4440 1216 4514 consilio

143 4569 319 4661 provisum
342 4580 409 4650 est,
437 4580 473 4640 ut
500 4591 568 4639 non
594 4565 861 4638 obtrectatorum
884 4563 1058 4635 morsibus
1081 4559 1216 4654 pateat?
