<?xml version="1.0" encoding="UTF-8"?>
<!DOCTYPE html PUBLIC "-//W3C//DTD XHTML 1.0 Transitional//EN"
    "http://www.w3.org/TR/xhtml1/DTD/xhtml1-transitional.dtd">
<html xmlns="http://www.w3.org/1999/xhtml" xml:lang="en" lang="en">
 <head>
  <title>
</title>
<meta http-equiv="Content-Type" content="text/html;charset=utf-8" />
  <meta name='ocr-system' content='tesseract 3.04.00' />
  <meta name='ocr-capabilities' content='ocr_page ocr_carea ocr_par ocr_line ocrx_word'/>
</head>
<body>
  <div class='ocr_page' id='page_1' title='image "./epistolaederebu02fracgoog_0383.png"; bbox 0 0 2738 5062; ppageno 0'>
   <div class='ocr_carea' id='block_1_1' title="bbox 234 688 977 749">
    <p class='ocr_par' dir='ltr' id='par_1_1' title="bbox 234 688 977 749">
     <span class='ocr_line' id='line_1_1' title="bbox 234 688 977 749; baseline -0.005 -2"><span class='ocrx_word' id='word_1_1' title='bbox 234 688 293 749; x_wconf 76' lang='lat' dir='ltr'><strong>:tlt</strong></span> <span class='ocrx_word' id='word_1_2' title='bbox 573 698 614 745; x_wconf 83' lang='lat' dir='ltr'><strong>nn</strong></span> <span class='ocrx_word' id='word_1_3' title='bbox 635 696 735 745; x_wconf 85' lang='lat' dir='ltr'><strong>uanos</strong></span> <span class='ocrx_word' id='word_1_4' title='bbox 756 694 977 745; x_wconf 74' lang='lat' dir='ltr'><strong>remunerans</strong></span> 
     </span>
    </p>
   </div>
   <div class='ocr_carea' id='block_1_2' title="bbox 223 829 1320 4559">
    <p class='ocr_par' dir='ltr' id='par_1_2' title="bbox 223 829 1320 4559">
     <span class='ocr_line' id='line_1_2' title="bbox 233 829 1319 920; baseline 0 -15"><span class='ocrx_word' id='word_1_5' title='bbox 233 832 352 905; x_wconf 86' lang='lat' dir='ltr'><strong>Gaude</strong></span> <span class='ocrx_word' id='word_1_6' title='bbox 369 834 434 902; x_wconf 92' lang='lat' dir='ltr'><strong>iam</strong></span> <span class='ocrx_word' id='word_1_7' title='bbox 458 840 529 902; x_wconf 87' lang='lat' dir='ltr'><strong>tolo</strong></span> <span class='ocrx_word' id='word_1_8' title='bbox 546 830 670 913; x_wconf 86' lang='lat' dir='ltr'><strong>animo,</strong></span> <span class='ocrx_word' id='word_1_9' title='bbox 689 829 798 901; x_wconf 85' lang='lat' dir='ltr'><strong>habes</strong></span> <span class='ocrx_word' id='word_1_10' title='bbox 821 830 934 901; x_wconf 90' lang='lat' dir='ltr'><strong>unde:</strong></span> <span class='ocrx_word' id='word_1_11' title='bbox 954 838 1119 920; x_wconf 89' lang='lat' dir='ltr'><strong>tantaque</strong></span> <span class='ocrx_word' id='word_1_12' title='bbox 1135 830 1319 920; x_wconf 84' lang='lat' dir='ltr'><strong>gaudendi</strong></span> 
     </span>
     <span class='ocr_line' id='line_1_3' title="bbox 235 950 1320 1045; baseline 0 -20"><span class='ocrx_word' id='word_1_13' title='bbox 235 955 376 1025; x_wconf 89' lang='lat' dir='ltr'><strong>materia</strong></span> <span class='ocrx_word' id='word_1_14' title='bbox 396 965 452 1024; x_wconf 88' lang='lat' dir='ltr'><strong>est</strong></span> <span class='ocrx_word' id='word_1_15' title='bbox 472 962 509 1022; x_wconf 93' lang='lat' dir='ltr'><strong>ut</strong></span> <span class='ocrx_word' id='word_1_16' title='bbox 527 974 604 1021; x_wconf 89' lang='lat' dir='ltr'><strong>eam</strong></span> <span class='ocrx_word' id='word_1_17' title='bbox 628 953 688 1020; x_wconf 83' lang='lat' dir='ltr'><strong>vix</strong></span> <span class='ocrx_word' id='word_1_18' title='bbox 709 950 959 1045; x_wconf 82' lang='lat' dir='ltr'><strong>apprehendas.</strong></span> <span class='ocrx_word' id='word_1_19' title='bbox 980 950 1067 1021; x_wconf 87' lang='lat' dir='ltr'><strong>Hinc</strong></span> <span class='ocrx_word' id='word_1_20' title='bbox 1086 973 1212 1045; x_wconf 86' lang='lat' dir='ltr'><strong>nempe</strong></span> <span class='ocrx_word' id='word_1_21' title='bbox 1238 976 1320 1025; x_wconf 87' lang='lat' dir='ltr'><strong>mu-</strong></span> 
     </span>
     <span class='ocr_line' id='line_1_4' title="bbox 233 1073 1315 1167; baseline 0.003 -23"><span class='ocrx_word' id='word_1_22' title='bbox 233 1078 288 1167; x_wconf 85' lang='lat' dir='ltr'><strong>gis</strong></span> <span class='ocrx_word' id='word_1_23' title='bbox 300 1076 486 1158; x_wconf 90' lang='lat' dir='ltr'><strong>consolari,</strong></span> <span class='ocrx_word' id='word_1_24' title='bbox 501 1097 570 1145; x_wconf 92' lang='lat' dir='ltr'><strong>non</strong></span> <span class='ocrx_word' id='word_1_25' title='bbox 584 1075 698 1143; x_wconf 91' lang='lat' dir='ltr'><strong>minus</strong></span> <span class='ocrx_word' id='word_1_26' title='bbox 715 1073 859 1144; x_wconf 83' lang='lat' dir='ltr'><strong>credere</strong></span> <span class='ocrx_word' id='word_1_27' title='bbox 874 1074 1045 1145; x_wconf 88' lang='lat' dir='ltr'><strong>convenit.</strong></span> <span class='ocrx_word' id='word_1_28' title='bbox 1064 1075 1114 1143; x_wconf 83' lang='lat' dir='ltr'><strong>&#39;lu</strong></span> <span class='ocrx_word' id='word_1_29' title='bbox 1132 1073 1315 1166; x_wconf 85' lang='lat' dir='ltr'><strong>indignus,</strong></span> 
     </span>
     <span class='ocr_line' id='line_1_5' title="bbox 232 1193 1316 1287; baseline 0.002 -20"><span class='ocrx_word' id='word_1_30' title='bbox 232 1200 288 1267; x_wconf 92' lang='lat' dir='ltr'><strong>ille</strong></span> <span class='ocrx_word' id='word_1_31' title='bbox 305 1197 500 1285; x_wconf 84' lang='lat' dir='ltr'><strong>benignus:</strong></span> <span class='ocrx_word' id='word_1_32' title='bbox 524 1209 558 1267; x_wconf 94' lang='lat' dir='ltr'><strong>tu</strong></span> <span class='ocrx_word' id='word_1_33' title='bbox 578 1205 744 1287; x_wconf 83' lang='lat' dir='ltr'><strong>peccator,</strong></span> <span class='ocrx_word' id='word_1_34' title='bbox 764 1195 821 1264; x_wconf 90' lang='lat' dir='ltr'><strong>ille</strong></span> <span class='ocrx_word' id='word_1_35' title='bbox 839 1193 1058 1266; x_wconf 84' lang='lat' dir='ltr'><strong>misericors:</strong></span> <span class='ocrx_word' id='word_1_36' title='bbox 1079 1216 1232 1286; x_wconf 80' lang='lat' dir='ltr'><strong>agnosce</strong></span> <span class='ocrx_word' id='word_1_37' title='bbox 1249 1196 1316 1269; x_wconf 82' lang='lat' dir='ltr'><strong>be·</strong></span> 
     </span>
     <span class='ocr_line' id='line_1_6' title="bbox 232 1314 1317 1411; baseline 0.001 -23"><span class='ocrx_word' id='word_1_38' title='bbox 232 1314 402 1399; x_wconf 81' lang='lat' dir='ltr'><strong>ne&#39;licium,</strong></span> <span class='ocrx_word' id='word_1_39' title='bbox 423 1318 629 1407; x_wconf 87' lang='lat' dir='ltr'><strong>amplectere</strong></span> <span class='ocrx_word' id='word_1_40' title='bbox 649 1317 818 1406; x_wconf 85' lang='lat' dir='ltr'><strong>gratiam:</strong></span> <span class='ocrx_word' id='word_1_41' title='bbox 836 1317 925 1407; x_wconf 87' lang='lat' dir='ltr'><strong>pelle</strong></span> <span class='ocrx_word' id='word_1_42' title='bbox 947 1315 1175 1408; x_wconf 85' lang='lat' dir='ltr'><strong>suspiciones.</strong></span> <span class='ocrx_word' id='word_1_43' title='bbox 1190 1318 1317 1411; x_wconf 82' lang='lat' dir='ltr'><strong>Longo</strong></span> 
     </span>
     <span class='ocr_line' id='line_1_7' title="bbox 232 1436 1314 1531; baseline 0.001 -21"><span class='ocrx_word' id='word_1_44' title='bbox 232 1439 308 1510; x_wconf 86' lang='lat' dir='ltr'><strong>sine</strong></span> <span class='ocrx_word' id='word_1_45' title='bbox 329 1438 397 1509; x_wconf 85' lang='lat' dir='ltr'><strong>fine</strong></span> <span class='ocrx_word' id='word_1_46' title='bbox 417 1439 584 1531; x_wconf 88' lang='lat' dir='ltr'><strong>supplicio</strong></span> <span class='ocrx_word' id='word_1_47' title='bbox 601 1438 728 1527; x_wconf 86' lang='lat' dir='ltr'><strong>dignus</strong></span> <span class='ocrx_word' id='word_1_48' title='bbox 750 1457 829 1508; x_wconf 85' lang='lat' dir='ltr'><strong>eras</strong></span> <span class='ocrx_word' id='word_1_49' title='bbox 845 1461 852 1517; x_wconf 94' lang='lat'>;</span> <span class='ocrx_word' id='word_1_50' title='bbox 870 1436 979 1527; x_wconf 85' lang='lat' dir='ltr'><strong>gloria</strong></span> <span class='ocrx_word' id='word_1_51' title='bbox 996 1436 1066 1516; x_wconf 83' lang='lat' dir='ltr'><strong>tibi,</strong></span> <span class='ocrx_word' id='word_1_52' title='bbox 1089 1438 1154 1509; x_wconf 89' lang='lat' dir='ltr'><strong>nisi</strong></span> <span class='ocrx_word' id='word_1_53' title='bbox 1172 1440 1314 1523; x_wconf 82' lang='lat' dir='ltr'><strong>renuis,</strong></span> 
     </span>
     <span class='ocr_line' id='line_1_8' title="bbox 232 1556 1315 1652; baseline 0.001 -22"><span class='ocrx_word' id='word_1_54' title='bbox 232 1571 362 1631; x_wconf 82' lang='lat' dir='ltr'><strong>aeterna</strong></span> <span class='ocrx_word' id='word_1_55' title='bbox 383 1559 606 1652; x_wconf 89' lang='lat' dir='ltr'><strong>proponitur:</strong></span> <span class='ocrx_word' id='word_1_56' title='bbox 633 1579 796 1629; x_wconf 87' lang='lat' dir='ltr'><strong>severum</strong></span> <span class='ocrx_word' id='word_1_57' title='bbox 816 1556 965 1627; x_wconf 86' lang='lat' dir='ltr'><strong>iudicem</strong></span> <span class='ocrx_word' id='word_1_58' title='bbox 987 1558 1190 1640; x_wconf 87' lang='lat' dir='ltr'><strong>metuebas;</strong></span> <span class='ocrx_word' id='word_1_59' title='bbox 1214 1562 1315 1652; x_wconf 88' lang='lat' dir='ltr'><strong>pium</strong></span> 
     </span>
     <span class='ocr_line' id='line_1_9' title="bbox 230 1678 1313 1778; baseline -0.001 -25"><span class='ocrx_word' id='word_1_60' title='bbox 230 1692 363 1775; x_wconf 88' lang='lat' dir='ltr'><strong>patrem</strong></span> <span class='ocrx_word' id='word_1_61' title='bbox 391 1679 565 1751; x_wconf 83' lang='lat' dir='ltr'><strong>invenisti.</strong></span> <span class='ocrx_word' id='word_1_62' title='bbox 602 1678 768 1765; x_wconf 83' lang='lat' dir='ltr'><strong>Quoruodo</strong></span> <span class='ocrx_word' id='word_1_63' title='bbox 798 1680 974 1778; x_wconf 66' lang='lat' dir='ltr'><strong>moeretur</strong></span> <span class='ocrx_word' id='word_1_64' title='bbox 1007 1689 1105 1770; x_wconf 84' lang='lat' dir='ltr'><strong>pater</strong></span> <span class='ocrx_word' id='word_1_65' title='bbox 1139 1682 1313 1772; x_wconf 68' lang='lat' dir='ltr'><strong>filiorum,</strong></span> 
     </span>
     <span class='ocr_line' id='line_1_10' title="bbox 229 1801 1314 1893; baseline 0.005 -19"><span class='ocrx_word' id='word_1_66' title='bbox 229 1806 380 1874; x_wconf 71' lang='lat' dir='ltr'><strong>misertas</strong></span> <span class='ocrx_word' id='word_1_67' title='bbox 399 1814 445 1871; x_wconf 86' lang='lat' dir='ltr'><strong>est</strong></span> <span class='ocrx_word' id='word_1_68' title='bbox 462 1802 622 1872; x_wconf 79' lang='lat' dir='ltr'><strong>Dominus</strong></span> <span class='ocrx_word' id='word_1_69' title='bbox 644 1803 831 1870; x_wconf 79' lang='lat' dir='ltr'><strong>timentibus</strong></span> <span class='ocrx_word' id='word_1_70' title='bbox 854 1822 906 1881; x_wconf 82' lang='lat' dir='ltr'><strong>se,</strong></span> <span class='ocrx_word' id='word_1_71' title='bbox 929 1821 998 1871; x_wconf 93' lang='lat' dir='ltr'><strong>non</strong></span> <span class='ocrx_word' id='word_1_72' title='bbox 1020 1801 1102 1893; x_wconf 91' lang='lat' dir='ltr'><strong>quia</strong></span> <span class='ocrx_word' id='word_1_73' title='bbox 1127 1802 1164 1873; x_wconf 90' lang='lat' dir='ltr'><strong>id</strong></span> <span class='ocrx_word' id='word_1_74' title='bbox 1189 1813 1314 1879; x_wconf 88' lang='lat' dir='ltr'><strong>nostra</strong></span> 
     </span>
     <span class='ocr_line' id='line_1_11' title="bbox 230 1920 1312 2018; baseline 0.001 -22"><span class='ocrx_word' id='word_1_75' title='bbox 230 1936 368 2018; x_wconf 87' lang='lat' dir='ltr'><strong>peccata</strong></span> <span class='ocrx_word' id='word_1_76' title='bbox 389 1932 628 1994; x_wconf 88' lang='lat' dir='ltr'><strong>mererentur:</strong></span> <span class='ocrx_word' id='word_1_77' title='bbox 647 1922 711 1993; x_wconf 85' lang='lat' dir='ltr'><strong>scd</strong></span> <span class='ocrx_word' id='word_1_78' title='bbox 727 1921 809 2013; x_wconf 89' lang='lat' dir='ltr'><strong>quia</strong></span> <span class='ocrx_word' id='word_1_79' title='bbox 826 1922 902 2014; x_wconf 89' lang='lat' dir='ltr'><strong>ipse</strong></span> <span class='ocrx_word' id='word_1_80' title='bbox 919 1923 1082 2012; x_wconf 88' lang='lat' dir='ltr'><strong>cognovit</strong></span> <span class='ocrx_word' id='word_1_81' title='bbox 1103 1920 1312 2015; x_wconf 80' lang='lat' dir='ltr'><strong>figmentum</strong></span> 
     </span>
     <span class='ocr_line' id='line_1_12' title="bbox 228 2042 1312 2135; baseline 0.002 -20"><span class='ocrx_word' id='word_1_82' title='bbox 228 2057 385 2119; x_wconf 86' lang='lat' dir='ltr'><strong>nostrum</strong></span> <span class='ocrx_word' id='word_1_83' title='bbox 409 2056 444 2115; x_wconf 89' lang='lat' dir='ltr'><strong>et</strong></span> <span class='ocrx_word' id='word_1_84' title='bbox 465 2046 665 2116; x_wconf 89' lang='lat' dir='ltr'><strong>reeordatus</strong></span> <span class='ocrx_word' id='word_1_85' title='bbox 687 2051 741 2114; x_wconf 89' lang='lat' dir='ltr'><strong>est</strong></span> <span class='ocrx_word' id='word_1_86' title='bbox 761 2042 923 2135; x_wconf 91' lang='lat' dir='ltr'><strong>quoniam</strong></span> <span class='ocrx_word' id='word_1_87' title='bbox 943 2042 1057 2134; x_wconf 89' lang='lat' dir='ltr'><strong>pulvis</strong></span> <span class='ocrx_word' id='word_1_88' title='bbox 1079 2064 1214 2115; x_wconf 87' lang='lat' dir='ltr'><strong>snmus.</strong></span> <span class='ocrx_word' id='word_1_89' title='bbox 1231 2046 1312 2117; x_wconf 90' lang='lat' dir='ltr'><strong>Non</strong></span> 
     </span>
     <span class='ocr_line' id='line_1_13' title="bbox 229 2151 1310 2257; baseline 0.002 -20"><span class='ocrx_word' id='word_1_90' title='bbox 229 2188 313 2255; x_wconf 86' lang='lat' dir='ltr'><strong>ergo</strong></span> <span class='ocrx_word' id='word_1_91' title='bbox 349 2176 416 2233; x_wconf 84' lang='lat' dir='ltr'><strong>tam</strong></span> <span class='ocrx_word' id='word_1_92' title='bbox 450 2164 600 2255; x_wconf 86' lang='lat' dir='ltr'><strong>peccatis</strong></span> <span class='ocrx_word' id='word_1_93' title='bbox 635 2164 763 2234; x_wconf 91' lang='lat' dir='ltr'><strong>nostris</strong></span> <span class='ocrx_word' id='word_1_94' title='bbox 795 2151 966 2246; x_wconf 86' lang='lat' dir='ltr'><strong>irascitur,</strong></span> <span class='ocrx_word' id='word_1_95' title='bbox 998 2184 1102 2254; x_wconf 91' lang='lat' dir='ltr'><strong>quam</strong></span> <span class='ocrx_word' id='word_1_96' title='bbox 1133 2165 1310 2257; x_wconf 80' lang='lat' dir='ltr'><strong>fragilitati</strong></span> 
     </span>
     <span class='ocr_line' id='line_1_14' title="bbox 230 2283 1312 2379; baseline 0.005 -22"><span class='ocrx_word' id='word_1_97' title='bbox 230 2286 485 2377; x_wconf 68' lang='lat' dir='ltr'><strong>composituros</strong></span> <span class='ocrx_word' id='word_1_98' title='bbox 499 2283 733 2375; x_wconf 79' lang='lat' dir='ltr'><strong>indigentibus</strong></span> <span class='ocrx_word' id='word_1_99' title='bbox 754 2306 854 2379; x_wconf 88' lang='lat' dir='ltr'><strong>opem</strong></span> <span class='ocrx_word' id='word_1_100' title='bbox 876 2288 951 2355; x_wconf 87' lang='lat' dir='ltr'><strong>sert.</strong></span> <span class='ocrx_word' id='word_1_101' title='bbox 975 2287 1081 2355; x_wconf 89' lang='lat' dir='ltr'><strong>Tanta</strong></span> <span class='ocrx_word' id='word_1_102' title='bbox 1103 2306 1160 2357; x_wconf 86' lang='lat' dir='ltr'><strong>res</strong></span> <span class='ocrx_word' id='word_1_103' title='bbox 1180 2296 1248 2370; x_wconf 81' lang='lat' dir='ltr'><strong>est,</strong></span> <span class='ocrx_word' id='word_1_104' title='bbox 1271 2301 1312 2362; x_wconf 88' lang='lat' dir='ltr'><strong>ut</strong></span> 
     </span>
     <span class='ocr_line' id='line_1_15' title="bbox 230 2403 1311 2500; baseline 0.003 -23"><span class='ocrx_word' id='word_1_105' title='bbox 230 2428 296 2477; x_wconf 89' lang='lat' dir='ltr'><strong>non</strong></span> <span class='ocrx_word' id='word_1_106' title='bbox 317 2404 414 2475; x_wconf 88' lang='lat' dir='ltr'><strong>facile</strong></span> <span class='ocrx_word' id='word_1_107' title='bbox 435 2403 609 2476; x_wconf 79' lang='lat' dir='ltr'><strong>credenda</strong></span> <span class='ocrx_word' id='word_1_108' title='bbox 628 2405 796 2488; x_wconf 88' lang='lat' dir='ltr'><strong>videatur,</strong></span> <span class='ocrx_word' id='word_1_109' title='bbox 819 2427 882 2500; x_wconf 91' lang='lat' dir='ltr'><strong>pro</strong></span> <span class='ocrx_word' id='word_1_110' title='bbox 903 2407 996 2476; x_wconf 91' lang='lat' dir='ltr'><strong>malo</strong></span> <span class='ocrx_word' id='word_1_111' title='bbox 1017 2406 1154 2490; x_wconf 89' lang='lat' dir='ltr'><strong>bonnm,</strong></span> <span class='ocrx_word' id='word_1_112' title='bbox 1178 2428 1243 2500; x_wconf 91' lang='lat' dir='ltr'><strong>pro</strong></span> <span class='ocrx_word' id='word_1_113' title='bbox 1258 2411 1311 2480; x_wconf 85' lang='lat' dir='ltr'><strong>ol·</strong></span> 
     </span>
     <span class='ocr_line' id='line_1_16' title="bbox 228 2524 1310 2619; baseline 0.006 -22"><span class='ocrx_word' id='word_1_114' title='bbox 228 2529 325 2597; x_wconf 82' lang='lat' dir='ltr'><strong>tensa</strong></span> <span class='ocrx_word' id='word_1_115' title='bbox 346 2524 491 2614; x_wconf 78' lang='lat' dir='ltr'><strong>gratiam</strong></span> <span class='ocrx_word' id='word_1_116' title='bbox 511 2525 639 2609; x_wconf 83' lang='lat' dir='ltr'><strong>reterri,</strong></span> <span class='ocrx_word' id='word_1_117' title='bbox 658 2525 703 2595; x_wconf 90' lang='lat' dir='ltr'><strong>ab</strong></span> <span class='ocrx_word' id='word_1_118' title='bbox 720 2544 762 2596; x_wconf 87' lang='lat' dir='ltr'><strong>eo</strong></span> <span class='ocrx_word' id='word_1_119' title='bbox 783 2527 977 2618; x_wconf 85' lang='lat' dir='ltr'><strong>praesertim</strong></span> <span class='ocrx_word' id='word_1_120' title='bbox 996 2548 1100 2619; x_wconf 90' lang='lat' dir='ltr'><strong>quem</strong></span> <span class='ocrx_word' id='word_1_121' title='bbox 1118 2528 1310 2603; x_wconf 80' lang='lat' dir='ltr'><strong>offendisse</strong></span> 
     </span>
     <span class='ocr_line' id='line_1_17' title="bbox 229 2646 1304 2741; baseline 0.002 -23"><span class='ocrx_word' id='word_1_122' title='bbox 229 2657 296 2718; x_wconf 91' lang='lat' dir='ltr'><strong>lam</strong></span> <span class='ocrx_word' id='word_1_123' title='bbox 323 2646 504 2737; x_wconf 88' lang='lat' dir='ltr'><strong>indignum</strong></span> <span class='ocrx_word' id='word_1_124' title='bbox 526 2646 582 2729; x_wconf 80' lang='lat' dir='ltr'><strong>sit,</strong></span> <span class='ocrx_word' id='word_1_125' title='bbox 612 2647 728 2738; x_wconf 89' lang='lat' dir='ltr'><strong>etqui</strong></span> <span class='ocrx_word' id='word_1_126' title='bbox 754 2668 793 2716; x_wconf 92' lang='lat' dir='ltr'><strong>sc</strong></span> <span class='ocrx_word' id='word_1_127' title='bbox 815 2654 883 2717; x_wconf 86' lang='lat' dir='ltr'><strong>tam</strong></span> <span class='ocrx_word' id='word_1_128' title='bbox 910 2648 1008 2719; x_wconf 78' lang='lat' dir='ltr'><strong>facile</strong></span> <span class='ocrx_word' id='word_1_129' title='bbox 1029 2650 1142 2741; x_wconf 90' lang='lat' dir='ltr'><strong>possit</strong></span> <span class='ocrx_word' id='word_1_130' title='bbox 1162 2650 1304 2733; x_wconf 86' lang='lat' dir='ltr'><strong>ulcisai;</strong></span> 
     </span>
     <span class='ocr_line' id='line_1_18' title="bbox 226 2767 1308 2860; baseline 0.002 -19"><span class='ocrx_word' id='word_1_131' title='bbox 226 2770 400 2841; x_wconf 85' lang='lat' dir='ltr'><strong>credenda</strong></span> <span class='ocrx_word' id='word_1_132' title='bbox 419 2780 533 2839; x_wconf 91' lang='lat' dir='ltr'><strong>tamen</strong></span> <span class='ocrx_word' id='word_1_133' title='bbox 552 2769 643 2840; x_wconf 90' lang='lat' dir='ltr'><strong>haud</strong></span> <span class='ocrx_word' id='word_1_134' title='bbox 663 2767 767 2840; x_wconf 87' lang='lat' dir='ltr'><strong>dubie</strong></span> <span class='ocrx_word' id='word_1_135' title='bbox 787 2778 851 2852; x_wconf 88' lang='lat' dir='ltr'><strong>est,</strong></span> <span class='ocrx_word' id='word_1_136' title='bbox 873 2778 909 2839; x_wconf 90' lang='lat' dir='ltr'><strong>ot</strong></span> <span class='ocrx_word' id='word_1_137' title='bbox 928 2769 1152 2860; x_wconf 86' lang='lat' dir='ltr'><strong>agnoscenda</strong></span> <span class='ocrx_word' id='word_1_138' title='bbox 1171 2772 1308 2845; x_wconf 85' lang='lat' dir='ltr'><strong>miseri-</strong></span> 
     </span>
     <span class='ocr_line' id='line_1_19' title="bbox 225 2890 1308 2986; baseline 0.006 -25"><span class='ocrx_word' id='word_1_139' title='bbox 225 2891 341 2963; x_wconf 86' lang='lat' dir='ltr'><strong>cordia</strong></span> <span class='ocrx_word' id='word_1_140' title='bbox 362 2890 610 2982; x_wconf 84' lang='lat' dir='ltr'><strong>Redemptoris,</strong></span> <span class='ocrx_word' id='word_1_141' title='bbox 630 2892 806 2982; x_wconf 90' lang='lat' dir='ltr'><strong>quoniam,</strong></span> <span class='ocrx_word' id='word_1_142' title='bbox 832 2902 868 2961; x_wconf 95' lang='lat' dir='ltr'><strong>ut</strong></span> <span class='ocrx_word' id='word_1_143' title='bbox 888 2892 922 2960; x_wconf 90' lang='lat' dir='ltr'><strong>in</strong></span> <span class='ocrx_word' id='word_1_144' title='bbox 935 2913 978 2963; x_wconf 89' lang='grc' dir='ltr'><strong>εο</strong></span> <span class='ocrx_word' id='word_1_145' title='bbox 993 2892 1092 2975; x_wconf 87' lang='lat' dir='ltr'><strong>libro,</strong></span> <span class='ocrx_word' id='word_1_146' title='bbox 1106 2914 1213 2985; x_wconf 84' lang='lat' dir='ltr'><strong>quem</strong></span> <span class='ocrx_word' id='word_1_147' title='bbox 1228 2916 1308 2986; x_wconf 85' lang='lat' dir='ltr'><strong>pro-</strong></span> 
     </span>
     <span class='ocr_line' id='line_1_20' title="bbox 224 3011 1310 3101; baseline 0.005 -18"><span class='ocrx_word' id='word_1_148' title='bbox 224 3012 431 3083; x_wconf 85' lang='lat' dir='ltr'><strong>fundissime</strong></span> <span class='ocrx_word' id='word_1_149' title='bbox 452 3012 497 3083; x_wconf 89' lang='lat' dir='ltr'><strong>dc</strong></span> <span class='ocrx_word' id='word_1_150' title='bbox 517 3033 602 3082; x_wconf 87' lang='lat' dir='ltr'><strong>vcra</strong></span> <span class='ocrx_word' id='word_1_151' title='bbox 624 3011 789 3101; x_wconf 88' lang='lat' dir='ltr'><strong>religione</strong></span> <span class='ocrx_word' id='word_1_152' title='bbox 806 3012 985 3083; x_wconf 80' lang='lat' dir='ltr'><strong>fundatum</strong></span> <span class='ocrx_word' id='word_1_153' title='bbox 1001 3013 1119 3091; x_wconf 83' lang='lat' dir='ltr'><strong>edidit,</strong></span> <span class='ocrx_word' id='word_1_154' title='bbox 1133 3014 1240 3085; x_wconf 86' lang='lat' dir='ltr'><strong>Pater</strong></span> <span class='ocrx_word' id='word_1_155' title='bbox 1260 3015 1310 3088; x_wconf 89' lang='lat' dir='ltr'><strong>ait</strong></span> 
     </span>
     <span class='ocr_line' id='line_1_21' title="bbox 225 3133 1307 3230; baseline 0.006 -28"><span class='ocrx_word' id='word_1_156' title='bbox 225 3133 465 3224; x_wconf 77' lang='lat' dir='ltr'><strong>Augustinus:</strong></span> <span class='ocrx_word' id='word_1_157' title='bbox 488 3155 556 3203; x_wconf 83' lang='lat' dir='ltr'><strong>aaa</strong></span> <span class='ocrx_word' id='word_1_158' title='bbox 577 3135 645 3202; x_wconf 85' lang='lat' dir='ltr'><strong>iam</strong></span> <span class='ocrx_word' id='word_1_159' title='bbox 665 3133 725 3202; x_wconf 87' lang='lat' dir='ltr'><strong>illa</strong></span> <span class='ocrx_word' id='word_1_160' title='bbox 744 3134 887 3203; x_wconf 80' lang='lat' dir='ltr'><strong>lromim&#39;s</strong></span> <span class='ocrx_word' id='word_1_161' title='bbox 911 3147 1120 3205; x_wconf 81' lang='lat' dir='ltr'><strong>sacrosancta</strong></span> <span class='ocrx_word' id='word_1_162' title='bbox 1144 3139 1307 3230; x_wconf 80' lang='lat' dir='ltr'><strong>susceptio</strong></span> 
     </span>
     <span class='ocr_line' id='line_1_22' title="bbox 225 3253 1307 3348; baseline 0.007 -27"><span class='ocrx_word' id='word_1_163' title='bbox 225 3266 255 3323; x_wconf 89' lang='lat' dir='ltr'><strong>et</strong></span> <span class='ocrx_word' id='word_1_164' title='bbox 280 3254 427 3340; x_wconf 72' lang='lat' dir='ltr'><strong>Virginis</strong></span> <span class='ocrx_word' id='word_1_165' title='bbox 445 3264 561 3344; x_wconf 85' lang='lat' dir='ltr'><strong>partas</strong></span> <span class='ocrx_word' id='word_1_166' title='bbox 581 3265 612 3323; x_wconf 82' lang='grc' dir='ltr'><strong>ει</strong></span> <span class='ocrx_word' id='word_1_167' title='bbox 632 3276 720 3323; x_wconf 81' lang='lat' dir='ltr'><strong>mors</strong></span> <span class='ocrx_word' id='word_1_168' title='bbox 740 3253 826 3324; x_wconf 81' lang='lat' dir='ltr'><strong>Filii</strong></span> <span class='ocrx_word' id='word_1_169' title='bbox 839 3255 913 3325; x_wconf 74' lang='lat' dir='ltr'><strong>ilai</strong></span> <span class='ocrx_word' id='word_1_170' title='bbox 934 3279 996 3348; x_wconf 81' lang='lat' dir='ltr'><strong>pro</strong></span> <span class='ocrx_word' id='word_1_171' title='bbox 1020 3259 1115 3327; x_wconf 81' lang='lat' dir='ltr'><strong>uobis</strong></span> <span class='ocrx_word' id='word_1_172' title='bbox 1138 3268 1171 3327; x_wconf 85' lang='lat' dir='ltr'><strong>el</strong></span> <span class='ocrx_word' id='word_1_173' title='bbox 1195 3278 1307 3329; x_wconf 77' lang='lat' dir='ltr'><strong>recur-</strong></span> 
     </span>
     <span class='ocr_line' id='line_1_23' title="bbox 225 3373 1308 3453; baseline 0.013 -14"><span class='ocrx_word' id='word_1_174' title='bbox 225 3373 324 3440; x_wconf 81' lang='lat' dir='ltr'><strong>ructio</strong></span> <span class='ocrx_word' id='word_1_175' title='bbox 351 3396 373 3441; x_wconf 89' lang='lat' dir='ltr'><strong>a</strong></span> <span class='ocrx_word' id='word_1_176' title='bbox 397 3375 534 3443; x_wconf 85' lang='lat' dir='ltr'><strong>mortuis</strong></span> <span class='ocrx_word' id='word_1_177' title='bbox 564 3387 595 3443; x_wconf 89' lang='lat' dir='ltr'><strong>ct</strong></span> <span class='ocrx_word' id='word_1_178' title='bbox 619 3378 654 3445; x_wconf 85' lang='lat' dir='ltr'><strong>ia</strong></span> <span class='ocrx_word' id='word_1_179' title='bbox 681 3378 798 3445; x_wconf 86' lang='lat' dir='ltr'><strong>coelum</strong></span> <span class='ocrx_word' id='word_1_180' title='bbox 823 3380 969 3447; x_wconf 83' lang='lat' dir='ltr'><strong>ascensio</strong></span> <span class='ocrx_word' id='word_1_181' title='bbox 1001 3389 1032 3448; x_wconf 86' lang='lat' dir='ltr'><strong>et</strong></span> <span class='ocrx_word' id='word_1_182' title='bbox 1065 3400 1232 3451; x_wconf 78' lang='lat' dir='ltr'><strong>consessus</strong></span> <span class='ocrx_word' id='word_1_183' title='bbox 1262 3380 1308 3453; x_wconf 78' lang='lat' dir='ltr'><strong>ad</strong></span> 
     </span>
     <span class='ocr_line' id='line_1_24' title="bbox 225 3490 1308 3589; baseline 0.011 -29"><span class='ocrx_word' id='word_1_184' title='bbox 225 3490 396 3561; x_wconf 76' lang='lat' dir='ltr'><strong>deuterum</strong></span> <span class='ocrx_word' id='word_1_185' title='bbox 428 3492 540 3562; x_wconf 86' lang='lat' dir='ltr'><strong>Patris</strong></span> <span class='ocrx_word' id='word_1_186' title='bbox 574 3507 604 3562; x_wconf 83' lang='lat' dir='ltr'><strong>et</strong></span> <span class='ocrx_word' id='word_1_187' title='bbox 635 3507 844 3587; x_wconf 80' lang='lat' dir='ltr'><strong>peccatoram</strong></span> <span class='ocrx_word' id='word_1_188' title='bbox 876 3497 1010 3567; x_wconf 83' lang='lat' dir='ltr'><strong>abolitio</strong></span> <span class='ocrx_word' id='word_1_189' title='bbox 1041 3509 1071 3568; x_wconf 85' lang='lat' dir='ltr'><strong>et</strong></span> <span class='ocrx_word' id='word_1_190' title='bbox 1089 3499 1213 3589; x_wconf 83' lang='lat' dir='ltr'><strong>judicii</strong></span> <span class='ocrx_word' id='word_1_191' title='bbox 1235 3498 1308 3572; x_wconf 77' lang='lat' dir='ltr'><strong>dics</strong></span> 
     </span>
     <span class='ocr_line' id='line_1_25' title="bbox 226 3619 1307 3708; baseline 0.014 -25"><span class='ocrx_word' id='word_1_192' title='bbox 226 3626 256 3683; x_wconf 87' lang='lat' dir='ltr'><strong>et</strong></span> <span class='ocrx_word' id='word_1_193' title='bbox 292 3634 464 3704; x_wconf 80' lang='lat' dir='ltr'><strong>corporum</strong></span> <span class='ocrx_word' id='word_1_194' title='bbox 495 3619 714 3702; x_wconf 82' lang='lat' dir='ltr'><strong>resuscitatio,</strong></span> <span class='ocrx_word' id='word_1_195' title='bbox 749 3620 881 3708; x_wconf 76' lang='lat' dir='ltr'><strong>cognita</strong></span> <span class='ocrx_word' id='word_1_196' title='bbox 914 3624 1097 3693; x_wconf 77' lang='lat' dir='ltr'><strong>eternitate</strong></span> <span class='ocrx_word' id='word_1_197' title='bbox 1131 3623 1307 3697; x_wconf 77' lang='lat' dir='ltr'><strong>Trinitatis</strong></span> 
     </span>
     <span class='ocr_line' id='line_1_26' title="bbox 226 3737 1306 3828; baseline 0.013 -24"><span class='ocrx_word' id='word_1_198' title='bbox 226 3749 256 3805; x_wconf 86' lang='lat' dir='ltr'><strong>et</strong></span> <span class='ocrx_word' id='word_1_199' title='bbox 276 3737 494 3807; x_wconf 73' lang='lat' dir='ltr'><strong>tractabilitate</strong></span> <span class='ocrx_word' id='word_1_200' title='bbox 515 3750 675 3810; x_wconf 81' lang='lat' dir='ltr'><strong>creature</strong></span> <span class='ocrx_word' id='word_1_201' title='bbox 695 3737 874 3809; x_wconf 78' lang='lat' dir='ltr'><strong>credamur</strong></span> <span class='ocrx_word' id='word_1_202' title='bbox 895 3753 1041 3828; x_wconf 84' lang='lat' dir='ltr'><strong>tantum,</strong></span> <span class='ocrx_word' id='word_1_203' title='bbox 1065 3757 1096 3814; x_wconf 89' lang='grc' dir='ltr'><strong>ει</strong></span> <span class='ocrx_word' id='word_1_204' title='bbox 1113 3768 1182 3815; x_wconf 85' lang='lat' dir='ltr'><strong>aaa</strong></span> <span class='ocrx_word' id='word_1_205' title='bbox 1204 3749 1306 3819; x_wconf 85' lang='lat' dir='ltr'><strong>ctiam</strong></span> 
     </span>
     <span class='ocr_line' id='line_1_27' title="bbox 225 3857 1308 3959; baseline 0.011 -32"><span class='ocrx_word' id='word_1_206' title='bbox 225 3857 415 3928; x_wconf 80' lang='lat' dir='ltr'><strong>indicantur</strong></span> <span class='ocrx_word' id='word_1_207' title='bbox 447 3860 490 3930; x_wconf 79' lang='lat' dir='ltr'><strong>ai</strong></span> <span class='ocrx_word' id='word_1_208' title='bbox 519 3864 640 3930; x_wconf 84' lang='lat' dir='ltr'><strong>sarami</strong></span> <span class='ocrx_word' id='word_1_209' title='bbox 669 3861 733 3929; x_wconf 85' lang='lat' dir='ltr'><strong>Dei</strong></span> <span class='ocrx_word' id='word_1_210' title='bbox 763 3863 1035 3949; x_wconf 84' lang='lat' dir='ltr'><strong>urr&#39;seriaordiam,</strong></span> <span class='ocrx_word' id='word_1_211' title='bbox 1067 3889 1166 3956; x_wconf 84' lang='lat' dir='ltr'><strong>quam</strong></span> <span class='ocrx_word' id='word_1_212' title='bbox 1190 3870 1308 3959; x_wconf 68' lang='lat' dir='ltr'><strong>perrari·</strong></span> 
     </span>
     <span class='ocr_line' id='line_1_28' title="bbox 224 3982 1302 4076; baseline 0.01 -28"><span class='ocrx_word' id='word_1_213' title='bbox 224 3982 533 4065; x_wconf 69' lang='lat' dir='ltr'><strong>immacculata,</strong></span> <span class='ocrx_word' id='word_1_214' title='bbox 553 3984 729 4074; x_wconf 82' lang='lat' dir='ltr'><strong>pertinere.</strong></span> <span class='ocrx_word' id='word_1_215' title='bbox 752 3984 817 4056; x_wconf 88' lang='lat' dir='ltr'><strong>Pro</strong></span> <span class='ocrx_word' id='word_1_216' title='bbox 838 3985 965 4076; x_wconf 90' lang='lat' dir='ltr'><strong>quibus</strong></span> <span class='ocrx_word' id='word_1_217' title='bbox 986 3987 1159 4071; x_wconf 72' lang='lat' dir='ltr'><strong>omnibus</strong></span> <span class='ocrx_word' id='word_1_218' title='bbox 1181 3990 1302 4071; x_wconf 85' lang='lat' dir='ltr'><strong>amice,</strong></span> 
     </span>
     <span class='ocr_line' id='line_1_29' title="bbox 224 4101 1304 4200; baseline 0.008 -31"><span class='ocrx_word' id='word_1_219' title='bbox 224 4101 404 4174; x_wconf 91' lang='lat' dir='ltr'><strong>admiratio</strong></span> <span class='ocrx_word' id='word_1_220' title='bbox 429 4105 528 4176; x_wconf 92' lang='lat' dir='ltr'><strong>nobis</strong></span> <span class='ocrx_word' id='word_1_221' title='bbox 555 4103 676 4194; x_wconf 88' lang='lat' dir='ltr'><strong>ingens</strong></span> <span class='ocrx_word' id='word_1_222' title='bbox 710 4107 819 4176; x_wconf 80' lang='lat' dir='ltr'><strong>fateor</strong></span> <span class='ocrx_word' id='word_1_223' title='bbox 853 4117 1042 4200; x_wconf 87' lang='lat' dir='ltr'><strong>stuporque</strong></span> <span class='ocrx_word' id='word_1_224' title='bbox 1074 4108 1241 4191; x_wconf 86' lang='lat' dir='ltr'><strong>salubris,</strong></span> <span class='ocrx_word' id='word_1_225' title='bbox 1268 4119 1304 4179; x_wconf 91' lang='grc' dir='ltr'><strong>ει</strong></span> 
     </span>
     <span class='ocr_line' id='line_1_30' title="bbox 224 4226 1303 4321; baseline 0.01 -29"><span class='ocrx_word' id='word_1_226' title='bbox 224 4243 332 4315; x_wconf 89' lang='lat' dir='ltr'><strong>pavor</strong></span> <span class='ocrx_word' id='word_1_227' title='bbox 351 4226 501 4298; x_wconf 87' lang='lat' dir='ltr'><strong>devotus</strong></span> <span class='ocrx_word' id='word_1_228' title='bbox 521 4226 782 4321; x_wconf 89' lang='lat' dir='ltr'><strong>amplectendus</strong></span> <span class='ocrx_word' id='word_1_229' title='bbox 802 4236 908 4320; x_wconf 88' lang='lat' dir='ltr'><strong>atque</strong></span> <span class='ocrx_word' id='word_1_230' title='bbox 929 4229 1100 4300; x_wconf 86' lang='lat' dir='ltr'><strong>tenendus</strong></span> <span class='ocrx_word' id='word_1_231' title='bbox 1120 4242 1186 4301; x_wconf 90' lang='lat' dir='ltr'><strong>est.</strong></span> <span class='ocrx_word' id='word_1_232' title='bbox 1208 4232 1303 4315; x_wconf 85' lang='lat' dir='ltr'><strong>Ouo·</strong></span> 
     </span>
     <span class='ocr_line' id='line_1_31' title="bbox 223 4344 1302 4441; baseline 0.01 -29"><span class='ocrx_word' id='word_1_233' title='bbox 223 4344 314 4414; x_wconf 86' lang='lat' dir='ltr'><strong>niam</strong></span> <span class='ocrx_word' id='word_1_234' title='bbox 341 4369 416 4415; x_wconf 81' lang='lat' dir='ltr'><strong>aere</strong></span> <span class='ocrx_word' id='word_1_235' title='bbox 448 4350 608 4419; x_wconf 78' lang='lat' dir='ltr'><strong>mirabilis</strong></span> <span class='ocrx_word' id='word_1_236' title='bbox 633 4349 670 4416; x_wconf 84' lang='lat' dir='ltr'><strong>in</strong></span> <span class='ocrx_word' id='word_1_237' title='bbox 695 4350 770 4418; x_wconf 82' lang='lat' dir='ltr'><strong>allis</strong></span> <span class='ocrx_word' id='word_1_238' title='bbox 796 4350 976 4433; x_wconf 86' lang='lat' dir='ltr'><strong>Doraiaus,</strong></span> <span class='ocrx_word' id='word_1_239' title='bbox 1004 4372 1080 4420; x_wconf 73' lang='lat' dir='ltr'><strong>arere</strong></span> <span class='ocrx_word' id='word_1_240' title='bbox 1105 4374 1248 4441; x_wconf 71' lang='lat' dir='ltr'><strong>magicas</strong></span> <span class='ocrx_word' id='word_1_241' title='bbox 1271 4363 1302 4423; x_wconf 83' lang='lat' dir='ltr'><strong>et</strong></span> 
     </span>
     <span class='ocr_line' id='line_1_32' title="bbox 224 4465 1301 4559; baseline 0.014 -28"><span class='ocrx_word' id='word_1_242' title='bbox 224 4465 376 4535; x_wconf 80' lang='lat' dir='ltr'><strong>terribilis</strong></span> <span class='ocrx_word' id='word_1_243' title='bbox 406 4489 503 4559; x_wconf 83' lang='lat' dir='ltr'><strong>supr-r</strong></span> <span class='ocrx_word' id='word_1_244' title='bbox 535 4469 727 4559; x_wconf 81' lang='lat' dir='ltr'><strong>omnesqui</strong></span> <span class='ocrx_word' id='word_1_245' title='bbox 756 4471 793 4537; x_wconf 86' lang='lat' dir='ltr'><strong>iu</strong></span> <span class='ocrx_word' id='word_1_246' title='bbox 825 4471 966 4539; x_wconf 80' lang='lat' dir='ltr'><strong>rirrru&#39;tu</strong></span> <span class='ocrx_word' id='word_1_247' title='bbox 991 4473 1060 4541; x_wconf 82' lang='lat' dir='ltr'><strong>er&#39;us</strong></span> <span class='ocrx_word' id='word_1_248' title='bbox 1088 4484 1189 4543; x_wconf 78' lang='lat' dir='ltr'><strong>strat:</strong></span> <span class='ocrx_word' id='word_1_249' title='bbox 1217 4492 1301 4546; x_wconf 78' lang='lat' dir='ltr'><strong>vem</strong></span> 
     </span>
    </p>
   </div>
   <div class='ocr_carea' id='block_1_3' title="bbox 0 0 1374 5062">
    <p class='ocr_par' dir='ltr' id='par_1_3' title="bbox 0 0 1374 5062">
     <span class='ocr_line' id='line_1_33' title="bbox 0 0 1374 5062; baseline 0 4"><span class='ocrx_word' id='word_1_250' title='bbox 0 0 1374 5062; x_wconf 95' lang='lat' dir='ltr'><strong> </strong></span> 
     </span>
    </p>
   </div>
  </div>
 </body>
</html>
