2738 5062
367 608 458 657 urnun
479 607 1024 658 sexrusnucruns.-nr1sronnrx.
1174 600 1233 684 395

154 743 282 813 virtute
295 762 400 832 quarn
415 762 492 812 meo
505 742 693 813 memerito
704 762 822 811 carum
835 762 932 812 esse:
944 745 1233 835 sperarenonde-

152 865 304 933 loturum
328 861 469 932 iustitiae
483 861 541 954 qui
562 862 606 932 sit
623 872 692 932 tam
712 884 841 954 pronus
863 863 907 934 ad
925 864 1082 954 gratiam,
1102 867 1232 960 quique

150 1004 234 1073 erga
253 982 452 1072 religionem
471 983 561 1052 illam
582 984 731 1074 qualiter
748 983 792 1054 sit
805 984 957 1069 affectus
974 987 1047 1058 suis
1062 988 1230 1080 impensis

153 1126 286 1196 suaque
313 1102 488 1194 diligentia
511 1125 618 1198 prope
639 1125 758 1175 muros
785 1107 907 1197 patriae
933 1117 1094 1179 extructo
1119 1130 1231 1200 nuper

151 1228 277 1318 insigni
313 1227 471 1301 coenohio
501 1227 702 1298 declaravit.
728 1230 1005 1301 Intercessurum
1037 1253 1093 1302 me
1125 1231 1230 1323 igitur

151 1349 245 1440 apud
266 1348 369 1421 illum.
389 1360 423 1420 te
443 1348 565 1432 medio,
585 1370 628 1419 nc
646 1349 676 1419 si
696 1349 727 1420 ei
747 1350 920 1442 scripsero
937 1351 970 1422 in
990 1352 1095 1423 rebus
1116 1351 1229 1423 maxi-

153 1471 218 1540 mis
238 1480 444 1563 occupatum
467 1470 620 1542 animuin
643 1469 746 1542 taedio
767 1471 949 1564 scripturae
968 1473 1133 1564 longioris
1154 1472 1230 1544 alli-

151 1592 248 1662 ciam.
271 1593 403 1684 Lingua
423 1603 479 1663 tua
499 1594 654 1664 calamus
675 1613 775 1663 meus
799 1591 873 1664 erit.
896 1593 944 1664 lta
964 1594 1054 1664 enirn
1076 1594 1226 1666 iustissi-
1286 1609 1290 1616 ·

152 1735 218 1786 inae
238 1716 372 1787 illorum
395 1735 516 1808 preces
537 1715 625 1784 meis
650 1713 768 1804 digitis
789 1713 832 1784 ad
853 1717 972 1786 oculos
994 1726 1086 1799 tuos,
1110 1716 1227 1806 lingua

152 1847 210 1907 tua
230 1836 274 1908 ad
295 1836 386 1906 illius
407 1856 524 1918 aures,
547 1844 583 1905 et
602 1854 664 1928 per
685 1835 778 1904 illurn
798 1836 842 1906 ad
866 1836 959 1925 regis
977 1836 1132 1907 notitiam
1151 1857 1228 1927 pcr-

151 1960 310 2028 ferentur.
332 1957 532 2047 Augustnm
554 1955 725 2027 Caesarem
750 1958 953 2046 templorum
976 1957 1127 2027 omniurn
1146 1977 1228 2026 con-

152 2077 297 2148 ditorem
318 2086 379 2147 aut
399 2077 634 2148 restitutorem
653 2096 674 2145 a
695 2076 769 2145 Tito
790 2074 888 2145 Livio
908 2066 1049 2156 dictum,
1066 2075 1225 2146 utimite-

151 2209 214 2282 tur,
240 2199 349 2270 suade
369 2196 451 2270 huic
470 2208 605 2279 nostro,
629 2219 693 2268 seu
714 2196 832 2268 verius
854 2197 991 2280 vincat;
1008 2209 1043 2269 et
1061 2199 1151 2268 sicut
1169 2200 1226 2269 ille

148 2320 327 2402 falsorum,
349 2319 396 2390 ita
417 2318 471 2391 hic
492 2321 567 2391 veri
587 2319 647 2393 Dei
669 2320 793 2413 templa
816 2319 987 2406 restituat,
1009 2342 1156 2413 quorum
1185 2340 1223 2390 se

149 2441 216 2512 iam
235 2441 634 2514 exhibuitlundatorem.
653 2441 768 2513 Habes
787 2443 836 2513 rei
855 2463 1037 2525 summam,
1053 2442 1223 2533 ridesque

147 2562 232 2656 quid
252 2564 386 2655 petitur,
408 2573 444 2634 et
463 2563 635 2657 petitionis
656 2562 823 2634 iustitiam
844 2573 880 2634 et
901 2563 1089 2655 petentium
1110 2562 1225 2652 digni·

148 2693 250 2757 tatem
268 2698 303 2756 et
321 2685 537 2758 desiderium
558 2708 675 2758 meum
693 2685 805 2756 vides.
827 2685 902 2754 Non
919 2681 1069 2753 onerabo
1091 2690 1124 2751 te
1145 2704 1224 2775 pre-

145 2804 245 2875 cibus
269 2827 313 2876 ne
337 2805 538 2877 diffidentiae
565 2808 702 2898 signum
731 2805 786 2877 sil.
812 2807 966 2875 Proiecto
992 2812 1106 2873 autern
1135 2804 1164 2873 si
1192 2813 1224 2875 tc

148 2926 311 3015 gesseris,
332 2936 371 2997 ut
391 2948 505 3020 spero,
532 2928 654 3000 leceris
676 2949 750 2998 rem
770 2937 806 2998 et
825 2925 962 2997 Christo
987 2923 1221 3016 gratissimam

148 3054 184 3115 et
204 3046 297 3116 milri.
318 3049 409 3121 Vale.

570 3459 747 3524 EPISTOLA
768 3461 801 3523 x.

234 3645 426 3696 snnnclscus
447 3647 614 3697 PETRARGA
635 3646 771 3696 znnoulo
792 3642 995 3697 rtonunnrno
1016 3642 1042 3693 S.
1060 3644 1087 3693 P.
1106 3643 1136 3692 n.

179 3801 299 3859 Nnnciat
312 3821 341 3860 se
356 3804 463 3859 ltaliam
476 3816 573 3860 vasus
586 3804 641 3859 iarn
655 3805 767 3860 tandem
782 3804 836 3859 iter
850 3803 983 3875 arripere,
999 3802 1129 3873 doletque
1143 3800 1185 3856 illi

250 3899 277 3949 at
291 3911 391 3966 magno
404 3895 482 3967 regni
497 3895 660 3950 senescalco
675 3895 779 3967 aliquid
794 3891 939 3949 infortunii
955 3891 1111 3961 contigisse.

240 4126 350 4224 Quarn
373 4141 459 4230 legis
480 4136 671 4230 epistolam,
691 4137 725 4206 in
742 4157 811 4229 qua
827 4155 890 4227 pro
909 4131 1217 4205 Carthasiensibus

141 4258 316 4332 intercedo
331 4264 464 4354 (loquor
477 4269 592 4330 autem
606 4269 725 4329 nostro
739 4278 841 4340 more,
856 4278 925 4327 non
940 4265 1107 4339 veterum,
1124 4255 1218 4350 apud

140 4379 436 4473 quosintercedere
449 4378 615 4472 impedire
627 4388 690 4463 est,
702 4376 792 4450 etrei
802 4378 960 4472 cuipiam,
971 4398 1014 4450 ne
1027 4377 1072 4448 ad
1082 4377 1215 4447 exitum
