2738 5062
327 676 419 727 trusa
440 674 729 727 ocrtrusuttuurus.
741 674 945 727 -rrtsrout
966 677 1028 726 xvi.
1161 665 1219 726 509

140 836 213 888 rem
231 813 351 885 oculos
371 810 508 904 aperire
528 830 616 903 quos
633 810 922 902 vigilantissimos
943 832 983 882 ac
1000 811 1140 905 lynceos
1162 812 1225 882 ha-

140 935 206 1007 bes
227 937 262 1005 in
281 933 433 1017 casteria,
456 932 487 1004 si
506 930 622 1003 damni
645 955 748 1025 quam
768 932 854 1003 lucri
874 934 968 1026 plna,
992 931 1022 1002 si
1043 935 1123 1026 plus
1143 934 1223 1004 mali
1313 1022 1319 1035 ι

139 1078 246 1151 quam
268 1055 363 1140 boni,
386 1057 417 1127 si
435 1057 513 1148 plus
535 1053 655 1146 llagitii
673 1075 778 1145 quam
795 1054 953 1125 virtutis:
975 1054 1046 1125 imo
1061 1053 1224 1146 equidem

143 1180 174 1251 si
190 1179 345 1263 virtutis,
367 1179 398 1250 si
419 1177 516 1261 boui,
540 1179 571 1248 si
593 1177 678 1248 lucri
699 1177 784 1247 nihil
803 1176 837 1246 in
857 1174 948 1247 bello
964 1185 1036 1261 est,
1058 1177 1122 1249 sed
1142 1198 1226 1248 con-

143 1302 327 1373 trariorum
357 1298 490 1371 infinita
515 1299 717 1391 congeries,
739 1298 862 1369 desine
892 1316 955 1368 oro
980 1298 1048 1370 iam
1073 1297 1223 1382 tandem,
1331 1306 1334 1311 ’

143 1433 179 1495 et
199 1422 261 1493 tihi
280 1423 383 1494 etiam
403 1423 459 1494 cui
479 1442 527 1492 ex
546 1430 644 1515 parte
664 1421 833 1492 Troianus
853 1429 909 1492 est
929 1421 1083 1512 sanguis,
1105 1420 1150 1492 ab
1170 1421 1226 1492 illo

143 1542 234 1617 duce
252 1544 429 1617 Dardanio
447 1541 579 1615 dictum
600 1550 705 1635 puta:

422 1724 539 1791 Proiioe
554 1725 612 1787 tela
627 1739 730 1801 manu,
748 1725 871 1803 sanguis
886 1740 983 1789 meus.

145 1910 222 1984 Non
241 1911 385 2007 patiaris
400 1918 456 1995 ut,
473 1911 568 1981 Duce
589 1919 637 1994 te,
652 1911 865 1982 Venetorum
883 1931 924 1981 ao
935 1910 1102 2002 Ligurum
1119 1931 1227 2002 regna
1355 1932 1360 1939 ·

143 2044 360 2107 concurrant.
380 2033 452 2104 lam
473 2033 565 2103 euim
587 2040 626 2102 ut
647 2030 746 2104 vides
770 2030 843 2104 suis
865 2029 1046 2104 infinibus
1066 2051 1137 2102 non
1159 2040 1229 2103 stat

144 2155 284 2228 bellum.
305 2154 437 2249 Nempe
465 2156 668 2247 contagiosa
692 2175 749 2226 res
774 2165 844 2239 est,
866 2164 903 2227 et
922 2175 1002 2249 quae
1034 2157 1133 2228 facile
1155 2177 1230 2228 ser-

143 2288 204 2372 pat
223 2278 259 2349 in
284 2277 478 2370 proximos,
501 2266 606 2370 atque
628 2279 675 2348 ita
696 2279 827 2348 sensim
847 2281 906 2349 vel
926 2279 1118 2372 longinqua
1135 2300 1230 2351 oom-

144 2397 318 2491 plectitur,
336 2400 443 2469 multa
459 2419 540 2490 quae
559 2399 710 2492 primum
731 2399 899 2470 immunia
914 2397 1136 2481 videbantur,
1157 2410 1229 2470 tor-

145 2519 255 2590 rentis
275 2519 310 2589 in
331 2541 463 2591 morem
484 2518 642 2591 odiorum
667 2530 771 2614 atque
791 2519 1032 2592 discriminum
1053 2520 1230 2590 alluvione

145 2638 371 2732 permiscens.
401 2640 553 2712 Putabas
578 2640 638 2712 tibi
664 2664 742 2712 cum
772 2638 1004 2711 lanuensibus
1031 2660 1103 2709 rem
1129 2660 1226 2724 esse,

145 2757 239 2853 quod
262 2759 375 2853 ipsum
402 2760 517 2833 flebile
540 2763 643 2833 nimis
673 2783 714 2832 ac
739 2762 905 2831 miserum
932 2768 1026 2842 erat3
1053 2782 1134 2833 ecoe
1159 2760 1229 2832 iam

146 2903 225 2954 cum
243 2890 315 2952 tota
329 2881 471 2974 Liguria
487 2883 615 2954 bellum
630 2884 739 2974 geriS,
761 2890 798 2953 et
822 2882 917 2974 quod
936 2883 1025 2954 inter
1041 2881 1118 2953 haeo
1139 2885 1230 2956 mala

145 3024 215 3075 non
235 3004 392 3074 ultimum
414 3004 607 3096 posuerim,
627 3004 672 3076 ab
690 3003 755 3075 hoc
774 3002 879 3074 etiam
904 3004 962 3074 tali
974 3002 1051 3074 viro
1063 3011 1229 3097 tantoque

146 3125 241 3217 pacis
261 3134 416 3196 amatore
435 3126 614 3211 dissentis,
630 3128 730 3199 cuius
747 3126 867 3198 nescio
887 3148 932 3198 an
954 3128 1077 3212 virtus,
1096 3149 1140 3198 au
1158 3128 1227 3198 lor-

147 3254 230 3318 tuna
264 3243 454 3316 mirabilior
479 3249 540 3332 sit,
567 3270 611 3319 au
636 3249 774 3321 animus
796 3249 924 3333 maior,
947 3270 989 3320 an
1016 3248 1226 3319 humanitas.

146 3368 241 3440 Solet
259 3376 376 3438 autem
402 3370 656 3441 excellentibus
677 3370 766 3440 viris
788 3390 869 3442 esso
889 3369 1105 3447 familiaritas
1131 3389 1228 3462 quae-

147 3487 282 3561 damet
306 3489 561 3563 benevolentiae
585 3492 728 3564 attentos
756 3492 835 3564 licet
859 3492 1059 3586 incognitis,
1087 3496 1229 3586 conglu-

147 3613 277 3685 tinante
296 3633 399 3705 pares
419 3612 554 3685 animos
573 3623 708 3687 natura.
731 3615 927 3690 Similitudo
944 3616 1035 3689 enim
1057 3614 1227 3687 amicitias

146 3735 251 3827 parit,
280 3736 475 3806 communis
508 3736 568 3806 alit
592 3737 731 3809 utililas.
764 3738 879 3831 Atque
903 3738 1007 3810 ambo
1036 3758 1102 3808 vus
1129 3736 1225 3818 iusti,

147 3852 251 3926 ambo
270 3854 475 3948 prudentes,
495 3855 598 3927 ambo
615 3859 839 3949 magnanimi.
861 3859 948 3941 Quae
970 3876 1076 3927 causa
1094 3854 1229 3925 discor-

147 3974 240 4048 diae‘l
262 3977 339 4048 Pax
372 3976 466 4048 utilis
487 3989 540 4049 est
560 3977 743 4061 ambobus,
766 3980 835 4050 imo
855 3977 989 4048 cunctis
1016 3974 1227 4059 necessaria,

147 4228 345 4291 mercantur
363 4220 549 4313 sanguine
568 4219 717 4291 immane
730 4239 842 4313 genus
856 4219 1045 4302 huminum,
1066 4218 1097 4289 si
1111 4225 1228 4288 tamen

147 4336 308 4411 homines
329 4350 412 4413 sunt
432 4341 559 4433 quibus
580 4341 721 4414 humani
744 4339 826 4410 nihil
844 4351 899 4410 est
915 4349 1045 4434 praeter
1063 4337 1226 4429 effigiem.

148 4458 189 4530 Hi
209 4472 292 4533 sunt
313 4462 371 4555 qui
398 4463 517 4535 infami
542 4462 714 4557 stipendio
739 4463 973 4537 calamitosam
1000 4470 1035 4530 et
1061 4461 1225 4531 miseram
