2738 5062
179 681 239 743 all
519 691 559 738 ne
581 690 681 739 nunus
703 690 924 739 enuntiamus

179 832 278 903 Nunc
298 838 332 898 te
351 826 526 898 excitasse
546 824 859 918 qualibuscumque
880 823 1109 896 sermunculis
1128 825 1262 916 glorior

180 965 286 1048 atque
309 953 441 1024 exulto.
468 952 539 1020 lam
560 951 643 1042 iuga
661 949 799 1043 Alpium
834 952 1090 1024 transcendenti
1114 972 1261 1023 occurro

181 1075 321 1149 animis:
336 1073 432 1147 haud
445 1074 606 1167 equidem
621 1075 734 1145 solus:
752 1072 886 1146 infinita
900 1095 1037 1146 mecum
1058 1073 1162 1156 acies,
1175 1074 1261 1166 quin

182 1200 257 1292 ipsa
277 1205 436 1268 nostrum
457 1194 610 1267 omnium
633 1193 768 1288 publica
786 1206 897 1267 mater
913 1195 1019 1278 ltalia,
1034 1204 1069 1266 et
1081 1196 1189 1268 ltaliae
1205 1217 1264 1265 ca·

183 1330 245 1411 put
268 1321 392 1402 Roma,
416 1315 476 1387 tibi
508 1316 624 1388 obviae
650 1317 728 1388 altis
755 1317 900 1389 vocibus
927 1317 1152 1410 Virgilianum
1179 1316 1263 1390 illud

185 1443 398 1512 exclamant:

384 1593 498 1657 Venisti
515 1592 652 1669 tandem,
670 1565 783 1671 tuaque
800 1599 955 1670 expectata
971 1595 1089 1672 parenti

381 1690 461 1753 llicit
477 1689 536 1752 iter
552 1690 667 1752 durum
684 1689 789 1767 pietas.

185 1852 304 1945 Neque
331 1872 417 1922 vero
437 1851 633 1924 Germaniae
658 1849 802 1933 obtentu
826 1849 917 1922 banc
942 1849 1098 1923 fastidias
1123 1862 1184 1923 aut
1209 1874 1264 1923 re·

184 1977 293 2069 pellas
315 1983 473 2058 matrem,
495 1996 575 2045 cum
594 1993 663 2065 qua
680 1980 716 2042 et
731 1972 816 2043 vilae
834 1971 1022 2066 primordia
1043 1973 1155 2065 egisti,
1177 1986 1213 2045 et
1233 1977 1263 2045 si

185 2104 283 2165 tuum
300 2095 408 2167 decus
426 2116 534 2181 amas,
548 2093 854 2185 extremaexiges.
876 2093 947 2164 Nos
965 2103 1009 2179 te,
1024 2095 1151 2178 Caesar,
1166 2105 1204 2167 nt
1217 2094 1264 2166 ab

185 2215 281 2285 initio
301 2214 474 2300 dicebam,
497 2215 708 2307 ubicumque
732 2223 845 2287 ortum
867 2215 1022 2287 Italicum
1044 2216 1262 2288 arbitramur.

185 2334 307 2426 Neque
328 2356 414 2406 vero
436 2336 550 2426 magni
572 2335 717 2407 interest
738 2336 795 2407 ubi
816 2336 865 2406 sis
887 2346 1003 2418 natus,
1024 2336 1088 2408 sed
1107 2335 1151 2407 ad
1168 2336 1262 2429 quid.

185 2452 273 2525 Vive
294 2463 329 2524 et
353 2456 441 2539 vale,
463 2455 591 2539 Caesar,
609 2467 645 2527 et
664 2476 823 2550 propera.

610 2890 788 2956 EPISTOLA
807 2892 839 2955 ll.

270 3073 464 3126 rnrnnrseus
485 3074 655 3125 purarum
676 3076 812 3127 nunonro
832 3075 1035 3126 rnounnrulo
1056 3078 1082 3128 a.
1104 3079 1133 3128 r.
1154 3080 1185 3130 n.

287 3240 432 3297 Festinans
446 3244 567 3311 quatuor
579 3238 680 3295 litteris
693 3239 854 3311 respondet,
870 3246 898 3296 el
912 3241 1093 3313 asperrimam
1107 3242 1168 3298 eius

547 3327 612 3381 anni
626 3326 748 3383 hiemem
763 3327 905 3384 describit.

287 3555 438 3650 Tempus
459 3556 567 3628 breve
587 3580 752 3647 magnum
775 3556 948 3630 scribendi
969 3557 1182 3630 desiderium
1203 3581 1263 3630 an-

112 3746 121 3765 ,
189 3684 314 3768 gustat,
341 3685 377 3746 et
405 3676 564 3748 ardorem
591 3680 695 3749 animi
721 3679 933 3773 praegelidus
957 3703 1017 3751 aer
1035 3682 1159 3751 frenat.
1186 3680 1264 3752 Sine

188 3799 351 3891 exemplo
376 3818 488 3869 annus
508 3808 576 3882 est,
599 3810 634 3870 et
653 3798 776 3871 bruma
794 3801 935 3873 horrida
957 3804 1063 3893 vulgo
1089 3801 1155 3875 iam
1179 3825 1266 3897 pene

188 3922 222 3992 in
241 3921 446 3993 miraculum
460 3930 574 4012 atque,
595 3929 632 3990 ut
649 3920 716 3992 diei
730 3924 827 4008 solet,
844 3923 877 3992 in
893 3923 1090 4014 religionem
1107 3925 1263 3997 vertitur.

189 4046 216 4111 0
249 4041 434 4136 tranquilla
467 4041 698 4134 Parthenope,
727 4053 762 4113 el
796 4044 932 4137 magnis
955 4043 1103 4137 ingeniis
1130 4047 1264 4119 laudata

190 4161 391 4255 Campania,
415 4176 570 4236 vestrum
598 4165 766 4257 estquod
787 4165 834 4237 ait
854 4168 967 4238 Maro:

350 4320 409 4381 Ver
425 4320 583 4385 assiduum
591 4317 691 4400 ‘alque
709 4321 814 4384 alienis
831 4322 988 4385 mensibus
1004 4330 1104 4391 astas.

189 4463 234 4536 At
266 4462 418 4557 proiecto
446 4486 514 4536 non
544 4467 621 4539 talis
654 4469 729 4560 ipsa
759 4469 931 4560 loquentis
961 4481 1085 4557 mater,
1114 4472 1265 4564 glacialis
