2738 5062
180 681 238 744 522
533 692 574 742 nn
595 692 696 741 ansus
717 691 938 743 rnunnaroos

184 837 339 902 armatus
368 826 585 922 Chrysippus
611 826 688 918 ipse
722 825 975 898 succumberet.
1006 824 1073 899 Diu
1102 830 1196 898 enim
1223 830 1272 900 nil

182 954 216 1023 al
226 949 284 1022 iud
304 949 470 1041 cogitavi,
484 950 695 1041 plenumque
712 957 817 1052 caput
836 947 1029 1020 rationibus
1044 958 1080 1020 et
1095 950 1268 1042 exemplis

188 1071 312 1146 habeo.
333 1071 504 1162 Magistra
528 1091 645 1140 rerum
665 1070 880 1163 experientia
900 1091 1035 1143 mecum
1058 1072 1178 1153 sentit3
1194 1073 1269 1143 ine·

45 1178 50 1187 ’
186 1206 284 1288 ptum
317 1204 354 1265 et
385 1192 531 1264 indocile
561 1193 690 1284 vulgus
720 1191 911 1264 adversum
943 1205 1008 1264 est.
1039 1192 1114 1265 Noli
1147 1213 1267 1265 secum

185 1327 305 1408 partes
326 1316 456 1384 lacere:
474 1314 610 1383 vincam
631 1321 675 1396 te,
692 1313 823 1397 Caesar,
844 1310 912 1384 sub
927 1333 1146 1404 quocumque
1164 1315 1264 1397 iusto,

187 1437 267 1508 licet
289 1434 422 1506 urbano
441 1433 583 1505 iudicio:
604 1434 732 1528 quippe
757 1436 817 1527 qui
848 1433 914 1504 hoc
940 1434 1016 1528 ipso
1045 1445 1116 1505 tam
1141 1438 1266 1527 plenus

188 1556 271 1641 sim,
295 1567 335 1629 ut
352 1555 399 1626 de
417 1565 517 1648 parte
537 1557 594 1627 uel
614 1554 745 1647 exigua
764 1554 919 1627 libellum
936 1578 1045 1628 unum
1064 1579 1178 1652 nuper
1194 1557 1267 1630 edi·

186 1679 310 1754 decim.
332 1677 517 1770 Intercepit
531 1677 593 1748 ille
613 1677 873 1771 promptissime
890 1688 942 1749 et:
963 1678 1030 1749 hoc
1047 1678 1161 1771 ipsum
1183 1679 1264 1763 scio,

187 1802 309 1894 inquit,
330 1797 367 1871 et
387 1800 418 1870 si
439 1819 591 1890 unquam
617 1798 663 1869 ad
689 1820 813 1872 manus
835 1819 934 1871 meas
958 1798 1046 1871 liber
1066 1801 1123 1871 illc
1143 1821 1267 1894 perve-

187 1924 289 2006 nerit,
310 1920 451 2013 ignibus
471 1943 552 1993 eum
572 1920 715 1992 tradam.
737 1919 941 2006 Providebo,
959 1921 1117 2014 inquam,
1136 1922 1263 2005 Caesar,

186 2067 231 2117 ne
251 2045 442 2139 perveniat.
455 2044 506 2115 Ita
518 2043 631 2135 longis
644 2043 841 2136 iocosisque
859 2041 1080 2115 sermonibus
1093 2051 1267 2137 protracta

186 2166 366 2239 altercatio
382 2176 452 2250 est,
471 2176 510 2236 ut
529 2169 641 2238 fatear
659 2187 707 2237 ex
723 2165 886 2238 omnibus
903 2186 992 2258 quos
1009 2174 1267 2259 oppugnatores

188 2288 353 2359 solitariae
373 2287 456 2357 vitae
477 2308 554 2357 sum
575 2296 761 2381 expertus,
781 2290 916 2359 nullum
937 2286 1078 2358 audisse
1097 2297 1216 2358 contra
1232 2286 1269 2359 id

187 2409 271 2479 vitae
295 2428 409 2498 genus
440 2408 617 2480 efficacius
636 2408 883 2502 disputantem.
904 2406 999 2478 Finis
1019 2406 1050 2477 is
1070 2407 1147 2492 fuit,
1175 2418 1216 2480 ut
1238 2407 1269 2480 si
1318 2416 1324 2427 ‘

187 2528 302 2602 dicere
324 2529 499 2601 cesarem
520 2540 581 2601 aut
599 2529 743 2600 credero
759 2532 890 2601 victum
911 2528 1005 2612 licet,
1024 2525 1145 2600 verbis
1161 2539 1197 2600 et
1214 2551 1269 2602 ra·

189 2653 297 2736 tione,
315 2652 385 2722 nisi
403 2652 517 2733 fallor,
530 2650 658 2731 victus,
677 2649 838 2742 opinione
856 2661 972 2723 autem
994 2672 1058 2722 sua
1077 2672 1148 2722 non
1165 2651 1269 2724 modo

188 2774 355 2858 invictus,
377 2773 443 2845 sed
465 2772 568 2845 ctiam
591 2775 704 2866 palam
727 2773 853 2857 victor¹
874 2773 940 2845 hoc
964 2774 1124 2845 ultimum
1147 2794 1269 2869 preca-

189 2906 300 2979 retur,
316 2907 354 2967 ut
367 2917 483 2967 soeum
503 2898 647 2967 Romam
665 2904 830 2988 peterem.
849 2896 945 2967 Hanc
960 2896 1053 2967 enim
1070 2896 1181 2968 luisse
1200 2898 1269 2989 pri·

188 3039 281 3089 mam
301 3038 442 3089 causam
464 3038 520 3087 me
539 3017 665 3110 quietis
686 3017 829 3090 avidum
851 3027 920 3088 mm
940 3018 1093 3091 adverso
1112 3027 1267 3115 tempore

189 3140 365 3231 fatigandi.
382 3140 509 3234 Optare
531 3159 570 3210 se
589 3148 720 3211 tantam
742 3137 865 3209 urbem
886 3161 955 3210 nou
977 3139 1051 3212 suis
1071 3139 1183 3224 modo,
1207 3139 1267 3213 sed

189 3261 292 3345 meis,
316 3270 353 3332 ut
371 3263 419 3333 ita
441 3261 568 3345 dicam,
589 3259 701 3332 oculis
721 3258 860 3332 videre:
881 3280 986 3352 egere
1005 3262 1109 3333 etiam
1135 3283 1175 3334 se
1200 3262 1267 3333 mei

189 3384 377 3476 praesentia
397 3384 432 3453 in
451 3382 662 3477 quibusdam
676 3383 812 3454 Tusoiae
831 3381 984 3467 urbibus¹
1007 3383 1052 3455 de
1071 3383 1198 3477 quibus
1218 3384 1265 3455 ila

190 3504 327 3576 loeutus
345 3516 413 3588 ost,
441 3516 478 3576 ut
499 3492 654 3577 italicum
674 3503 864 3590 hominem,
886 3517 922 3577 et
944 3506 1099 3588 italicum
1125 3507 1266 3579 credere

189 3645 314 3718 posses
347 3626 534 3714 ingenium.
562 3625 662 3709 Quod
686 3625 753 3698 etsi
780 3627 865 3698 mihi
889 3627 1076 3700 admodum
1098 3629 1264 3721 placeret,

190 3754 351 3839 pergrata
379 3746 470 3814 enim
490 3744 560 3815 duo
583 3746 723 3817 nomina
749 3748 856 3820 Roma
875 3759 911 3820 et
930 3749 1050 3820 Caesar
1068 3748 1117 3820 ita
1139 3769 1267 3820 conve·

191 3878 328 3951 nerant,
351 3876 389 3938 ut
408 3867 455 3937 nil
479 3867 595 3939 animo
620 3890 699 3941 meo
728 3869 865 3941 dulcius
893 3893 998 3962 quam
1026 3892 1107 3942 com
1128 3871 1267 3942 Caesare

190 3989 333 4062 Romam
354 3992 416 4075 ire,
440 3988 560 4063 multis
578 4002 692 4064 mmeu
712 4014 759 4063 ex
778 3994 895 4064 causis
914 3992 1038 4086 partim
1057 3992 1172 4077 iustis,
1190 4014 1267 4085 pur-

190 4110 250 4178 tim
271 4114 479 4185 necessariis
508 4113 649 4205 negavi:
677 4113 769 4185 unde
788 4134 882 4185 nova
901 4113 1027 4185 iterum
1053 4115 1096 4185 lis
1120 4115 1263 4198 exarsit,

190 4249 270 4321 quae
290 4233 323 4302 in
343 4235 564 4307 multosdies
584 4235 752 4328 producta
765 4234 855 4306 finiri
869 4258 982 4329 usque
1000 4236 1046 4307 ad
1062 4257 1265 4331 supremum

189 4355 269 4422 vale
300 4375 368 4423 non
394 4360 519 4448 poluit,
551 4358 690 4451 quando
709 4359 900 4432 Mediolano
926 4359 1059 4431 scilicet
1083 4358 1266 4432 abeuntem

191 4476 282 4546 ultra
296 4475 479 4550 Placentiae
498 4502 617 4554 muros
637 4481 681 4553 ad
700 4482 859 4575 quintum
876 4482 1026 4574 lapidem
1044 4494 1265 4575 prosecutus,
