2738 5062
355 654 449 705 ιιιιιι
469 649 935 703 recumbemus-nmmum
958 648 1002 698 ιιι.
1156 614 1211 699 sti

139 794 261 869 audire
279 790 453 886 (quamvis
465 810 532 881 ego
544 790 682 879 longam
696 783 799 856 nimis
814 786 1096 879 inamoenamque
1107 794 1217 859 mate-

141 919 229 990 riam
242 923 412 1003 testarer),
420 921 456 982 et
467 913 514 981 ita
529 931 584 979 me
595 907 760 1013 diuticule
774 909 969 999 loquentem
984 909 1099 980 animo
1113 919 1218 1003 atque

141 1038 287 1113 auribus
305 1036 457 1107 intentus
470 1031 617 1113 audivit,
632 1040 671 1101 ut
684 1029 794 1101 sicubi
808 1033 863 1100 vel
877 1029 1052 1101 oblivione
1067 1033 1124 1103 vel
1140 1031 1221 1103 bre-

142 1160 262 1234 vitatis
275 1157 391 1230 studio
404 1153 532 1247 aliquid
547 1150 773 1245 praeterirem,
789 1153 944 1243 protinus
958 1153 1015 1222 ille
1029 1156 1219 1246 suppleret,

144 1305 186 1357 ac
199 1301 295 1375 saepe
308 1299 365 1349 me
379 1275 501 1348 melius
514 1274 590 1367 ipse
603 1295 660 1344 res
674 1293 770 1344 meas
780 1269 1063 1366 nosset'quarum
1077 1277 1219 1362 fumum,

146 1416 271 1499 stupeo
291 1421 405 1493 usque
423 1410 519 1470 trans
540 1396 646 1488 Alpes
667 1394 880 1487 nescioquis
898 1394 1002 1465 ssatus
1020 1397 1220 1489 impegerat,

146 1528 336 1617 oculosque
357 1522 592 1615 compleverat
612 1518 787 1590 intuendis
808 1517 929 1588 mundi
945 1517 1140 1590 defectibus
1166 1542 1225 1592 oc-

147 1657 304 1740 cupatos.
325 1642 480 1734 Denique
500 1642 584 1712 dum
610 1640 655 1710 ad
675 1639 741 1710 boc
767 1648 905 1730 tempus
930 1639 1083 1710 narratio
1102 1662 1225 1732 perve-

149 1768 272 1851 nisset,
298 1764 614 1855 conticuissemque
635 1781 835 1853 parumper,
858 1759 914 1832 ille
934 1783 990 1832 me
1012 1763 1057 1835 de
1077 1785 1226 1856 sequeu-

150 1891 195 1963 tis
220 1888 305 1959 vitae
328 1883 507 1980 proposito
533 1890 773 1975 percontatus:
794 1883 880 1966 lore,
902 1882 1027 1976 iuquit,
1047 1884 1092 1955 de
1111 1886 1227 1956 lutnro

149 2008 235 2104 quid
256 2007 411 2098 cogitas?
430 2025 581 2097 quemve
599 2003 660 2074 tibi
682 2001 785 2074 finem
808 2015 922 2076 mente
942 2006 1148 2077 constituis?
1172 2007 1228 2077 ln-

151 2130 268 2214 tentio,
283 2129 439 2221 inquam,
454 2127 573 2197 Caesar
589 2126 718 2220 optima
735 2133 801 2210 est,
816 2127 978 2218 quamvis
996 2127 1110 2200 adhuc
1130 2141 1228 2201 actus

151 2271 253 2324 meus
276 2251 322 2322 ud
353 2249 470 2319 limam
501 2248 657 2343 expolire
684 2247 911 2340 nequiverim.
942 2251 1113 2322 Praeteriti
1136 2252 1229 2322 'enim

93 2396 101 2413 ·
153 2374 320 2469 temporis
336 2371 551 2444 consuetudo
573 2371 722 2443 violenta
738 2384 773 2444 et
787 2374 951 2467 praesenti
968 2375 1154 2447 intentione
1169 2396 1233 2469 po·

154 2496 292 2579 lentior,
314 2516 374 2566 cor
403 2493 576 2565 adversus
597 2516 722 2566 reeens
739 2496 956 2591 propositum
985 2498 1086 2590 quasi
1112 2505 1232 2568 eontra

155 2640 284 2692 novum
308 2625 449 2688 ventum
479 2616 556 2687 aliis
583 2615 723 2689 flatibus
749 2617 937 2710 impulsum
958 2639 1055 2687 mare
1075 2616 1232 2709 praecipi-

156 2748 216 2811 tat.
230 2734 285 2809 Ad
299 2737 376 2809 hec
389 2738 461 2808 ille:
474 2737 579 2809 credo
594 2738 644 2808 sic
656 2759 747 2819 esse,
763 2738 883 2830 inquit,
903 2747 941 2808 ut
952 2736 1048 2820 dicis,
1064 2736 1126 2807 sed
1139 2736 1234 2808 aliud

157 2858 399 2954 percontabar:
421 2879 581 2951 quaenam
612 2857 673 2929 tibi
706 2859 789 2928 vitae
817 2859 943 2929 semita
963 2860 1133 2952 plaoeret‘l
1158 2861 1234 2951 Ego

158 2989 274 3053 autem
294 2977 531 3050 incunctanter
555 2989 590 3051 et
615 2979 784 3071 intrepide
805 2978 969 3050 solitariae
999 2979 1139 3072 iuquam
1165 3001 1235 3072 qua

159 3104 252 3174 nulla
281 3101 398 3184 tutior,
428 3102 522 3172 nulla
556 3102 782 3194 tranquillior,
806 3104 897 3172 nulla
931 3101 1082 3194 denique
1107 3100 1237 3172 felicior

159 3223 232 3295 vita
244 3232 313 3307 est,
328 3241 409 3314 quae
426 3221 538 3293 iudice
555 3246 623 3309 me,
640 3225 688 3296 tui
705 3246 843 3317 quoque
861 3224 1005 3315 gloriam
1024 3223 1236 3319 principatus

161 3343 407 3436 fastigiumque
420 3344 618 3416 trascendit.
629 3346 723 3416 lllam
736 3368 802 3438 ego
817 3345 845 3416 s'i
856 3344 998 3417 dabitur
1011 3344 1044 3414 in
1060 3345 1144 3416 sede
1158 3365 1235 3428 sua,

164 3467 231 3539 boc
245 3474 302 3537 est
317 3466 351 3535 in
369 3466 468 3536 silvis
481 3489 522 3537 ac
534 3466 718 3550 montibus,
739 3467 833 3560 quod
853 3487 948 3559 saepe
969 3466 1036 3537 iam
1058 3466 1137 3537 leci:
1156 3465 1240 3537 elio-

162 3589 246 3683 quiu
270 3597 439 3681 quantum
459 3588 625 3682 possibile
645 3590 763 3676 luerit,
792 3600 830 3661 nt
853 3612 946 3661 nunc
970 3591 1070 3674 facio,
1093 3590 1178 3682 ipsis
1204 3587 1239 3658 in

165 3708 309 3781 urbibus
326 3711 563 3782 consectabor.
583 3712 645 3785 llio
663 3714 717 3785 ille
730 3712 874 3785 subrisit
887 3724 924 3785 et
940 3712 1103 3794 sciebam,
1118 3709 1238 3803 inquit,

165 3829 349 3923 sciensque
368 3832 413 3904 ad
433 3834 522 3907 hanc
543 3846 576 3906 te
593 3838 847 3908 contessionem
868 3833 1075 3929 pedetentim
1096 3832 1240 3902 interro·

166 3950 282 4040 gando
301 3954 463 4045 perduxi,
486 3956 545 4028 ubi
568 3966 679 4039 tuum,
698 3959 791 4049 quod
812 3958 845 4027 in
867 3956 985 4026 multis
1007 3952 1127 4046 probo,
1150 3952 1240 4023 iudi·

167 4072 259 4144 cium
279 4076 511 4171 reprobarem.
539 4080 595 4150 Sic
615 4080 703 4150 inter
728 4100 791 4149 nos
820 4077 943 4168 ingens
972 4075 1160 4170 disputatio
1184 4088 1241 4147 est

168 4205 306 4282 exorta,
328 4221 423 4295 saepe
448 4225 504 4273 me
529 4202 778 4297 interpellante:
799 4198 895 4280 vide,
918 4198 1050 4277 Caesar,
1069 4217 1139 4288 quo
1161 4217 1241 4288 pro-

169 4317 343 4406 grederis:
364 4345 499 4395 mecum
524 4348 593 4397 nou
620 4346 722 4419 aequo
747 4322 887 4417 quidem
912 4321 1020 4390 Marte
1039 4316 1236 4400 contendis,

170 4438 227 4509 cui
245 4440 281 4513 in
302 4443 368 4520 hac
386 4449 594 4542 quaestione,
616 4472 684 4523 non
711 4458 748 4519 tu
776 4453 921 4527 tantum,
944 4442 1007 4513 sed
1027 4436 1238 4536 syllogismis
