2738 5062
386 649 480 697 urnnn
501 650 923 700 aucupemus-uersuum
948 655 976 702 u.
1163 643 1217 703 tot
1250 636 1253 642 '

141 788 200 859 iiis
219 787 280 857 itte
303 784 482 879 perlectis,
510 785 665 877 protinus
691 787 855 857 exhausit
879 791 1053 880 poculum,
1080 802 1115 860 et
1140 813 1222 879 mox

140 911 300 1002 Philippo
320 909 454 979 litteras
488 907 626 979 tradidit
659 911 835 1000 tegendas.
863 912 1120 984 Obtrectatorcs
1154 915 1222 984 atto

140 1035 258 1106 animo
279 1031 463 1124 despiciat,
484 1041 518 1101 et
539 1031 589 1102 sie
612 1032 708 1103 vivat
727 1043 765 1103 ut
783 1056 844 1104 eos
866 1036 922 1104 vel
951 1035 984 1104 in
1011 1035 1144 1107 silentio
1170 1058 1224 1106 re-

140 1159 293 1249 darguat
314 1153 508 1249 probetque
528 1156 704 1239 mentitos,
727 1178 923 1228 memorans
949 1157 1145 1250 Augustum
1169 1182 1222 1230 re·

143 1279 329 1373 scripsisse
358 1276 511 1346 Tiberio:
543 1300 611 1345 aori
643 1301 709 1347 esse
740 1279 979 1371 indiqnuadum
1008 1282 1093 1371 quud
1123 1283 1161 1352 de
1190 1308 1223 1353 se

142 1406 316 1495 qaisquam
343 1402 431 1469 mete
463 1401 655 1490 toqueretur.
693 1399 784 1472 Sutia
817 1417 863 1474 est
901 1407 997 1487 enim,
1039 1406 1168 1499 inquit,
1197 1413 1226 1478 si

143 1532 200 1599 tor
235 1526 400 1606 hahemus,
437 1547 478 1594 nc
511 1529 581 1615 quis
614 1528 706 1596 nohis
738 1530 823 1596 mete
850 1535 957 1621 [acere
985 1532 1096 1621 possit.
1132 1533 1225 1601 Prae·

144 1655 252 1725 clare:
273 1647 426 1741 aiioquin
447 1650 524 1742 plus
545 1648 689 1720 baberet
711 1649 814 1721 homo
834 1673 938 1742 (priam
960 1654 1066 1735 Deus,
1088 1653 1162 1745 qui,
1185 1654 1225 1722 ti-

144 1785 198 1847 eet
216 1770 470 1844 inaccessibilis
485 1771 542 1855 sit,
559 1794 622 1842 nee
640 1773 750 1864 possit
767 1773 906 1853 offendi,
930 1775 1090 1846 humanis
1110 1788 1224 1846 tamen

147 1917 241 1991 saepe
261 1893 430 1964 conviciis
455 1903 653 1966 attentatur.
679 1895 749 1963 llac
776 1894 880 1985 igitur
912 1895 946 1964 in
980 1917 1016 1965 ro
1049 1919 1110 1967 rex
1145 1909 1224 1969 tuus

146 2029 310 2091 exerceat
345 2016 498 2085 animum
534 2025 637 2108 atque
672 2037 788 2099 aures,
824 2018 857 2085 in
891 2040 959 2111 qua
994 2042 1062 2090 non
1092 2030 1224 2091 tantum

150 2141 252 2212 huius
272 2140 428 2211 omnium
451 2138 592 2207 maximi
612 2159 652 2208 ac
669 2140 914 2211 modestissimi
934 2142 1104 2236 principis,
1124 2145 1224 2215 cuius

154 2263 253 2334 modo
271 2260 483 2333 mentionem
504 2261 581 2342 feci,
601 2259 663 2331 sed
680 2271 715 2331 et
730 2263 845 2354 Magni
867 2265 1016 2357 Pompeii
1045 2265 1133 2336 civis
1153 2288 1225 2335 am-
1271 2318 1275 2325 .

152 2384 307 2479 piissimi,
334 2394 371 2453 et
396 2383 520 2477 Pyrrhi
541 2384 647 2474 regis,
676 2395 710 2455 et
733 2384 902 2457 Pisistrati
928 2388 1140 2459 atheniensis
1173 2398 1226 2484 ty·
1314 2412 1319 2421 ·

149 2509 246 2581 renni
268 2506 433 2601 patientia
454 2507 725 2578 commendatur.
748 2510 924 2579 Secretum
946 2532 1031 2581 vero
1058 2534 1160 2581 suum
1181 2512 1226 2582 ab

146 2633 223 2705 aliis
244 2630 373 2724 inquiri
391 2650 494 2720 aequo
510 2629 625 2700 animo
643 2633 741 2713 ierat,
761 2631 910 2701 alienum
929 2653 998 2700 non
1016 2654 1226 2725 magnopere

148 2763 337 2827 scrutetur.
365 2754 481 2844 Magni
507 2752 611 2822 animi
644 2762 698 2822 est
733 2754 812 2822 talia
844 2774 912 2821 non
945 2774 1078 2822 curare.
1102 2754 1226 2823 Contra

149 2890 264 2950 autem
285 2899 393 2972 prope
414 2898 476 2968 par
497 2873 680 2965 utrobique
701 2871 900 2944 diffidentia.
920 2872 1011 2942 Tatis
1026 2875 1099 2957 fiat,
1115 2878 1226 2968 quatis

151 2993 263 3066 videri
279 2995 366 3063 vult.
385 2993 470 3062 Tum
488 2990 629 3062 demum
647 2988 681 3059 in
699 3011 738 3059 se
752 2988 838 3057 nihil
855 2991 1025 3059 occuitum
1044 2993 1144 3073 votet,
1166 3018 1228 3066 nec

151 3115 266 3207 magis
286 3114 443 3186 horrebit
464 3114 575 3185 hostis
597 3115 733 3183 oculum
759 3133 862 3204 quam
890 3111 1001 3194 amici,
1029 3136 1094 3185 nec
1119 3117 1227 3209 pluris

148 3238 467 3319 facietenusilium,
502 3258 606 3330 quam
643 3234 875 3307 testimonium
909 3239 1124 3309 aemulorum.
1151 3241 1228 3310 Pari

149 3362 280 3435 fiducia
301 3359 413 3452 Scipio
435 3359 515 3429 totis
535 3358 658 3430 castris
675 3359 913 3451 exploratores
930 3362 1160 3435 Romanorum
1179 3376 1229 3435 at-

148 3507 219 3578 que
245 3481 583 3573 Carthaginiensium
602 3480 845 3553 circumduxit:
872 3484 946 3575 pari
972 3484 1075 3555 animi
1097 3488 1229 3579 magni-

151 3608 275 3679 tudine
298 3604 405 3676 lutius
437 3604 556 3675 Caesar
579 3615 614 3674 et
639 3616 776 3696 captum
804 3606 989 3677 Domitium
1022 3607 1166 3694 dimisit,
1195 3622 1228 3679 et

152 3730 370 3820 transfugam
390 3724 595 3796 Labienum
631 3727 773 3821 sprevit,
807 3751 919 3799 rerum
950 3731 1028 3800 ticet
1052 3732 1229 3803 conscium

153 3872 315 3933 suarum,
338 3858 375 3919 et
394 3870 463 3918 non
485 3851 592 3918 semet
613 3871 737 3920 arcana
753 3849 905 3922 hostium
923 3850 1064 3923 inventa
1083 3877 1145 3925 nec
1166 3878 1231 3924 un-

152 3994 259 4064 quam
293 3973 381 4041 tecta
414 3967 614 4041 combussit.
649 3968 703 4040 Ad
736 3970 811 4042 haec
848 3995 914 4041 noir
954 3982 1080 4043 temere
1118 3997 1230 4067 neque

153 4092 294 4164 fortuito
316 4091 531 4164 serenissimi
554 4092 688 4161 titutum
710 4091 775 4160 sibi
796 4093 993 4186 impositum
1020 4095 1229 4183 arbitretur,

155 4218 219 4290 sed
246 4217 346 4288 utin
373 4215 525 4287 animum
552 4216 642 4299 eius,
671 4216 742 4284 lieo
775 4215 970 4307 proximum
1004 4228 1039 4288 et
1070 4220 1230 4291 humanis

156 4337 380 4432 passionibus
401 4337 570 4418 altiorem,
585 4338 677 4406 nutta
696 4336 855 4406 nroeroris
875 4336 1013 4423 nebula,
1036 4342 1151 4412 nullus
1172 4343 1232 4411 tia-

159 4475 215 4537 tus
236 4461 365 4533 laetitiae
386 4459 576 4551 gestientis,
599 4460 691 4529 nulia
709 4459 847 4550 pavoris
866 4460 1005 4547 glacies,
1026 4465 1140 4532 nutius
1159 4462 1233 4531 tihi-
