2738 5062
142 635 198 696 aar
480 648 520 694 ue
542 647 641 696 rurus
665 647 884 696 returnnuunrs

142 785 233 869 Quid
252 783 296 855 de
311 782 448 855 duobus
463 784 631 854 Africanis
654 785 788 876 loquar,
808 805 955 876 quorum
973 784 1119 879 primae,
1137 806 1213 856 cum

142 909 203 977 vix
224 907 409 1000 quisquam
434 918 528 977 tutus
549 916 643 977 esset
664 909 696 976 in
720 907 825 990 ltalia,
846 906 878 976 in
897 905 1048 977 dlricam
1070 907 1217 979 transire

142 1051 211 1100 non
234 1030 358 1112 timuit,
379 1029 518 1101 caeteris
542 1029 641 1100 vietis
667 1029 701 1098 in
726 1031 845 1124 piatria,
868 1029 978 1102 victor
998 1053 1018 1101 e
1041 1040 1133 1101 terra
1156 1027 1217 1101 ho-

143 1154 211 1224 stili
232 1152 505 1243 gloriosissimus
529 1174 750 1235 reversurus3
771 1155 858 1223 alter
883 1153 915 1222 in
943 1151 1058 1224 Africa
1077 1174 1217 1246 quoque

142 1288 177 1348 et
195 1275 360 1370 Hispania
376 1274 465 1346 duas
479 1274 583 1346 urbes
597 1297 739 1346 romano
754 1275 895 1368 imperio
911 1276 1165 1360 infestissimas,
1182 1284 1218 1345 ut

144 1401 191 1471 ait
211 1401 343 1482 Cicero,
365 1398 607 1489 Carthaginem
629 1398 918 1491 Numantiamque
945 1399 1132 1480 subvertit,
1152 1399 1218 1468 late

146 1523 278 1594 interim
301 1543 414 1613 vagus
435 1521 620 1614 multisque
641 1520 828 1615 provinciis
854 1543 981 1614 magna
1005 1544 1084 1592 eum
1110 1521 1219 1614 gloria

144 1645 346 1741 peragratis.
369 1645 458 1728 Quid
482 1642 620 1715 vetabat
640 1644 784 1715 lllarium
806 1643 996 1736 quiescere,
1019 1644 1084 1715 nisi
1107 1647 1219 1715 virtus

144 1779 179 1840 et
199 1768 319 1861 gloria,
342 1789 384 1837 ea
405 1766 534 1838 scilieet
553 1765 598 1838 ob
618 1789 736 1860 quam,
756 1776 794 1837 ut
810 1767 858 1836 ait
875 1766 1000 1839 nobilis
1017 1767 1217 1851 historicus,

146 1915 227 1989 spes
245 1904 349 1986 atque
366 1913 450 1985 opos
470 1891 618 1962 civitatis
644 1889 679 1971 iu
704 1891 761 1961 illo
782 1890 858 1961 uiro
878 1889 955 1961 sitae
975 1894 1096 1961 erant?
1115 1892 1217 1962 Fama

145 2018 221 2086 haee
248 2017 340 2086 illum
368 2013 473 2095 diris,
498 2013 660 2084 Teutonis
678 2034 718 2084 ac
736 2011 882 2083 Cimbris
904 2012 1080 2107 opposuit3
1105 2012 1220 2106 itaque

145 2159 236 2207 nune
261 2159 282 2208 a
309 2136 451 2207 meridie
481 2145 601 2229 raptos
630 2158 710 2206 eum
744 2156 845 2227 reges
877 2134 1018 2217 ducere,
1052 2157 1145 2206 nunc
1177 2134 1221 2207 ab

144 2258 248 2327 Arcto
268 2257 468 2329 incredibile
491 2258 709 2349 captivorum
738 2279 862 2349 agmen
887 2267 968 2328 ante
994 2255 1220 2349 triumphales

146 2401 269 2450 currus
290 2400 407 2470 agere,
430 2401 513 2449 rnox
533 2376 699 2448 victorem
720 2379 833 2471 ipsum
860 2401 998 2452 carcere
1019 2380 1220 2450 conclusum

144 2512 180 2573 et
200 2501 385 2597 paludibus
407 2503 594 2573 latitantem
616 2499 753 2585 videas,
776 2502 907 2593 vixque
930 2503 1004 2572 sine
1024 2501 1221 2594 fatigatione

146 2627 268 2699 audias
282 2627 431 2712 labores,
445 2648 534 2720 quos
556 2626 611 2695 ille
632 2624 747 2697 animo
767 2625 907 2718 pertulit
925 2625 1111 2698 indefesso.
1132 2624 1222 2710 Quid

146 2752 255 2822 Cato?
280 2751 400 2821 Nonne
419 2750 559 2822 domum
586 2770 684 2819 suam
707 2757 840 2843 poterat
865 2748 1038 2820 incolere‘.l
1064 2748 1222 2821 Sitieulo

148 2897 206 2946 sas
222 2896 347 2946 arenas
362 2873 542 2946 circumire
560 2873 693 2956 maluit,
713 2881 749 2943 ct
765 2872 904 2966 Libycis
924 2871 1030 2943 vitam
1048 2870 1221 2943 obiectare

148 2998 383 3091 serpentibus;
410 3008 504 3068 tanta
535 3019 616 3068 eum
648 2998 775 3085 virtus,
800 3005 916 3066 tantus
937 3017 1033 3066 amor
1053 2994 1221 3068 libertatis

147 3123 366 3202 accenderat;
401 3121 480 3192 huic
515 3130 626 3191 tamen
659 3120 784 3191 domus
809 3120 998 3212 angustior.
1021 3118 1114 3203 Quid
1140 3142 1222 3191 vero

148 3246 330 3336 Pompeius
351 3251 385 3313 et
407 3264 442 3311 ro
464 3262 612 3333 magnus
630 3255 665 3313 et
681 3243 842 3313 uomine‘l
862 3243 981 3313 Nonne
999 3242 1222 3335 amplissimis

147 3379 251 3460 atque
284 3365 558 3458 opulentissimis
591 3365 728 3436 aedibus
760 3364 933 3438 derelictis
966 3365 1161 3458 patriaque,
1188 3366 1220 3436 in

147 3514 215 3583 qua
240 3491 399 3584 princeps
425 3500 509 3572 erat,
539 3498 607 3561 toto
640 3512 754 3583 vagus
789 3489 897 3560 vietor
929 3488 1013 3560 orbe
1036 3498 1219 3572 terrarum,

146 3614 297 3706 quietem
320 3611 384 3683 sibi
406 3611 549 3683 abstulit
567 3623 603 3681 ut
620 3614 762 3702 gloriam
785 3613 976 3683 inveniret?
996 3610 1087 3695 Quid
1107 3612 1221 3683 Caesa·

149 3762 203 3810 res
218 3738 324 3809 lulius
336 3748 371 3809 et
387 3736 581 3828 Augustus,
600 3735 684 3828 quid
701 3736 939 3828 Vespasianus
956 3757 997 3807 ac
1014 3735 1121 3820 Titus,
1139 3733 1221 3829 quid

148 3861 331 3945 Traianus,
354 3858 695 3952 innumerabilesque
711 3859 776 3941 alii,
799 3880 887 3951 quos
910 3870 1006 3931 taceo
1019 3881 1063 3929 ne
1077 3857 1221 3929 immen-

147 4006 199 4055 sae
234 3985 389 4057 maieriae
420 3982 670 4056 succumbam?
705 3981 806 4053 Prius
839 3981 977 4054 deficiet
1008 3982 1084 4054 dies
1118 4003 1219 4074 quam

146 4110 307 4199 exempla
327 4121 533 4178 nostrorum.
557 4106 625 4177 Sed
651 4128 773 4177 rursus
799 4106 1002 4196 alienigenis
1025 4108 1137 4177 locum
1163 4103 1220 4176 de·

148 4252 236 4300 mus.
252 4230 371 4301 Clarus
386 4231 479 4325 apud
493 4229 734 4321 Carthaginem
748 4228 836 4299 civis
851 4226 1026 4307 llannibal,
1046 4239 1083 4298 ut
1099 4226 1222 4298 clarior

149 4351 246 4424 fieret
260 4374 354 4424 mare
372 4352 545 4434 transivit,
566 4353 759 4445 permeavit
776 4350 972 4444 Hispaniae,
990 4350 1133 4432 Gallias,
1156 4350 1220 4419 lta·

148 4476 306 4555 liameta
322 4486 417 4559 tergo
428 4473 738 4567 relictisl’yrenaris
752 4472 905 4557 collibus,
922 4475 1001 4563 igne
1015 4481 1228 4566 atqueaeeto·
