2738 5062
184 662 198 693 a
401 648 499 698 LlBEll
519 651 775 701 nvonssclttt's—
786 653 937 702 altoltus
960 656 986 701 l'.
1180 643 1230 703 181

159 784 337 864 scitamur,
361 785 546 876 nescitque
571 785 776 871 consistere,
803 809 871 859 uon
897 788 1009 880 magis
1029 811 1147 882 quam,
1177 791 1233 862 ubi

159 907 206 976 ille
223 905 380 991 habitat,
405 907 534 992 anima,
556 910 668 993 cuius,
693 921 729 980 ut
748 911 878 982 Platoni
899 913 1023 1005 placet,
1046 924 1233 1007 perpetuus

157 1042 264 1100 motus
289 1039 361 1101 est.
383 1008 482 1114 Quid
496 1033 542 1103 ad
561 1033 649 1104 banc
674 1032 844 1104 dixerim?
870 1035 976 1106 llulta
1003 1057 1099 1107 mens
1124 1039 1234 1130 loqui-

156 1164 218 1235 tur,
238 1153 288 1225 ad
309 1174 395 1247 quae
415 1154 724 1227 disertissimorum
745 1157 847 1228 oliam
870 1156 986 1249 lingua
1007 1180 1074 1229 non
1095 1161 1231 1232 sufficit.

155 1277 197 1346 Et
215 1277 441 1349 ciceroniana
465 1278 636 1363 facundia,
659 1280 747 1351 sicut
766 1301 832 1371 ego
852 1280 986 1371 opinor,
1010 1281 1042 1349 ln
1064 1281 1155 1353 illius
1173 1307 1232 1377 pe-

153 1408 246 1471 ctore
265 1400 395 1472 clarior
415 1398 479 1471 luit
497 1423 600 1493 quam
623 1402 656 1471 in
678 1401 821 1473 auribus
842 1401 1059 1488 audientum,
1077 1414 1113 1474 et
1132 1407 1228 1476 llan-

153 1524 247 1595 anani
269 1522 365 1593 vatis
385 1522 486 1594 altior
506 1523 645 1614 ingenio
665 1545 766 1595 musa
791 1546 894 1616 quum
921 1527 1064 1597 calamo.
1085 1527 1231 1618 Magnas

154 1666 210 1717 res
221 1666 367 1738 aequare
386 1645 618 1729 sermonibus,
640 1656 675 1716 ct
695 1645 812 1717 verbis
834 1659 908 1717 arto
929 1650 1102 1721 contextis
1124 1650 1229 1723 animi

153 1768 275 1839 taciem
304 1767 443 1838 latentis
470 1766 666 1850 ostendere,
693 1768 724 1837 is
750 1770 904 1855 demum,
925 1780 1021 1864 puto,
1044 1794 1229 1865 supremus

152 1888 363 1984 eloquenliae
376 1887 455 1961 finis
468 1900 530 1973 est,
545 1891 601 1961 cui
618 1890 701 1961 dum
720 1891 869 1962 humana
887 1914 986 1964 mens
1004 1894 1121 1980 inhiat,
1137 1916 1230 1990 saepe

153 2016 238 2086 calle
270 2013 388 2087 medio
420 2014 512 2086 victa
542 2012 712 2085 subsistit.
740 2015 830 2085 llcce
861 2036 928 2106 ego
960 2039 1052 2088 nunc
1083 2016 1227 2111 aliquid,

154 2137 246 2229 quod
262 2158 370 2209 aures
389 2137 545 2229 impleret
562 2149 653 2219 tuaS,
673 2147 826 2229 optarem
843 2136 968 2210 dicere.
987 2138 1174 2233 Exemplar
1193 2142 1227 2214 in

156 2257 267 2331 animo
284 2268 356 2343 est,
379 2280 444 2330 nec
463 2261 563 2331 valeo
585 2270 699 2330 tamen
722 2260 821 2353 (mira
841 2262 971 2355 lingum
992 2266 1146 2336 mortalis
1164 2264 1229 2336 im-

154 2378 355 2469 becillitasll
378 2380 423 2452 ad
445 2392 478 2451 te
498 2384 648 2475 perferre
665 2383 757 2475 quod
779 2384 889 2477 cupio.
911 2384 978 2457 Sed
1001 2385 1087 2459 bene
1106 2388 1225 2460 babet:

153 2501 225 2594 ipse
252 2502 410 2575 animum
438 2526 551 2575 meum
579 2506 691 2587 vides,
717 2516 753 2577 et
777 2507 871 2599 quod
902 2507 948 2578 ibi
983 2510 1227 2605 scriptumest

150 2618 316 2720 perlegis,
338 2648 514 2720 vocesque
533 2636 727 2722 conceptas,
749 2631 803 2699 vel
822 2629 855 2699 in
881 2629 1029 2714 silentiu,
1053 2631 1225 2702 exaudis:

149 2758 200 2832 et,
221 2750 316 2843 quod
336 2750 382 2822 de
400 2750 520 2844 paucis
543 2772 659 2843 spero,
683 2751 852 2842 quidquid
878 2760 991 2820 tecum
1013 2752 1135 2842 loquor
1157 2775 1224 2822 nou

150 2873 201 2942 lui
223 2872 414 2957 instructio,
435 2872 496 2945 sed
516 2875 674 2944 levamen
693 2871 798 2942 animi
815 2873 884 2941 mei
900 2880 965 2941 est.
984 2871 1021 2941 ld
1042 2893 1126 2942 sane
1148 2871 1226 2945 stilo

147 2992 303 3085 quolibet
321 2993 396 3065 fieri
419 3007 540 3088 potest.
558 2995 634 3066 Non
652 2993 710 3064 tibi
728 3015 824 3085 ergo,
845 2991 908 3062 sed
927 2991 1023 3075 milri,
1044 2991 1108 3063 sed
1133 2993 1222 3079 aliis,

147 3116 240 3190 dicta
272 3118 341 3191 sint
373 3118 459 3190 haec.
480 3118 649 3212 Equidem
684 3137 754 3210 quo
787 3126 819 3188 te
852 3115 981 3211 saepius
1008 3115 1158 3198 intueor,
1181 3137 1225 3187 eo

148 3241 262 3334 magis
280 3242 442 3312 et‘miror
462 3253 497 3313 et
516 3244 704 3335 amplector
727 3251 762 3313 et
786 3240 906 3332 diligo,
927 3260 1039 3332 eoque
1065 3238 1177 3331 magis
1201 3259 1222 3308 a

147 3375 180 3436 te
198 3362 297 3455 diligi
317 3364 463 3457 gaudeo,
486 3375 615 3457 tuoque
635 3362 774 3445 iudicio,
798 3362 882 3432 mibi
902 3361 975 3455 ipse
996 3384 1074 3434 sum
1095 3362 1218 3444 carior,

144 3486 410 3580 defectibusque
435 3489 521 3559 meis
543 3486 801 3569 interblandior,
830 3485 930 3580 quasi
956 3509 1133 3580 nunquam
1161 3488 1222 3559 tibi

146 3613 201 3682 tali
221 3611 300 3681 viro
319 3631 459 3704 possem
480 3631 560 3682 esse
582 3621 651 3681 lam
672 3631 789 3693 carus,
812 3609 878 3679 nisi
900 3608 1039 3702 aliquod
1051 3610 1087 3679 in
1101 3632 1155 3680 me
1168 3611 1221 3680 lu-

143 3756 223 3807 men
244 3733 349 3805 animi
370 3733 535 3817 vidisses,
555 3734 649 3826 quod
664 3755 731 3825 ego
748 3734 806 3826 qui
825 3732 969 3804 vicinior
990 3752 1078 3816 sum,
1100 3735 1217 3815 fateor,

143 3880 211 3929 non
226 3857 346 3940 video;
365 3879 487 3949 neque,
502 3858 531 3929 si
544 3857 658 3929 acrius
679 3855 876 3938 intenderis,
897 3865 930 3926 te
946 3855 1105 3927 visurum
1127 3855 1220 3926 arbi-

143 3992 229 4065 tror,
246 3981 314 4051 nisi
330 3980 412 4072 quia
430 3980 653 4051 verissimum
671 3990 738 4063 est,
754 3979 848 4071 quod
866 3977 924 4071 qui
946 3987 1063 4047 amant
1079 3978 1143 4069 ipsi
1157 3979 1222 4049 sibi

141 4104 272 4174 scornio
280 4105 420 4196 fingunt,
436 4114 473 4173 ut
485 4102 811 4196 Virgiliollarunem
826 4110 862 4169 et
875 4098 1014 4170 heroico
1028 4099 1217 4190 pastorium

141 4247 283 4297 carmen
301 4224 472 4296 obiiciam.
490 4224 580 4306 Quid
604 4224 683 4294 vis?
700 4224 826 4293 Erroro
845 4232 904 4294 tuo
923 4222 1006 4294 lelix
1026 4246 1116 4295 sum:
1137 4244 1217 4316 quan

140 4371 221 4418 cnm
247 4347 371 4418 amicis
391 4349 463 4417 lere
483 4346 644 4418 omnibus
667 4367 742 4415 mea
763 4366 840 4416 sors
861 4357 930 4416 est:
953 4345 1082 4418 nullius
1102 4355 1216 4415 tumen

139 4497 239 4545 error
251 4473 368 4543 auimo
383 4492 458 4542 meo
471 4471 600 4562 gratior
613 4494 714 4562 quum
730 4478 825 4550 llius,
841 4471 1002 4541 nullusve
1018 4492 1122 4562 (prem
1144 4489 1217 4536 ma-
