2738 5062
376 672 472 722 umen
493 671 894 723 oneremus-nmmum
916 675 978 723 xvr.
1084 639 1088 645 ⁴
1164 664 1221 725 155

140 812 253 881 lloma.
277 809 372 879 Esto
393 817 510 880 autem
533 809 603 880 sint
621 810 768 895 nobiles,
788 812 857 883 sint
874 813 1017 885 romani.
1040 811 1094 883 An
1116 814 1221 886 maio

140 931 232 1003 ribus
253 931 401 1016 nostris,
415 932 606 1004 cultoribus
628 933 781 1018 iustitiae,
804 934 1036 1006 subiectorum
1052 947 1221 1030 protecto-

140 1055 249 1141 ribus,
268 1054 547 1127 debellatoribus
565 1054 810 1147 superborum,
825 1057 1066 1130 fundatoribus
1086 1059 1220 1151 imperii

140 1177 353 1273 praeferendi
369 1179 471 1249 sunt?
488 1179 559 1250 Hoc
570 1177 684 1250 dicere
697 1179 909 1272 quantalibet
921 1181 1134 1274 impudentia
1152 1206 1219 1255 non

140 1300 332 1375 audebunt
355 1301 456 1386 Quod
473 1302 503 1372 si
520 1301 568 1371 illi
588 1314 783 1388 cesserunt,
803 1325 871 1373 non
888 1304 1017 1396 pudeat
1033 1307 1098 1378 hos
1115 1308 1219 1377 etiam

140 1424 230 1519 plebi
251 1423 381 1495 oedere
400 1422 606 1515 dignissima
628 1425 831 1518 postulanti,
853 1448 897 1496 ne
917 1426 952 1496 in
978 1426 1065 1497 urbe
1091 1428 1221 1500 scilieet

141 1570 204 1620 sua
216 1549 355 1630 exulet,
369 1569 447 1631 neu,
466 1549 562 1618 velut
578 1549 710 1628 inlecta,
725 1549 769 1620 de
784 1547 919 1640 publico
936 1551 1131 1642 repellatur.
1145 1552 1221 1633 Qua

140 1672 228 1743 inre
238 1669 449 1741 Aristotelici
462 1670 634 1761 dogmatis
647 1672 846 1743 meminisse
857 1674 1050 1758 conveniat,
1066 1682 1111 1757 ut,
1126 1673 1221 1767 quod

139 1794 336 1887 dirigentes
357 1801 511 1864 tortuosa
532 1794 703 1885 lignorum
725 1796 851 1879 solent,
878 1798 1010 1886 cogatis
1037 1797 1101 1869 hos
1122 1799 1220 1869 nobi-

140 1920 206 2003 les,
228 1939 301 1990 non
321 1916 426 1988 modo
447 1917 639 1988 senatorias
657 1928 692 1989 et
709 1917 860 2011 reliquas
876 1918 1063 2010 dignitates
1084 1920 1221 2013 partici-

140 2060 227 2136 pare
246 2060 328 2111 eum
349 2038 445 2121 aliis,
465 2036 528 2109 sed
545 2038 603 2111 diu
622 2040 726 2110 etiam
744 2039 790 2112 ab
803 2040 857 2113 his
872 2040 1008 2135 penitus
1029 2042 1219 2125 abstinere,

146 2184 236 2257 quas
254 2161 318 2235 diu
339 2161 402 2233 soli
424 2182 486 2253 per
507 2162 738 2253 arrogantiam
760 2185 857 2235 suam
884 2174 920 2234 et
945 2165 1055 2258 plebis
1088 2165 1221 2257 patien-

147 2285 232 2357 tiam
249 2293 476 2377 usurparunt,
498 2283 609 2355 donee
625 2284 659 2353 in
676 2296 807 2379 partem
826 2289 968 2359 alteram
985 2287 1125 2360 deflexa
1146 2307 1221 2358 res-

149 2405 282 2500 publios
301 2407 348 2480 ad
368 2408 601 2501 aequalitatem
622 2408 773 2480 debitam
796 2421 1001 2483 revertatur.

208 2548 214 2557 ·
242 2529 315 2601 flou
347 2549 492 2610 censeo,
520 2528 585 2600 hoc
611 2531 759 2625 supplex
784 2554 860 2617 oro,
889 2534 954 2603 hoc
979 2554 1091 2605 senex
1111 2536 1219 2608 Roma

141 2674 222 2726 eum
255 2652 408 2724 lacrimis
441 2651 645 2723 obtestatur.
668 2652 768 2737 Quod
794 2654 824 2724 si
851 2676 976 2744 segnes
1002 2657 1036 2726 in
1062 2658 1138 2728 eius
1165 2681 1220 2728 re-

142 2775 337 2850 stauranda
356 2774 513 2846 libertate
533 2776 680 2857 fueritis,
703 2776 749 2847 ad
770 2775 916 2847 tribunal
943 2779 1111 2849 tremendi
1132 2780 1220 2849 iudi-

145 2900 198 2973 ois
216 2920 283 2971 ros
303 2900 462 2992 appellat.
484 2900 556 2968 Hoc
577 2899 733 2968 Christus
755 2898 862 2981 iubet,
883 2900 955 2990 qui,
977 2900 1061 2970 dum
1081 2904 1223 2972 oonsul-

147 3022 281 3108 tabitis,
303 3023 340 3092 in
360 3020 473 3092 medio
494 3029 653 3092 vestrum
672 3019 749 3103 erit,
773 3027 812 3089 ut
826 3041 916 3112 quos
933 3021 1036 3112 elegit
1055 3044 1076 3092 a
1096 3023 1222 3116 prinei-

144 3144 215 3240 pio,
236 3166 360 3218 eorum
378 3165 491 3237 usque
510 3143 543 3213 in
562 3141 666 3215 finem
681 3164 719 3213 se
733 3142 886 3237 praebeat
904 3164 1042 3236 semper
1059 3152 1222 3227 tutorem

143 3268 209 3340 lroe
236 3265 396 3362 Apostoli
418 3266 541 3338 Petrus
573 3277 609 3338 et
639 3268 766 3338 Paulus
799 3266 966 3359 flagitant,
994 3268 1053 3360 qui
1079 3289 1223 3340 romano

144 3388 317 3473 Pontifici,
339 3398 380 3458 ut
406 3411 473 3458 non
497 3389 595 3461 alteri
620 3412 725 3483 quarn
752 3390 852 3461 vobis
879 3391 944 3461 ista
969 3391 1221 3473 committeret,

146 3513 371 3606 inspirarunt3
389 3531 537 3604 quorum
560 3513 682 3584 tacitas
702 3534 822 3605 preces
840 3515 869 3584 si
887 3513 1008 3585 audire
1029 3515 1221 3597 volueritis,

147 3633 381 3729 quorumlibet
400 3636 588 3708 contrarias
610 3659 731 3730 preces
752 3659 792 3708 ao
812 3637 943 3729 gratias
963 3637 1122 3709 facillime
1142 3657 1225 3708 con-

147 3757 319 3842 temnetis,
343 3778 412 3827 non
433 3757 527 3849 quod
546 3760 669 3830 alienae
695 3760 868 3853 superbire
892 3761 1011 3847 libeat,
1040 3762 1103 3833 sed
1129 3761 1223 3854 quod

149 3893 299 3953 vestram
319 3880 443 3952 deceat
454 3879 685 3967 honestatem,
704 3883 789 3977 quid
805 3883 895 3969 urbi,
911 3883 995 3975 qnid
1009 3885 1125 3969 ltaliae,
1141 3884 1224 3978 quid

149 4005 277 4097 mundo
298 4002 473 4096 expediat,
496 4005 697 4096 cogitantes.

288 4153 380 4208 x1111.
397 4154 457 4209 Kal.
474 4155 641 4210 Decembris.
