2738 5062
300 680 392 731 tinen
414 682 933 735 surrruusoucruus-umsronn
954 688 994 737 ru.
1124 677 1183 741 439

107 823 234 885 statum
256 818 419 909 temporis
440 817 583 890 audisti:
605 819 649 891 de
668 820 783 891 futuro
800 820 884 912 quid
901 842 1053 914 sperem,
1077 824 1105 895 si
1128 846 1183 895 me

105 959 223 1029 rogeS,
243 959 312 1007 non
333 938 445 1010 audeo
473 940 613 1032 quidem
643 940 782 1033 scriptis
808 941 988 1029 mandare,
1011 967 1054 1017 ne
1087 967 1184 1018 more

104 1082 170 1132 suo
182 1060 327 1131 forsitan
341 1061 577 1134 debacchante
591 1065 736 1146 fortuna,
758 1065 983 1157 plurimorum
997 1068 1184 1160 repreben-

105 1182 261 1254 sionibus
283 1195 434 1276 pateam,
454 1184 514 1277 qui
537 1184 568 1256 si
589 1194 743 1270 tacuero,
766 1186 851 1279 quid
876 1187 1025 1278 cogitem
1044 1210 1112 1261 non
1131 1188 1185 1258 vi-

103 1302 245 1375 debunt.
261 1305 304 1377 Ut
317 1314 444 1377 caetera
465 1309 726 1401 praetermittam
746 1331 827 1400 quae
841 1308 925 1378 mibi
939 1330 1045 1403 supra
1066 1331 1183 1380 mcum

106 1425 267 1518 sperandi
289 1449 419 1499 morem
441 1430 587 1500 multum
608 1429 711 1502 modo
732 1430 803 1523 spei
824 1430 983 1512 afferunt,
1002 1432 1085 1503 illud
1101 1453 1185 1503 con-

105 1558 180 1630 stat,
202 1549 297 1641 quod
318 1571 337 1619 a
361 1549 575 1642 sapientibus
592 1551 774 1624 diffinitum
792 1564 857 1635 est,
876 1554 1043 1645 optimum
1071 1554 1183 1647 reipu-

106 1669 202 1741 blicae
223 1681 351 1743 statum
378 1694 460 1743 esse
485 1672 578 1744 iusto
604 1674 671 1744 sub
697 1674 800 1745 unius
821 1675 976 1770 imperio.
998 1677 1184 1747 Verumta-
1285 1762 1289 1767 Ι

104 1813 183 1863 men
204 1803 242 1864 ut
261 1795 305 1865 ad
323 1794 439 1866 omnia
457 1794 565 1887 parati
584 1795 695 1867 simus
708 1819 786 1868 cum
801 1797 997 1888 Augustino
1013 1796 1182 1869 desinam.

111 1942 124 1975 n
152 1915 273 1999 lllanet,
289 1917 407 2009 inquit,
422 1916 640 2010 civitasque
662 1940 723 1991 nos
744 1920 927 1992 carnaliter
948 1920 1087 2011 genuit?
1108 1919 1182 1991 Deo

108 2065 123 2097 n
152 2038 292 2127 gratias.
316 2039 450 2110 Utinam
468 2048 504 2109 et
520 2038 742 2133 spiritualiter
755 2052 941 2132 generetur
952 2051 988 2113 et
1000 2040 1183 2113 nobiscum

110 2189 124 2222 l
154 2161 360 2232 transeatad
373 2160 614 2233 aeternitatem.
628 2162 697 2233 Sed
709 2181 775 2233 non
797 2173 914 2235 manet
933 2164 1080 2248 civitae,
1102 2183 1185 2256 quae

109 2311 124 2343 u
153 2303 216 2352 nos
242 2283 424 2355 carnaliter
448 2285 576 2376 genuit.
600 2285 715 2355 Manet
745 2306 827 2377 quae
859 2308 924 2358 nos
954 2286 1181 2381 spiritualiter

111 2433 124 2464 n
152 2405 281 2495 genuit.
298 2403 483 2476 AEdificans
505 2406 692 2478 Ierusalem
711 2407 889 2479 Dominus.
908 2407 1084 2501 Numquid
1102 2407 1184 2478 dor-

111 2556 124 2591 »
153 2525 304 2599 mitando
317 2526 503 2599 aedilicium
518 2550 620 2600 suum
633 2527 792 2622 perdidit,
807 2539 866 2602 aut
879 2552 945 2600 non
956 2520 1185 2600 custodiendo
1222 2615 1225 2619 ¹

109 2677 123 2714 n
152 2651 273 2723 hostes
292 2649 454 2721 admisit?
472 2650 546 2720 Nisi
571 2651 739 2723 Dominus
763 2650 968 2722 custodierit
991 2649 1182 2732 civitatem,

108 2801 123 2834 a
153 2772 185 2840 in
200 2793 332 2843 vanum
351 2768 495 2862 vigilant
514 2771 574 2863 qui
595 2771 795 2843 custodiunt
810 2791 898 2841 eam.
918 2772 961 2840 Et
976 2791 1080 2862 quam
1099 2768 1186 2839 civi-

110 2919 124 2953 »
153 2894 278 2962 tatem‘l
303 2891 376 2961 Non
403 2890 532 2962 dormit
565 2913 678 2984 neque
710 2889 909 2963 dormitabit
940 2890 998 2983 qui
1032 2886 1186 2961 custodit

111 3039 125 3073 u
154 3012 273 3092 lsrael;
299 3039 315 3076 t
337 3022 372 3083 et
392 2972 616 3105 post⁰paucaz
639 3040 655 3078 c
676 3011 768 3097 Quid
784 3014 1006 3105 expavescis,
1025 3013 1107 3104 quia
1124 3031 1185 3105 pe·

110 3161 124 3196 n
154 3144 255 3205 reunt
273 3156 381 3227 regna
406 3138 564 3207 terrena?
585 3135 672 3207 ldeo
705 3134 765 3205 tibi
798 3137 940 3207 coeleste
972 3134 1183 3228 promissum

110 3286 124 3321 r>
151 3267 207 3328 est
226 3279 269 3329 ne
288 3280 367 3330 curn
387 3258 533 3328 terrenis
555 3258 704 3353 perires:
726 3279 805 3328 nam
827 3258 894 3329 ista
919 3257 1068 3352 peritura
1096 3274 1185 3348 prae·

108 3409 123 3444 u
151 3381 359 3454 dictasunt:
382 3380 546 3476 praedicta
567 3383 718 3453 omnino.
739 3381 814 3452 Non
835 3381 926 3451 enirn
950 3400 1079 3470 negare
1104 3398 1186 3472 pos-

107 3532 121 3566 »
150 3527 273 3576 sumus
294 3504 387 3597 quod
422 3504 624 3597 praedictum
657 3512 728 3574 est:
763 3502 932 3575 Dominus
959 3511 1054 3585 tuus,
1079 3521 1184 3592 quem

108 3657 122 3689 r
150 3635 325 3721 expectas,
345 3626 436 3698 dixit
457 3626 532 3697 tihi:
551 3627 710 3718 Exurget
724 3630 812 3718 gens
833 3635 953 3697 contra
974 3632 1128 3714 gentem,
1149 3633 1186 3693 et

106 3777 119 3810 u
149 3771 295 3840 regnum
317 3749 490 3820 adversus
513 3771 671 3840 regnum.
694 3747 831 3820 Habent
847 3746 1057 3817 mutationes
1076 3765 1184 3835 regna

108 3898 121 3932 a
151 3882 303 3942 terrena:
327 3870 445 3941 veniet
466 3870 522 3940 ille
539 3871 583 3941 de
603 3892 673 3962 quo
693 3869 822 3942 dictum
845 3880 915 3945 est:‚
931 3868 976 3936 Et
993 3867 1090 3957 regni
1106 3867 1184 3938 cius

107 4022 121 4056 r
149 4015 217 4064 non
234 3995 301 4064 erit
319 3993 408 4063 linis.
436 4022 450 4055 n
477 3994 548 4063 Hoc
568 4005 624 4063 est
645 3993 750 4083 igitur
770 3989 958 4080 Augustini
979 3987 1181 4072 consilium,

100 4115 222 4199 amice,
246 4138 309 4187 seu
331 4128 471 4187 maneat
490 4112 615 4185 civitas
640 4122 758 4183 nostra
787 4122 924 4181 terrena
957 4131 1020 4180 seu
1054 4122 1181 4202 pereat.

100 4238 174 4309 Non
187 4260 263 4310 sum
279 4241 409 4309 multus
424 4238 458 4306 in
471 4233 714 4331 persuadendo
727 4234 791 4315 cui,
809 4253 864 4302 me
878 4242 1022 4315 tacente,
1039 4254 1184 4324 persua-

101 4381 178 4430 sum
201 4362 272 4433 scio
294 4360 444 4432 manime
466 4348 531 4427 uiri
550 4357 725 4449 proprium
753 4355 908 4448 celsique
937 4354 1039 4426 animi
1062 4366 1098 4425 et
1117 4354 1181 4424 bu-

102 4502 202 4552 mana
224 4481 388 4554 calcantis
411 4487 643 4571 praeparatum
661 4498 742 4549 esse
759 4478 804 4550 ad
817 4478 931 4550 omnia
950 4497 1030 4568 quae
1048 4475 1178 4568 possint
