<?xml version="1.0" encoding="UTF-8"?>
<!DOCTYPE html PUBLIC "-//W3C//DTD XHTML 1.0 Transitional//EN"
    "http://www.w3.org/TR/xhtml1/DTD/xhtml1-transitional.dtd">
<html xmlns="http://www.w3.org/1999/xhtml" xml:lang="en" lang="en">
 <head>
  <title>
</title>
<meta http-equiv="Content-Type" content="text/html;charset=utf-8" />
  <meta name='ocr-system' content='tesseract 3.04.00' />
  <meta name='ocr-capabilities' content='ocr_page ocr_carea ocr_par ocr_line ocrx_word'/>
</head>
<body>
  <div class='ocr_page' id='page_1' title='image "./epistolaederebu02fracgoog_0072.png"; bbox 0 0 2738 5062; ppageno 0'>
   <div class='ocr_carea' id='block_1_1' title="bbox 141 684 1227 4577">
    <p class='ocr_par' dir='ltr' id='par_1_1' title="bbox 141 684 1227 4577">
     <span class='ocr_line' id='line_1_1' title="bbox 427 684 1223 751; baseline -0.004 -2"><span class='ocrx_word' id='word_1_1' title='bbox 427 700 519 750; x_wconf 83' lang='lat' dir='ltr'>trnsn</span> <span class='ocrx_word' id='word_1_2' title='bbox 540 699 901 751; x_wconf 71' lang='lat' dir='ltr'>uncinus—unsrun</span> <span class='ocrx_word' id='word_1_3' title='bbox 925 700 943 746; x_wconf 89' lang='grc' dir='ltr'>ι.</span> <span class='ocrx_word' id='word_1_4' title='bbox 1184 684 1223 746; x_wconf 83' lang='grc'>63</span> 
     </span>
     <span class='ocr_line' id='line_1_2' title="bbox 149 822 1225 916; baseline -0.005 -19"><span class='ocrx_word' id='word_1_5' title='bbox 149 857 164 889; x_wconf 76' lang='lat' dir='ltr'>u</span> <span class='ocrx_word' id='word_1_6' title='bbox 192 825 250 897; x_wconf 91' lang='lat' dir='ltr'>hili</span> <span class='ocrx_word' id='word_1_7' title='bbox 282 824 415 896; x_wconf 84' lang='lat' dir='ltr'>virtute</span> <span class='ocrx_word' id='word_1_8' title='bbox 448 823 652 916; x_wconf 84' lang='lat' dir='ltr'>impendens</span> <span class='ocrx_word' id='word_1_9' title='bbox 686 823 769 894; x_wconf 91' lang='lat' dir='ltr'>mihi</span> <span class='ocrx_word' id='word_1_10' title='bbox 796 824 914 915; x_wconf 85' lang='lat' dir='ltr'>iugum</span> <span class='ocrx_word' id='word_1_11' title='bbox 940 822 1225 914; x_wconf 78' lang='lat' dir='ltr'>Carthaginiense</span> 
     </span>
     <span class='ocr_line' id='line_1_3' title="bbox 149 944 1224 1041; baseline -0.007 -19"><span class='ocrx_word' id='word_1_12' title='bbox 149 978 163 1012; x_wconf 74' lang='lat' dir='ltr'>r</span> <span class='ocrx_word' id='word_1_13' title='bbox 189 945 370 1021; x_wconf 89' lang='lat' dir='ltr'>discussit.</span> <span class='ocrx_word' id='word_1_14' title='bbox 396 944 526 1036; x_wconf 85' lang='lat' dir='ltr'>Magna</span> <span class='ocrx_word' id='word_1_15' title='bbox 549 967 607 1017; x_wconf 88' lang='lat' dir='ltr'>res</span> <span class='ocrx_word' id='word_1_16' title='bbox 632 946 667 1016; x_wconf 87' lang='lat' dir='ltr'>in</span> <span class='ocrx_word' id='word_1_17' title='bbox 692 945 814 1041; x_wconf 91' lang='lat' dir='ltr'>primis</span> <span class='ocrx_word' id='word_1_18' title='bbox 844 955 879 1016; x_wconf 88' lang='lat' dir='ltr'>et</span> <span class='ocrx_word' id='word_1_19' title='bbox 903 944 1045 1040; x_wconf 91' lang='lat' dir='ltr'>periculi</span> <span class='ocrx_word' id='word_1_20' title='bbox 1070 944 1224 1017; x_wconf 88' lang='lat' dir='ltr'>novitate</span> 
     </span>
     <span class='ocr_line' id='line_1_4' title="bbox 148 1066 1225 1153; baseline 0.005 -19"><span class='ocrx_word' id='word_1_21' title='bbox 148 1099 162 1134; x_wconf 70' lang='grc' dir='ltr'><strong>ι</strong></span> <span class='ocrx_word' id='word_1_22' title='bbox 186 1067 437 1153; x_wconf 88' lang='lat' dir='ltr'>memorabilis,</span> <span class='ocrx_word' id='word_1_23' title='bbox 460 1068 588 1140; x_wconf 92' lang='lat' dir='ltr'>nostris</span> <span class='ocrx_word' id='word_1_24' title='bbox 609 1067 822 1152; x_wconf 80' lang='lat' dir='ltr'><strong>ardentibus,</strong></span> <span class='ocrx_word' id='word_1_25' title='bbox 843 1066 995 1139; x_wconf 91' lang='lat' dir='ltr'>hostium</span> <span class='ocrx_word' id='word_1_26' title='bbox 1017 1067 1106 1139; x_wconf 90' lang='lat' dir='ltr'>fines</span> <span class='ocrx_word' id='word_1_27' title='bbox 1125 1068 1225 1139; x_wconf 92' lang='lat' dir='ltr'>inva-</span> 
     </span>
     <span class='ocr_line' id='line_1_5' title="bbox 147 1188 1225 1283; baseline 0.004 -27"><span class='ocrx_word' id='word_1_28' title='bbox 147 1192 289 1275; x_wconf 75' lang='lat' dir='ltr'>idere,</span> <span class='ocrx_word' id='word_1_29' title='bbox 321 1197 359 1261; x_wconf 88' lang='lat' dir='ltr'>et</span> <span class='ocrx_word' id='word_1_30' title='bbox 381 1188 608 1261; x_wconf 89' lang='lat' dir='ltr'>Hannibalem</span> <span class='ocrx_word' id='word_1_31' title='bbox 640 1189 747 1262; x_wconf 89' lang='lat' dir='ltr'>ltaliae</span> <span class='ocrx_word' id='word_1_32' title='bbox 778 1198 859 1262; x_wconf 92' lang='lat' dir='ltr'>tune</span> <span class='ocrx_word' id='word_1_33' title='bbox 895 1190 1152 1283; x_wconf 82' lang='lat' dir='ltr'>Galliarumque</span> <span class='ocrx_word' id='word_1_34' title='bbox 1189 1199 1225 1260; x_wconf 90' lang='lat' dir='ltr'>et</span> 
     </span>
     <span class='ocr_line' id='line_1_6' title="bbox 145 1309 1225 1407; baseline 0.003 -28"><span class='ocrx_word' id='word_1_35' title='bbox 145 1343 160 1379; x_wconf 75' lang='lat' dir='ltr'>t</span> <span class='ocrx_word' id='word_1_36' title='bbox 188 1311 369 1407; x_wconf 83' lang='lat' dir='ltr'>Hispaniae</span> <span class='ocrx_word' id='word_1_37' title='bbox 388 1309 567 1396; x_wconf 83' lang='lat' dir='ltr'>victorem,</span> <span class='ocrx_word' id='word_1_38' title='bbox 589 1333 630 1384; x_wconf 91' lang='lat' dir='ltr'>ae</span> <span class='ocrx_word' id='word_1_39' title='bbox 651 1312 718 1383; x_wconf 89' lang='lat' dir='ltr'>iam</span> <span class='ocrx_word' id='word_1_40' title='bbox 742 1313 846 1385; x_wconf 90' lang='lat' dir='ltr'>totius</span> <span class='ocrx_word' id='word_1_41' title='bbox 867 1310 962 1384; x_wconf 88' lang='lat' dir='ltr'>orbis</span> <span class='ocrx_word' id='word_1_42' title='bbox 983 1312 1163 1404; x_wconf 91' lang='lat' dir='ltr'>imperium</span> <span class='ocrx_word' id='word_1_43' title='bbox 1183 1312 1225 1382; x_wconf 92' lang='lat' dir='ltr'>ti-</span> 
     </span>
     <span class='ocr_line' id='line_1_7' title="bbox 145 1433 1226 1518; baseline 0.003 -16"><span class='ocrx_word' id='word_1_44' title='bbox 145 1466 162 1502; x_wconf 76' lang='grc' dir='ltr'><strong>ι</strong></span> <span class='ocrx_word' id='word_1_45' title='bbox 188 1433 318 1508; x_wconf 90' lang='lat' dir='ltr'>menda</span> <span class='ocrx_word' id='word_1_46' title='bbox 338 1441 456 1505; x_wconf 89' lang='lat' dir='ltr'>mente</span> <span class='ocrx_word' id='word_1_47' title='bbox 475 1444 691 1518; x_wconf 81' lang='lat' dir='ltr'>uersantem,</span> <span class='ocrx_word' id='word_1_48' title='bbox 713 1434 795 1507; x_wconf 92' lang='lat' dir='ltr'>hinc</span> <span class='ocrx_word' id='word_1_49' title='bbox 815 1435 851 1504; x_wconf 87' lang='lat' dir='ltr'>vi</span> <span class='ocrx_word' id='word_1_50' title='bbox 872 1433 1059 1516; x_wconf 88' lang='lat' dir='ltr'>deiectum,</span> <span class='ocrx_word' id='word_1_51' title='bbox 1081 1433 1149 1505; x_wconf 89' lang='lat' dir='ltr'>illic</span> <span class='ocrx_word' id='word_1_52' title='bbox 1168 1455 1226 1505; x_wconf 93' lang='lat' dir='ltr'>ar-</span> 
     </span>
     <span class='ocr_line' id='line_1_8' title="bbox 144 1553 1227 1649; baseline 0.005 -28"><span class='ocrx_word' id='word_1_53' title='bbox 144 1587 160 1621; x_wconf 72' lang='grc'>»</span> <span class='ocrx_word' id='word_1_54' title='bbox 187 1557 257 1629; x_wconf 91' lang='lat' dir='ltr'>mis</span> <span class='ocrx_word' id='word_1_55' title='bbox 277 1554 433 1627; x_wconf 85' lang='lat' dir='ltr'>vincere.</span> <span class='ocrx_word' id='word_1_56' title='bbox 454 1553 529 1625; x_wconf 83' lang='lat' dir='ltr'>Tibi</span> <span class='ocrx_word' id='word_1_57' title='bbox 550 1557 644 1626; x_wconf 93' lang='lat' dir='ltr'>nulla</span> <span class='ocrx_word' id='word_1_58' title='bbox 662 1555 802 1649; x_wconf 89' lang='lat' dir='ltr'>quidem</span> <span class='ocrx_word' id='word_1_59' title='bbox 824 1554 1036 1627; x_wconf 89' lang='lat' dir='ltr'>transeunda</span> <span class='ocrx_word' id='word_1_60' title='bbox 1053 1566 1136 1626; x_wconf 91' lang='lat' dir='ltr'>sunt</span> <span class='ocrx_word' id='word_1_61' title='bbox 1152 1577 1227 1626; x_wconf 93' lang='lat' dir='ltr'>ma·</span> 
     </span>
     <span class='ocr_line' id='line_1_9' title="bbox 144 1675 1226 1770; baseline 0.002 -26"><span class='ocrx_word' id='word_1_62' title='bbox 144 1708 160 1744; x_wconf 83' lang='lat'><strong>»</strong></span> <span class='ocrx_word' id='word_1_63' title='bbox 186 1679 252 1764; x_wconf 86' lang='lat' dir='ltr'>ria,</span> <span class='ocrx_word' id='word_1_64' title='bbox 273 1678 392 1748; x_wconf 88' lang='lat' dir='ltr'>nullus</span> <span class='ocrx_word' id='word_1_65' title='bbox 405 1675 576 1749; x_wconf 86' lang='lat' dir='ltr'>Hannibal</span> <span class='ocrx_word' id='word_1_66' title='bbox 595 1676 802 1760; x_wconf 86' lang='lat' dir='ltr'>viucendus;</span> <span class='ocrx_word' id='word_1_67' title='bbox 817 1698 962 1770; x_wconf 91' lang='lat' dir='ltr'>pronum</span> <span class='ocrx_word' id='word_1_68' title='bbox 978 1675 1052 1761; x_wconf 90' lang='lat' dir='ltr'>iter,</span> <span class='ocrx_word' id='word_1_69' title='bbox 1071 1677 1173 1768; x_wconf 92' lang='lat' dir='ltr'>plana</span> <span class='ocrx_word' id='word_1_70' title='bbox 1190 1685 1226 1747; x_wconf 91' lang='lat' dir='ltr'>et</span> 
     </span>
     <span class='ocr_line' id='line_1_10' title="bbox 145 1797 1222 1895; baseline 0.002 -30"><span class='ocrx_word' id='word_1_71' title='bbox 145 1829 160 1865; x_wconf 76' lang='lat' dir='ltr'>t</span> <span class='ocrx_word' id='word_1_72' title='bbox 188 1807 311 1895; x_wconf 87' lang='lat' dir='ltr'>aperta</span> <span class='ocrx_word' id='word_1_73' title='bbox 322 1797 542 1880; x_wconf 81' lang='lat' dir='ltr'>suntemnia3</span> <span class='ocrx_word' id='word_1_74' title='bbox 557 1818 637 1891; x_wconf 85' lang='lat' dir='ltr'>quae</span> <span class='ocrx_word' id='word_1_75' title='bbox 649 1798 742 1869; x_wconf 88' lang='lat' dir='ltr'>enim</span> <span class='ocrx_word' id='word_1_76' title='bbox 755 1798 917 1871; x_wconf 90' lang='lat' dir='ltr'>obturata</span> <span class='ocrx_word' id='word_1_77' title='bbox 929 1798 1069 1891; x_wconf 90' lang='lat' dir='ltr'>quidam</span> <span class='ocrx_word' id='word_1_78' title='bbox 1086 1806 1222 1892; x_wconf 91' lang='lat' dir='ltr'>putant,</span> 
     </span>
     <span class='ocr_line' id='line_1_11' title="bbox 144 1919 1222 2014; baseline 0.001 -27"><span class='ocrx_word' id='word_1_79' title='bbox 144 1951 160 1987; x_wconf 83' lang='lat'><strong>»</strong></span> <span class='ocrx_word' id='word_1_80' title='bbox 187 1919 441 2014; x_wconf 67' lang='lat' dir='ltr'>presentiam</span> <span class='ocrx_word' id='word_1_81' title='bbox 452 1919 625 1991; x_wconf 81' lang='lat' dir='ltr'>aetonitrui</span> <span class='ocrx_word' id='word_1_82' title='bbox 640 1929 829 2014; x_wconf 84' lang='lat' dir='ltr'>patescent.</span> <span class='ocrx_word' id='word_1_83' title='bbox 845 1922 981 2012; x_wconf 87' lang='lat' dir='ltr'>lugens,</span> <span class='ocrx_word' id='word_1_84' title='bbox 996 1919 1064 1991; x_wconf 91' lang='lat' dir='ltr'>nisi</span> <span class='ocrx_word' id='word_1_85' title='bbox 1077 1920 1222 2011; x_wconf 76' lang='lat' dir='ltr'>respuis</span> 
     </span>
     <span class='ocr_line' id='line_1_12' title="bbox 144 2040 1225 2136; baseline 0.001 -27"><span class='ocrx_word' id='word_1_86' title='bbox 144 2073 160 2109; x_wconf 69' lang='grc' dir='ltr'><strong>ι</strong></span> <span class='ocrx_word' id='word_1_87' title='bbox 187 2064 294 2117; x_wconf 81' lang='lat' dir='ltr'>novae</span> <span class='ocrx_word' id='word_1_88' title='bbox 314 2041 376 2114; x_wconf 88' lang='lat' dir='ltr'>tibi</span> <span class='ocrx_word' id='word_1_89' title='bbox 397 2041 519 2135; x_wconf 87' lang='lat' dir='ltr'>gloriae</span> <span class='ocrx_word' id='word_1_90' title='bbox 531 2062 676 2136; x_wconf 90' lang='lat' dir='ltr'>campus</span> <span class='ocrx_word' id='word_1_91' title='bbox 689 2042 896 2114; x_wconf 71' lang='lat' dir='ltr'>ostenditur.</span> <span class='ocrx_word' id='word_1_92' title='bbox 923 2040 1111 2133; x_wconf 81' lang='lat' dir='ltr'>Ingredere</span> <span class='ocrx_word' id='word_1_93' title='bbox 1130 2040 1225 2112; x_wconf 83' lang='lat' dir='ltr'>forti-</span> 
     </span>
     <span class='ocr_line' id='line_1_13' title="bbox 144 2162 1223 2259; baseline 0.005 -30"><span class='ocrx_word' id='word_1_94' title='bbox 144 2193 160 2229; x_wconf 83' lang='lat'><strong>»</strong></span> <span class='ocrx_word' id='word_1_95' title='bbox 188 2176 253 2249; x_wconf 88' lang='lat' dir='ltr'>ter,</span> <span class='ocrx_word' id='word_1_96' title='bbox 275 2162 458 2257; x_wconf 79' lang='lat' dir='ltr'>intrepide.</span> <span class='ocrx_word' id='word_1_97' title='bbox 484 2163 658 2235; x_wconf 88' lang='lat' dir='ltr'>Iustorum</span> <span class='ocrx_word' id='word_1_98' title='bbox 679 2184 797 2236; x_wconf 87' lang='lat' dir='ltr'>eomes</span> <span class='ocrx_word' id='word_1_99' title='bbox 817 2174 853 2236; x_wconf 87' lang='lat' dir='ltr'>et</span> <span class='ocrx_word' id='word_1_100' title='bbox 873 2164 1010 2236; x_wconf 90' lang='lat' dir='ltr'>adiutor</span> <span class='ocrx_word' id='word_1_101' title='bbox 1029 2164 1223 2259; x_wconf 86' lang='lat' dir='ltr'>principum</span> 
     </span>
     <span class='ocr_line' id='line_1_14' title="bbox 144 2284 1224 2370; baseline 0.002 -14"><span class='ocrx_word' id='word_1_102' title='bbox 144 2313 160 2349; x_wconf 72' lang='lat' dir='ltr'>a</span> <span class='ocrx_word' id='word_1_103' title='bbox 186 2286 283 2358; x_wconf 87' lang='lat' dir='ltr'>Deus</span> <span class='ocrx_word' id='word_1_104' title='bbox 308 2284 439 2367; x_wconf 79' lang='lat' dir='ltr'>aderit,</span> <span class='ocrx_word' id='word_1_105' title='bbox 465 2284 615 2357; x_wconf 89' lang='lat' dir='ltr'>aderunt</span> <span class='ocrx_word' id='word_1_106' title='bbox 639 2296 783 2357; x_wconf 72' lang='lat' dir='ltr'>armata</span> <span class='ocrx_word' id='word_1_107' title='bbox 807 2284 977 2358; x_wconf 92' lang='lat' dir='ltr'>bonorum</span> <span class='ocrx_word' id='word_1_108' title='bbox 1004 2287 1109 2370; x_wconf 73' lang='lat' dir='ltr'>acies</span> <span class='ocrx_word' id='word_1_109' title='bbox 1136 2284 1224 2358; x_wconf 87' lang='lat' dir='ltr'>duce</span> 
     </span>
     <span class='ocr_line' id='line_1_15' title="bbox 144 2405 1224 2502; baseline 0.006 -31"><span class='ocrx_word' id='word_1_110' title='bbox 144 2436 159 2471; x_wconf 74' lang='lat' dir='ltr'>r&gt;</span> <span class='ocrx_word' id='word_1_111' title='bbox 192 2418 236 2491; x_wconf 85' lang='lat' dir='ltr'>te,</span> <span class='ocrx_word' id='word_1_112' title='bbox 254 2406 447 2479; x_wconf 85' lang='lat' dir='ltr'>libertatem</span> <span class='ocrx_word' id='word_1_113' title='bbox 468 2405 637 2499; x_wconf 87' lang='lat' dir='ltr'>perditam</span> <span class='ocrx_word' id='word_1_114' title='bbox 659 2419 890 2502; x_wconf 87' lang='lat' dir='ltr'>reposcentes.</span> <span class='ocrx_word' id='word_1_115' title='bbox 911 2410 1057 2480; x_wconf 86' lang='lat' dir='ltr'>Possem</span> <span class='ocrx_word' id='word_1_116' title='bbox 1080 2416 1112 2477; x_wconf 89' lang='lat' dir='ltr'>te</span> <span class='ocrx_word' id='word_1_117' title='bbox 1132 2429 1224 2478; x_wconf 92' lang='lat' dir='ltr'>nunc</span> 
     </span>
     <span class='ocr_line' id='line_1_16' title="bbox 144 2526 1225 2625; baseline 0.005 -30"><span class='ocrx_word' id='word_1_118' title='bbox 144 2527 362 2625; x_wconf 72' lang='lat' dir='ltr'>»exemplis</span> <span class='ocrx_word' id='word_1_119' title='bbox 394 2526 576 2600; x_wconf 89' lang='lat' dir='ltr'>sollicitare</span> <span class='ocrx_word' id='word_1_120' title='bbox 608 2529 804 2615; x_wconf 86' lang='lat' dir='ltr'>contrariis,</span> <span class='ocrx_word' id='word_1_121' title='bbox 831 2551 954 2602; x_wconf 86' lang='lat' dir='ltr'>eorum</span> <span class='ocrx_word' id='word_1_122' title='bbox 979 2529 1039 2623; x_wconf 92' lang='lat' dir='ltr'>qui</span> <span class='ocrx_word' id='word_1_123' title='bbox 1072 2528 1225 2621; x_wconf 87' lang='lat' dir='ltr'>gloriosa</span> 
     </span>
     <span class='ocr_line' id='line_1_17' title="bbox 143 2649 1224 2746; baseline 0.005 -30"><span class='ocrx_word' id='word_1_124' title='bbox 143 2681 159 2716; x_wconf 73' lang='lat' dir='ltr'>i</span> <span class='ocrx_word' id='word_1_125' title='bbox 188 2650 378 2746; x_wconf 90' lang='lat' dir='ltr'>primordia</span> <span class='ocrx_word' id='word_1_126' title='bbox 398 2671 463 2721; x_wconf 91' lang='lat' dir='ltr'>seu</span> <span class='ocrx_word' id='word_1_127' title='bbox 480 2649 601 2721; x_wconf 90' lang='lat' dir='ltr'>mortis</span> <span class='ocrx_word' id='word_1_128' title='bbox 620 2672 683 2722; x_wconf 91' lang='lat' dir='ltr'>seu</span> <span class='ocrx_word' id='word_1_129' title='bbox 701 2653 848 2744; x_wconf 90' lang='lat' dir='ltr'>insignis</span> <span class='ocrx_word' id='word_1_130' title='bbox 865 2652 1059 2746; x_wconf 93' lang='lat' dir='ltr'>cuiuspiam</span> <span class='ocrx_word' id='word_1_131' title='bbox 1078 2651 1224 2746; x_wconf 90' lang='lat' dir='ltr'>impedi-</span> 
     </span>
     <span class='ocr_line' id='line_1_18' title="bbox 143 2772 1223 2867; baseline 0.007 -29"><span class='ocrx_word' id='word_1_132' title='bbox 143 2801 159 2838; x_wconf 77' lang='lat'><strong>»</strong></span> <span class='ocrx_word' id='word_1_133' title='bbox 186 2772 294 2844; x_wconf 91' lang='lat' dir='ltr'>menti</span> <span class='ocrx_word' id='word_1_134' title='bbox 317 2772 416 2844; x_wconf 91' lang='lat' dir='ltr'>obice</span> <span class='ocrx_word' id='word_1_135' title='bbox 437 2794 656 2866; x_wconf 85' lang='lat' dir='ltr'>nequaquam</span> <span class='ocrx_word' id='word_1_136' title='bbox 673 2774 718 2846; x_wconf 91' lang='lat' dir='ltr'>ad</span> <span class='ocrx_word' id='word_1_137' title='bbox 736 2775 870 2845; x_wconf 83' lang='lat' dir='ltr'>exitum</span> <span class='ocrx_word' id='word_1_138' title='bbox 887 2775 1136 2867; x_wconf 83' lang='lat' dir='ltr'>perduxerunt.</span> <span class='ocrx_word' id='word_1_139' title='bbox 1156 2775 1223 2846; x_wconf 89' lang='lat' dir='ltr'>Sed</span> 
     </span>
     <span class='ocr_line' id='line_1_19' title="bbox 142 2893 1223 2989; baseline -0.003 -23"><span class='ocrx_word' id='word_1_140' title='bbox 142 2893 248 2966; x_wconf 82' lang='lat' dir='ltr'>»ubi</span> <span class='ocrx_word' id='word_1_141' title='bbox 279 2894 470 2967; x_wconf 88' lang='lat' dir='ltr'>domestica</span> <span class='ocrx_word' id='word_1_142' title='bbox 503 2905 707 2989; x_wconf 88' lang='lat' dir='ltr'>suppetunt,</span> <span class='ocrx_word' id='word_1_143' title='bbox 734 2903 882 2966; x_wconf 82' lang='lat' dir='ltr'>externa</span> <span class='ocrx_word' id='word_1_144' title='bbox 915 2916 986 2966; x_wconf 91' lang='lat' dir='ltr'>non</span> <span class='ocrx_word' id='word_1_145' title='bbox 1011 2894 1223 2987; x_wconf 73' lang='lat' dir='ltr'>quaerimus:</span> 
     </span>
     <span class='ocr_line' id='line_1_20' title="bbox 142 3014 1224 3110; baseline 0.007 -31"><span class='ocrx_word' id='word_1_146' title='bbox 142 3044 159 3079; x_wconf 69' lang='lat' dir='ltr'>t</span> <span class='ocrx_word' id='word_1_147' title='bbox 189 3015 283 3086; x_wconf 90' lang='lat' dir='ltr'>unde</span> <span class='ocrx_word' id='word_1_148' title='bbox 299 3015 359 3087; x_wconf 90' lang='lat' dir='ltr'>tibi</span> <span class='ocrx_word' id='word_1_149' title='bbox 379 3038 449 3088; x_wconf 91' lang='lat' dir='ltr'>non</span> <span class='ocrx_word' id='word_1_150' title='bbox 468 3019 602 3110; x_wconf 89' lang='lat' dir='ltr'>procul,</span> <span class='ocrx_word' id='word_1_151' title='bbox 630 3037 699 3087; x_wconf 92' lang='lat' dir='ltr'>non</span> <span class='ocrx_word' id='word_1_152' title='bbox 727 3037 775 3086; x_wconf 81' lang='lat' dir='ltr'>ex</span> <span class='ocrx_word' id='word_1_153' title='bbox 798 3014 981 3086; x_wconf 85' lang='lat' dir='ltr'>annalibus</span> <span class='ocrx_word' id='word_1_154' title='bbox 1012 3014 1224 3108; x_wconf 75' lang='lat' dir='ltr'>quaerendus</span> 
     </span>
     <span class='ocr_line' id='line_1_21' title="bbox 143 3135 1225 3233; baseline 0.003 -30"><span class='ocrx_word' id='word_1_155' title='bbox 143 3167 158 3203; x_wconf 74' lang='lat' dir='ltr'>t</span> <span class='ocrx_word' id='word_1_156' title='bbox 188 3159 282 3209; x_wconf 87' lang='lat' dir='ltr'>unns</span> <span class='ocrx_word' id='word_1_157' title='bbox 304 3136 362 3209; x_wconf 92' lang='lat' dir='ltr'>tibi</span> <span class='ocrx_word' id='word_1_158' title='bbox 382 3159 446 3233; x_wconf 92' lang='lat' dir='ltr'>pro</span> <span class='ocrx_word' id='word_1_159' title='bbox 466 3136 628 3210; x_wconf 90' lang='lat' dir='ltr'>omnibus</span> <span class='ocrx_word' id='word_1_160' title='bbox 651 3135 736 3210; x_wconf 88' lang='lat' dir='ltr'>satis</span> <span class='ocrx_word' id='word_1_161' title='bbox 753 3136 819 3208; x_wconf 90' lang='lat' dir='ltr'>erit</span> <span class='ocrx_word' id='word_1_162' title='bbox 837 3136 1007 3207; x_wconf 88' lang='lat' dir='ltr'>Henricus</span> <span class='ocrx_word' id='word_1_163' title='bbox 1026 3137 1100 3221; x_wconf 88' lang='lat' dir='ltr'>vll,</span> <span class='ocrx_word' id='word_1_164' title='bbox 1123 3147 1225 3206; x_wconf 89' lang='lat' dir='ltr'>aeter-</span> 
     </span>
     <span class='ocr_line' id='line_1_22' title="bbox 141 3256 1225 3341; baseline 0.004 -18"><span class='ocrx_word' id='word_1_165' title='bbox 141 3287 157 3323; x_wconf 69' lang='lat' dir='ltr'>s</span> <span class='ocrx_word' id='word_1_166' title='bbox 186 3279 243 3330; x_wconf 86' lang='lat' dir='ltr'>uae</span> <span class='ocrx_word' id='word_1_167' title='bbox 263 3259 441 3331; x_wconf 84' lang='lat' dir='ltr'>memoriae</span> <span class='ocrx_word' id='word_1_168' title='bbox 467 3259 716 3331; x_wconf 88' lang='lat' dir='ltr'>serenissimus</span> <span class='ocrx_word' id='word_1_169' title='bbox 736 3281 826 3331; x_wconf 90' lang='lat' dir='ltr'>avus</span> <span class='ocrx_word' id='word_1_170' title='bbox 849 3266 943 3341; x_wconf 88' lang='lat' dir='ltr'>tuus,</span> <span class='ocrx_word' id='word_1_171' title='bbox 966 3256 1021 3330; x_wconf 89' lang='lat' dir='ltr'>cui</span> <span class='ocrx_word' id='word_1_172' title='bbox 1041 3256 1071 3330; x_wconf 91' lang='lat' dir='ltr'>si</span> <span class='ocrx_word' id='word_1_173' title='bbox 1092 3257 1136 3330; x_wconf 92' lang='lat' dir='ltr'>ad</span> <span class='ocrx_word' id='word_1_174' title='bbox 1160 3279 1225 3329; x_wconf 79' lang='lat' dir='ltr'>ex-</span> 
     </span>
     <span class='ocr_line' id='line_1_23' title="bbox 142 3380 1224 3479; baseline 0.005 -32"><span class='ocrx_word' id='word_1_175' title='bbox 142 3410 158 3447; x_wconf 78' lang='lat'><strong>»</strong></span> <span class='ocrx_word' id='word_1_176' title='bbox 186 3380 313 3478; x_wconf 88' lang='lat' dir='ltr'>plenda</span> <span class='ocrx_word' id='word_1_177' title='bbox 344 3402 425 3475; x_wconf 85' lang='lat' dir='ltr'>quae</span> <span class='ocrx_word' id='word_1_178' title='bbox 450 3402 550 3454; x_wconf 89' lang='lat' dir='ltr'>sacra</span> <span class='ocrx_word' id='word_1_179' title='bbox 575 3392 690 3455; x_wconf 91' lang='lat' dir='ltr'>mente</span> <span class='ocrx_word' id='word_1_180' title='bbox 715 3393 921 3479; x_wconf 83' lang='lat' dir='ltr'>conceperat</span> <span class='ocrx_word' id='word_1_181' title='bbox 952 3380 1036 3455; x_wconf 84' lang='lat' dir='ltr'>vitae</span> <span class='ocrx_word' id='word_1_182' title='bbox 1073 3380 1224 3478; x_wconf 91' lang='lat' dir='ltr'>spatium</span> 
     </span>
     <span class='ocr_line' id='line_1_24' title="bbox 143 3502 1225 3589; baseline -0.001 -14"><span class='ocrx_word' id='word_1_183' title='bbox 143 3532 158 3567; x_wconf 79' lang='lat' dir='ltr'>r·</span> <span class='ocrx_word' id='word_1_184' title='bbox 189 3502 395 3589; x_wconf 76' lang='lat' dir='ltr'>suffecisset,</span> <span class='ocrx_word' id='word_1_185' title='bbox 417 3525 522 3576; x_wconf 91' lang='lat' dir='ltr'>versa</span> <span class='ocrx_word' id='word_1_186' title='bbox 542 3526 659 3574; x_wconf 88' lang='lat' dir='ltr'>rerum</span> <span class='ocrx_word' id='word_1_187' title='bbox 681 3512 787 3589; x_wconf 87' lang='lat' dir='ltr'>sorte,</span> <span class='ocrx_word' id='word_1_188' title='bbox 809 3514 845 3574; x_wconf 89' lang='lat' dir='ltr'>et</span> <span class='ocrx_word' id='word_1_189' title='bbox 861 3503 1007 3576; x_wconf 84' lang='lat' dir='ltr'>afflictos</span> <span class='ocrx_word' id='word_1_190' title='bbox 1029 3504 1163 3588; x_wconf 85' lang='lat' dir='ltr'>hostes,</span> <span class='ocrx_word' id='word_1_191' title='bbox 1189 3513 1225 3575; x_wconf 93' lang='lat' dir='ltr'>et</span> 
     </span>
     <span class='ocr_line' id='line_1_25' title="bbox 142 3624 1224 3721; baseline 0.006 -33"><span class='ocrx_word' id='word_1_192' title='bbox 142 3651 158 3688; x_wconf 71' lang='lat' dir='ltr'>t</span> <span class='ocrx_word' id='word_1_193' title='bbox 187 3646 244 3695; x_wconf 89' lang='lat' dir='ltr'>mc</span> <span class='ocrx_word' id='word_1_194' title='bbox 265 3634 469 3717; x_wconf 77' lang='lat' dir='ltr'>regnantem</span> <span class='ocrx_word' id='word_1_195' title='bbox 494 3633 530 3695; x_wconf 89' lang='lat' dir='ltr'>et</span> <span class='ocrx_word' id='word_1_196' title='bbox 555 3624 750 3719; x_wconf 80' lang='lat' dir='ltr'>liberrimos</span> <span class='ocrx_word' id='word_1_197' title='bbox 776 3625 884 3696; x_wconf 81' lang='lat' dir='ltr'>ltaliae</span> <span class='ocrx_word' id='word_1_198' title='bbox 910 3628 1056 3721; x_wconf 92' lang='lat' dir='ltr'>populos</span> <span class='ocrx_word' id='word_1_199' title='bbox 1082 3648 1124 3697; x_wconf 90' lang='lat' dir='ltr'>ac</span> <span class='ocrx_word' id='word_1_200' title='bbox 1148 3625 1224 3695; x_wconf 87' lang='lat' dir='ltr'>seli-</span> 
     </span>
     <span class='ocr_line' id='line_1_26' title="bbox 142 3744 1223 3841; baseline -0.002 -24"><span class='ocrx_word' id='word_1_201' title='bbox 142 3744 348 3819; x_wconf 77' lang='lat' dir='ltr'>»cissimos</span> <span class='ocrx_word' id='word_1_202' title='bbox 379 3747 590 3841; x_wconf 85' lang='lat' dir='ltr'>reliquisset.</span> <span class='ocrx_word' id='word_1_203' title='bbox 626 3747 799 3840; x_wconf 84' lang='lat' dir='ltr'>Expectat</span> <span class='ocrx_word' id='word_1_204' title='bbox 834 3768 926 3818; x_wconf 92' lang='lat' dir='ltr'>nune</span> <span class='ocrx_word' id='word_1_205' title='bbox 961 3747 1018 3820; x_wconf 86' lang='lat' dir='ltr'>ille</span> <span class='ocrx_word' id='word_1_206' title='bbox 1056 3748 1223 3820; x_wconf 89' lang='lat' dir='ltr'>coelorum</span> 
     </span>
     <span class='ocr_line' id='line_1_27' title="bbox 143 3867 1221 3963; baseline 0.01 -29"><span class='ocrx_word' id='word_1_207' title='bbox 143 3898 159 3934; x_wconf 70' lang='grc' dir='ltr'><strong>ι</strong></span> <span class='ocrx_word' id='word_1_208' title='bbox 187 3879 377 3963; x_wconf 89' lang='lat' dir='ltr'>perpetuus</span> <span class='ocrx_word' id='word_1_209' title='bbox 398 3867 517 3955; x_wconf 86' lang='lat' dir='ltr'>incola,</span> <span class='ocrx_word' id='word_1_210' title='bbox 534 3878 571 3940; x_wconf 90' lang='lat' dir='ltr'>et</span> <span class='ocrx_word' id='word_1_211' title='bbox 587 3869 632 3941; x_wconf 96' lang='lat' dir='ltr'>ab</span> <span class='ocrx_word' id='word_1_212' title='bbox 650 3870 720 3941; x_wconf 91' lang='lat' dir='ltr'>alto</span> <span class='ocrx_word' id='word_1_213' title='bbox 740 3868 937 3942; x_wconf 81' lang='lat' dir='ltr'>considerat</span> <span class='ocrx_word' id='word_1_214' title='bbox 959 3890 1107 3961; x_wconf 89' lang='lat' dir='ltr'>gressus</span> <span class='ocrx_word' id='word_1_215' title='bbox 1128 3878 1221 3945; x_wconf 92' lang='lat' dir='ltr'>tuos:</span> 
     </span>
     <span class='ocr_line' id='line_1_28' title="bbox 143 3990 1222 4085; baseline 0.001 -22"><span class='ocrx_word' id='word_1_216' title='bbox 143 4019 159 4055; x_wconf 74' lang='lat' dir='ltr'>r</span> <span class='ocrx_word' id='word_1_217' title='bbox 187 3990 264 4063; x_wconf 90' lang='lat' dir='ltr'>dies</span> <span class='ocrx_word' id='word_1_218' title='bbox 288 3998 479 4083; x_wconf 88' lang='lat' dir='ltr'>computat,</span> <span class='ocrx_word' id='word_1_219' title='bbox 506 3991 682 4085; x_wconf 88' lang='lat' dir='ltr'>horasque</span> <span class='ocrx_word' id='word_1_220' title='bbox 714 3990 927 4078; x_wconf 89' lang='lat' dir='ltr'>dinumerat,</span> <span class='ocrx_word' id='word_1_221' title='bbox 956 4001 1061 4085; x_wconf 88' lang='lat' dir='ltr'>teque</span> <span class='ocrx_word' id='word_1_222' title='bbox 1085 4014 1222 4064; x_wconf 89' lang='lat' dir='ltr'>meeum</span> 
     </span>
     <span class='ocr_line' id='line_1_29' title="bbox 142 4111 617 4205; baseline 0.017 -29"><span class='ocrx_word' id='word_1_223' title='bbox 142 4140 158 4176; x_wconf 83' lang='lat'><strong>»</strong></span> <span class='ocrx_word' id='word_1_224' title='bbox 184 4111 398 4205; x_wconf 88' lang='lat' dir='ltr'>increpitans</span> <span class='ocrx_word' id='word_1_225' title='bbox 423 4112 617 4204; x_wconf 92' lang='lat' dir='ltr'>alloquitur.</span> 
     </span>
     <span class='ocr_line' id='line_1_30' title="bbox 292 4233 1222 4330; baseline 0.008 -28"><span class='ocrx_word' id='word_1_226' title='bbox 292 4260 309 4301; x_wconf 78' lang='lat' dir='ltr'>n</span> <span class='ocrx_word' id='word_1_227' title='bbox 349 4233 466 4326; x_wconf 88' lang='lat' dir='ltr'>Nepos</span> <span class='ocrx_word' id='word_1_228' title='bbox 506 4236 762 4321; x_wconf 88' lang='lat' dir='ltr'>amantissime,</span> <span class='ocrx_word' id='word_1_229' title='bbox 800 4258 872 4330; x_wconf 94' lang='lat' dir='ltr'>quo</span> <span class='ocrx_word' id='word_1_230' title='bbox 917 4235 1124 4330; x_wconf 86' lang='lat' dir='ltr'>superstite,</span> <span class='ocrx_word' id='word_1_231' title='bbox 1157 4258 1222 4309; x_wconf 84' lang='lat' dir='ltr'>nec</span> 
     </span>
     <span class='ocr_line' id='line_1_31' title="bbox 141 4355 1220 4449; baseline 0 -21"><span class='ocrx_word' id='word_1_232' title='bbox 141 4355 359 4429; x_wconf 74' lang='lat' dir='ltr'>»bonorum</span> <span class='ocrx_word' id='word_1_233' title='bbox 401 4376 500 4449; x_wconf 90' lang='lat' dir='ltr'>spes,</span> <span class='ocrx_word' id='word_1_234' title='bbox 547 4379 609 4430; x_wconf 87' lang='lat' dir='ltr'>nec</span> <span class='ocrx_word' id='word_1_235' title='bbox 650 4380 716 4449; x_wconf 83' lang='lat' dir='ltr'>ego</span> <span class='ocrx_word' id='word_1_236' title='bbox 761 4366 853 4430; x_wconf 86' lang='lat' dir='ltr'>tetus</span> <span class='ocrx_word' id='word_1_237' title='bbox 898 4357 1031 4444; x_wconf 91' lang='lat' dir='ltr'>interii,</span> <span class='ocrx_word' id='word_1_238' title='bbox 1075 4362 1220 4431; x_wconf 86' lang='lat' dir='ltr'>Romam</span> 
     </span>
     <span class='ocr_line' id='line_1_32' title="bbox 146 4478 1224 4577; baseline 0.001 -28"><span class='ocrx_word' id='word_1_239' title='bbox 146 4487 349 4552; x_wconf 78' lang='lat' dir='ltr'>»nostram</span> <span class='ocrx_word' id='word_1_240' title='bbox 384 4486 490 4572; x_wconf 91' lang='lat' dir='ltr'>atque</span> <span class='ocrx_word' id='word_1_241' title='bbox 522 4478 614 4552; x_wconf 91' lang='lat' dir='ltr'>illius</span> <span class='ocrx_word' id='word_1_242' title='bbox 647 4480 808 4552; x_wconf 89' lang='lat' dir='ltr'>lacrimas</span> <span class='ocrx_word' id='word_1_243' title='bbox 838 4503 1029 4577; x_wconf 85' lang='lat' dir='ltr'>precesque</span> <span class='ocrx_word' id='word_1_244' title='bbox 1059 4481 1224 4573; x_wconf 86' lang='lat' dir='ltr'>dignissi-</span> 
     </span>
    </p>
   </div>
   <div class='ocr_carea' id='block_1_2' title="bbox 0 0 1374 5062">
    <p class='ocr_par' dir='ltr' id='par_1_2' title="bbox 0 0 1374 5062">
     <span class='ocr_line' id='line_1_33' title="bbox 0 0 1374 5062; baseline 0 0"><span class='ocrx_word' id='word_1_245' title='bbox 0 0 1374 5062; x_wconf 95' lang='lat' dir='ltr'> </span> 
     </span>
    </p>
   </div>
  </div>
 </body>
</html>
