2738 5062
147 587 207 650 ‘2⁹20
486 599 527 646 nc
549 598 649 647 nunus
671 593 892 647 rnurtmmnus

145 748 208 809 aut
224 739 411 830 scalprum;
432 733 649 806 adamantina
668 744 731 805 est.
755 735 840 804 Cum
861 735 968 804 multa
990 732 1131 825 quidem
1143 754 1225 804 con·

148 867 296 952 gregent
317 854 474 950 occupati
501 855 680 938 homines,
704 864 843 948 tempus
870 852 1062 938 ellandunt,
1083 864 1119 925 et
1144 877 1221 927 cum

147 1003 253 1074 agere
274 1001 411 1072 semper
432 978 625 1062 videantur,
649 1001 756 1048 unum
774 978 878 1070 idque
896 977 1064 1071 optimum
1087 998 1224 1072 semper

147 1102 323 1172 omittunt:
338 1099 469 1171 vivere.
485 1098 618 1191 Ubique
633 1108 723 1183 sunt,
738 1109 864 1192 praeter
877 1100 981 1191 quan'r
994 1100 1088 1192 apud
1101 1106 1225 1170 semet-

147 1200 260 1316 ipsos:
290 1223 477 1314 loquuntur
498 1241 592 1314 saepe
610 1242 686 1291 cum
706 1219 796 1304 aliis,
815 1240 990 1312 nunquam
1010 1241 1142 1292 seeum.
1162 1220 1225 1291 Fe-

146 1344 262 1416 licitati
285 1344 456 1415 contraria
481 1353 561 1414 sunt
592 1342 681 1427 haec,
716 1364 797 1436 quae
828 1342 938 1414 felicia
962 1343 1091 1433 vulgus
1113 1353 1222 1423 vocat,

145 1488 257 1558 coque
271 1466 382 1556 magis
400 1488 469 1557 quo
487 1466 598 1536 minor
615 1463 842 1536 finiendorum
861 1462 1126 1535 sollicitudinum
1142 1486 1224 1558 spes

146 1596 298 1682 apparet.
321 1588 365 1657 Ut
383 1588 474 1657 enim
496 1588 715 1680 asperitatem
739 1587 893 1679 supplicii
921 1585 1074 1658 brevitas
1099 1607 1223 1658 conso-

146 1713 248 1792 latur,
272 1710 322 1781 sic
342 1708 513 1780 inlinitum
538 1713 666 1780 malurn
692 1713 797 1781 sortes
816 1710 919 1781 etiam
940 1709 1077 1780 animos
1103 1710 1223 1780 sternit

148 1855 189 1904 ac
208 1830 354 1904 conficit.
377 1832 527 1904 Laborat
546 1832 706 1926 equidem
729 1832 804 1904 dux
829 1831 923 1917 belli,
947 1831 1082 1904 laborat
1100 1842 1136 1904 et
1160 1833 1223 1904 rni-

146 1957 213 2040 les;
237 1957 300 2027 sed
321 1957 376 2027 ille
394 1955 573 2028 victoriam
591 1977 632 2027 ac
649 1954 860 2048 triumphum
879 1955 1031 2048 respicit,
1054 1956 1112 2028 bie
1130 1944 1223 2028 eme-

147 2078 223 2148 ritae
244 2078 373 2146 militiae
396 2077 582 2170 stipendia,
605 2079 751 2150 reditum
774 2078 819 2149 ad
844 2089 1001 2172 penates,
1019 2088 1055 2151 et
1071 2079 1221 2171 quietern

147 2208 273 2293 sperat.
296 2199 447 2271 Laborat
467 2200 631 2291 agricola,
654 2201 717 2271 sed
750 2201 909 2296 hyemem
928 2201 1058 2293 cogitat
1081 2222 1123 2273 ac
1147 2201 1221 2274 dies

145 2328 252 2395 festos
278 2333 313 2393 et
337 2323 547 2394 exundantis
569 2323 682 2394 horrei
706 2326 932 2416 voluptatem:
958 2324 1096 2397 laborat
1119 2334 1222 2398 naula

145 2447 270 2528 duruS,
294 2444 427 2517 laborat
446 2444 591 2538 impiger
613 2447 738 2528 viator,
761 2446 825 2517 sed
851 2458 1037 2540 utrumque
1062 2459 1221 2543 speratus

146 2571 214 2641 viae
235 2570 403 2641 terminus
423 2568 517 2661 cogit
536 2569 761 2662 praesentium
781 2567 937 2640 laborum
955 2570 1135 2642 molestias
1154 2592 1221 2642 non

145 2693 296 2766 sentire:
319 2692 450 2764 laborat
467 2692 543 2763 auri
560 2694 674 2764 fossor
694 2689 902 2775 absconditi3
921 2692 985 2764 sed
1002 2692 1094 2764 inter
1109 2714 1220 2765 caecas

143 2827 179 2888 et
199 2815 382 2888 horribiles
403 2837 572 2887 cavernas
589 2815 697 2888 breve
714 2814 968 2887 incommodum
988 2838 1115 2907 magna
1136 2817 1220 2890 lucri

145 2963 206 3036 spe
229 2951 264 3011 et
282 2938 421 3011 odiosas
445 2938 606 3010 tenebras
636 2950 745 3030 gratae
771 2939 858 3011 lucis
879 2939 1122 3030 imaginatione
1143 2963 1220 3035 per-

144 3067 279 3136 mulcet.
302 3062 375 3134 Tibi
397 3062 490 3155 quid,
512 3084 582 3145 orn,
606 3062 680 3154 spei
708 3066 783 3133 est?
803 3063 879 3147 Quo
898 3063 998 3156 plura
1017 3063 1110 3134 enim
1132 3063 1219 3137 bene

143 3187 297 3278 gesseris
321 3207 363 3255 eo
388 3183 544 3276 pluribus
568 3185 771 3268 onerabere,
802 3186 955 3279 iugoque
990 3197 1022 3257 te
1056 3186 1219 3262 subiicies

143 3308 304 3398 graviori.
323 3307 470 3376 Prorsus
491 3304 579 3377 dura
600 3305 764 3392 conditio,
778 3308 966 3399 quandoct
986 3309 1139 3401 ignaviae
1157 3311 1219 3384 dc-

142 3431 262 3512 decus,
279 3437 314 3499 et
334 3427 523 3519 diligentiae
544 3450 676 3500 merces
698 3440 753 3501 est
773 3431 938 3503 servitus.
957 3433 1155 3525 Indignum,
1170 3437 1217 3507 la·

144 3562 227 3636 teor,
250 3574 289 3623 ao
310 3550 449 3621 minime
473 3552 654 3622 serendum
673 3575 814 3633 nomen,
833 3555 1008 3648 praecipue
1033 3557 1122 3630 inter
1143 3559 1215 3630 illos

142 3697 289 3768 quorum
311 3674 382 3744 vita
408 3694 476 3743 non
505 3694 552 3742 ex
584 3674 722 3768 proprio
756 3676 819 3746 sed
851 3686 910 3747 aut
942 3678 1136 3772 principum
1157 3691 1215 3752 aut

142 3817 217 3867 suae
239 3794 435 3891 reipublicae
456 3794 582 3888 pendet
603 3796 755 3891 imperio.
778 3800 893 3871 Multis
915 3823 979 3873 sua
996 3814 1096 3874 noret
1114 3803 1214 3877 indu-

142 3919 240 3990 stria:
267 3920 323 4001 ita,
341 3918 427 4002 dico,
450 3929 564 4002 nocet,
587 3940 656 3988 non
675 3920 769 4012 quod
793 3922 836 3995 ad
857 3923 1019 4015 gloriam,
1042 3925 1105 3996 sed
1120 3925 1213 4020 quod

140 4042 185 4114 ad
203 4042 309 4113 otium
328 4064 369 4113 ac
386 4043 535 4135 quictem
553 4051 697 4136 spectat,
718 4064 888 4115 summam
908 4046 1136 4120 litteratorum
1153 4048 1211 4120 bo-

142 4165 270 4236 minum
290 4166 633 4258 inaestimabilemque
653 4165 881 4239 dulcedincm.
902 4170 1091 4254 Quiescere
1115 4181 1209 4264 pote-

141 4299 194 4363 rat
212 4287 361 4372 lllcides,
382 4288 449 4358 nisi
469 4311 549 4359 eum
567 4290 679 4360 virtus
697 4289 861 4362 indomita
883 4314 949 4363 non
973 4303 1104 4363 tanturn
1125 4291 1208 4364 duo·

139 4419 237 4492 denis
259 4418 444 4503 laboribus,
465 4430 503 4488 ut
519 4430 718 4504 memorant,
741 4420 800 4492 sed
817 4422 907 4491 mille
928 4420 1084 4495 laborum
1105 4443 1206 4514 gene·
