2738 5062
149 651 205 713 tta
482 660 522 709 uu
544 659 643 710 nunus
664 660 886 709 rnuumnnrnus

72 850 76 858 ·
149 802 261 873 sisse?
281 800 372 870 Heu!
397 799 531 891 quotics
553 798 734 891 Augustus
757 798 887 881 Caesar,
912 808 948 868 ut
969 800 1071 869 unico
1089 809 1127 869 et
1146 821 1216 870 om-

23 936 27 945 '
147 925 241 993 nium
262 923 431 993 altissimo
465 923 528 993 sim
561 933 743 995 contentus
776 923 950 1013 exemplo,
986 922 1125 1012 quoties
1156 922 1218 994 bac

148 1048 261 1118 aetatis
282 1056 394 1142 parte,
416 1067 518 1139 quam
542 1068 633 1116 nunc
653 1046 766 1137 degis,
789 1054 828 1115 ut
848 1043 1001 1115 laborem
1021 1044 1216 1127 dimitteret,

147 1171 191 1241 dc
212 1169 415 1242 dimittendo
433 1168 576 1261 imperio
593 1167 772 1259 cogitavit!
791 1169 952 1238 Testatur
968 1167 1132 1259 quaedam
1144 1167 1218 1240 eius

147 1294 292 1387 epistola
312 1293 356 1365 ad
383 1303 540 1364 senatum
562 1291 684 1374 missa,
708 1291 742 1360 in
771 1314 840 1384 qua
866 1301 1021 1376 erat,·ut
1046 1272 1217 1385 priuatam

146 1438 249 1507 agere
268 1416 334 1486 sibi
356 1417 455 1486 liceat
487 1424 522 1485 et
554 1414 695 1485 liberam
718 1424 941 1498 senectutem,
973 1437 1077 1508 quam
1099 1417 1217 1507 procul

145 1538 262 1609 abillo
283 1537 421 1629 fastigio
440 1537 644 1607 honoratam
668 1536 733 1609 sibi
751 1537 924 1631 spondere
940 1560 1008 1609 non
1024 1536 1216 1609 dubitabat.

146 1663 197 1732 Tu
217 1683 295 1732 cum
316 1661 506 1730 honoratus
527 1681 626 1731 esses
644 1652 847 1753 ct'quietus¹
871 1661 1095 1755 omniumque
1112 1660 1218 1734 liber-

144 1786 254 1856 rimus
278 1804 366 1876 quos
391 1805 457 1875 ego
481 1805 634 1867 nossem,
657 1785 748 1855 ultro
765 1785 917 1855 laborem
933 1796 968 1856 et
984 1786 1215 1857 voluntariam

145 1907 347 1980 servitutem
368 1908 520 1978 subiisti:
538 1907 620 1978 dum
638 1907 781 1980 nodosis
799 1919 902 2002 atque
919 1908 1215 1981 inextricabilibus

144 2042 180 2101 et
199 2054 220 2101 a
240 2033 324 2102 laice
344 2031 630 2121 repullulantibus
648 2033 786 2123 plenum
813 2031 905 2102 curis
923 2029 1159 2124 pontificatum
1175 2052 1214 2103 es

145 2155 339 2244 amplexus¹
356 2174 501 2244 prorsus
515 2175 640 2244 magno
657 2153 772 2225 animo
784 2155 978 2238 etcxcclso
993 2154 1053 2247 qui
1066 2154 1213 2247 propria

144 2275 252 2368 quieti
283 2286 318 2346 et
344 2274 602 2346 honestissimae
636 2277 804 2372 voluptati
833 2287 901 2350 tuae
933 2276 1116 2349 utilitatem
1152 2300 1215 2371 pu·

146 2398 270 2469 blicam
292 2397 482 2492 praetulisti.
500 2397 679 2490 Proposito
700 2399 804 2492 igitur
823 2410 882 2472 tuo
899 2402 1065 2492 gratulor,
1078 2422 1215 2497 compu-

144 2523 282 2615 tiorque
303 2524 460 2604 fortunae,
480 2530 584 2613 atque
603 2520 686 2592 illud
708 2522 825 2593 hortor
850 2524 883 2591 in
908 2522 1041 2617 primis,
1063 2532 1106 2594 ut
1122 2523 1215 2618 quod

143 2645 252 2716 invito
272 2646 386 2716 animo
404 2644 602 2737 suscepisti,
621 2644 796 2716 indelessa
813 2646 1004 2717 constantia
1025 2667 1214 2740 prosequa-

143 2769 206 2854 ris,
229 2768 372 2861 gloriam
390 2769 425 2838 in
444 2769 556 2853 terris,
578 2769 611 2838 in
628 2771 714 2841 coelo
731 2777 846 2839 autem
864 2768 1038 2839 stabiliora
1051 2769 1210 2861 quaedam

129 2891 363 2991 :praemiorum
378 2912 505 2982 genera
523 2891 720 2963 meriturus.
739 2894 821 2963 Haec
839 2892 899 2962 tibi
917 2890 1040 2986 raptim
1060 2892 1210 2963 scribere

142 3013 255 3086 visum
270 3024 334 3100 est,
348 3026 553 3108 expectante
567 3017 700 3100 nuncio,
714 3039 793 3087 cum
807 3015 899 3087 aliud
917 3013 1010 3107 qnod
1024 3015 1209 3087 scriberem

140 3159 209 3208 non
239 3138 420 3222 haberem,
455 3137 650 3229 praesertim
678 3147 715 3207 ut
736 3137 842 3208 scires
878 3136 1015 3207 ubinam
1042 3147 1208 3210 terrarum

141 3280 229 3329 sum.
251 3258 305 3329 Ad
326 3261 432 3353 ripam
455 3257 611 3328 Rhodani
632 3280 754 3330 rursus
777 3282 832 3330 rno
852 3260 1014 3351 compulit
1031 3280 1124 3344 sors,
1147 3261 1209 3332 uti·

141 3402 230 3462 nam,
254 3391 437 3472 antequam
460 3390 552 3451 rotor
569 3381 710 3466 iterum,
733 3392 766 3453 tc
788 3383 965 3455 visurum!
989 3385 1039 3454 l'u
1059 3385 1142 3457 vive
1162 3387 1209 3456 le·

140 3501 260 3588 liciter,
282 3511 317 3571 et
337 3505 428 3586 vale,
448 3503 554 3573 nostri
574 3525 716 3575 memor.

280 3646 435 3716 ilrenionc,
451 3648 484 3701 X.
502 3647 563 3702 Kal.
579 3647 749 3703 Novembris.
