2738 5062
141 602 181 662 ll
322 592 327 601 '
485 614 527 661 ne
548 611 649 662 nunus
671 612 892 663 enurnuuurus

142 736 298 808 tilantem
320 728 535 824 suspirabas
563 731 725 822 quoniam
745 717 898 803 Orcades
917 737 954 802 el
973 727 1165 827 Hyberuia,
1189 742 1226 805 el

44 861 47 867 '
140 854 310 951 quidquid
331 862 500 924 terrarum
521 864 639 924 noster
658 852 784 924 fluctus
805 852 914 937 alluit,
933 850 1062 946 ipsein
1082 853 1225 927 civitate

141 977 339 1051 sordebant.
363 976 454 1059 Quid
473 987 586 1047 autem
606 975 683 1045 miri
706 975 735 1045 si
756 985 909 1065 angusta
924 974 1039 1046 animo
1059 974 1224 1049 literatis-

141 1099 220 1171 simi
242 1098 390 1170 hominis
411 1105 502 1168 terra
527 1107 614 1182 erat,
637 1098 672 1169 in
692 1099 786 1171 hunc
811 1099 992 1170 assiduum
1018 1097 1099 1171 coeli
1118 1098 1225 1171 verli·

140 1245 232 1305 cem,
254 1219 314 1312 qui
341 1241 447 1312 supra
473 1241 537 1290 nos
564 1220 677 1291 stabili
705 1230 840 1293 temone
864 1219 1090 1303 convertitur,
1118 1218 1223 1312 inque

142 1344 237 1414 illum
256 1343 360 1414 alium
379 1364 493 1434 quem,
514 1341 543 1410 si
561 1340 619 1432 qui
640 1352 729 1426 sunt,
748 1342 940 1436 Antipndes
962 1339 1168 1434 suspiciunt,
1189 1339 1223 1411 in

140 1463 319 1557 obliquum
342 1463 495 1555 denique
516 1463 599 1533 solis
620 1463 752 1542 callem,
773 1462 879 1555 inque
899 1461 991 1535 lixas
1010 1471 1047 1533 et
1065 1472 1223 1535 errantes

141 1590 257 1659 stellas
287 1583 488 1676 infatigabili
510 1584 625 1656 studio
645 1584 911 1657 conscendenti?
935 1584 1022 1656 Nam
1047 1582 1136 1676 quid
1154 1605 1223 1657 non

141 1709 216 1780 dies
249 1684 384 1798 longior
409 1708 555 1778 evertit?
580 1709 671 1778 Esse
695 1706 731 1775 in
763 1706 860 1780 ltalia
885 1704 1051 1777 miserum
1077 1705 1223 1779 exilium

141 1832 236 1914 reris,
259 1842 359 1903 extra
379 1852 484 1924 quam
506 1852 597 1912 esse,
615 1828 683 1901 nisi
704 1829 790 1930 quia·
806 1851 909 1901 omne
930 1831 1042 1901 solum
1064 1829 1143 1901 lorti
1164 1851 1224 1924 pa·

140 1954 204 2025 tria
224 1962 294 2039 est,
317 1955 432 2047 potius
454 1952 565 2024 videri
590 1960 711 2046 posset
730 1950 898 2021 exilium?
924 1952 1013 2024 Pace
1040 1960 1099 2023 tua
1123 1951 1225 2024 dixe-

139 2076 228 2159 rim;
247 2076 348 2145 nimis
368 2058 426 2144 tibi
445 2096 574 2166 parvus
594 2095 681 2169 pons
702 2072 903 2166 parisiensis
922 2072 1101 2167 impressit
1113 2082 1225 2147 testu·

141 2197 234 2268 dinei
256 2196 310 2266 sui
331 2217 433 2267 arcus
453 2196 611 2287 effigiem,
634 2197 737 2268 nimis
758 2217 861 2268 aures
883 2205 961 2267 tuas
983 2195 1225 2270 subterlaben-

142 2319 185 2389 tis
203 2320 375 2409 Sequanae
392 2340 549 2388 murmur
562 2316 728 2401 oblectat;
746 2329 924 2412 postremo
937 2319 1020 2389 nihil
1033 2319 1152 2393 calceo
1166 2331 1224 2392 tuo

142 2440 208 2512 nisi
235 2439 380 2532 gallicus
412 2440 527 2533 pulvis
547 2440 683 2511 insedit.
710 2439 844 2511 Oblitus
866 2441 949 2511 mihi
974 2440 1106 2513 videris
1131 2442 1223 2515 illius

141 2561 209 2654 qui,
224 2562 459 2654 interrogatus
472 2563 568 2634 cuias
583 2575 686 2649 esset
701 2565 915 2636 Mundannm
930 2585 969 2635 se
983 2584 1065 2636 esse
1076 2585 1224 2660 respon·

71 2662 77 2669 ’
140 2683 201 2755 dit.
223 2684 275 2756 Tu
296 2707 409 2777 usque
430 2685 518 2755 adeo
537 2687 656 2758 Gallus
677 2709 732 2772 es,
751 2700 789 2758 ut
805 2686 925 2758 Galliae
941 2685 1029 2759 lines
1049 2688 1222 2761 excedere
1243 2748 1249 2761 ,

140 2807 330 2903 quamlibet
367 2808 413 2881 ob
440 2831 582 2880 causam
615 2809 759 2881 exilium
796 2812 929 2881 voces?
958 2811 1023 2880 Est
1059 2810 1220 2903 quidem,

141 2954 209 3005 nnn
231 2933 377 3018 inficior,
406 2933 529 3006 natalis
556 2934 678 3030 patriae
703 2932 852 3005 dulcedo
877 2933 977 3005 nobis
1004 2930 1128 3016 insita;
1149 2934 1222 3006 scio

140 3058 430 3151 praeclarissimos
452 3057 547 3128 viros
567 3077 788 3147 nequaquam
809 3053 914 3125 huius
933 3054 1076 3126 allectus
1095 3075 1223 3149 exper-

141 3188 214 3258 tes;
239 3179 344 3250 audio
370 3177 463 3271 apud
483 3177 620 3246 Livium
648 3176 884 3246 restitutorem
907 3175 1008 3247 Urbis
1028 3186 1063 3248 et
1083 3177 1221 3271 lmperii

141 3298 335 3378 Camillum,
357 3293 571 3387 quibuslibet
592 3295 737 3367 summis
757 3295 906 3368 ducibus
927 3318 1062 3389 parem,
1085 3319 1168 3370 sese
1186 3299 1220 3369 in

141 3418 247 3489 exilio
274 3416 452 3489 ardeatino
480 3417 625 3488 fractum
652 3417 775 3503 fnisse,
801 3418 880 3491 coeli
905 3419 1005 3511 patrii
1031 3421 1218 3504 memoria;

140 3539 358 3613 confitentem
373 3538 476 3610 audio
489 3539 700 3623 Diomedem,
716 3542 809 3635 apud
821 3540 1012 3631 Virgilium,
1033 3563 1136 3614 suum
1156 3544 1219 3615 Ca·

141 3664 269 3760 lydona
295 3665 443 3734 Deorum
471 3658 614 3733 invidiae
638 3662 892 3746 ascribentem;
918 3664 1022 3735 audio
1047 3666 1218 3739 Nasonem
1245 3751 1250 3762 .

142 3808 240 3857 suam
268 3786 459 3858 absentiam
486 3808 557 3859 non
577 3788 697 3880 paucis
718 3786 852 3870 verbis,
881 3787 945 3858 sed
965 3787 1100 3879 integro
1120 3791 1220 3861 volu·

142 3909 234 3979 mine
253 3910 503 4003 deplorantem.
524 3910 610 3980 Cum
631 3908 696 3980 bec
717 3918 833 3980 autem
853 3919 889 3981 et
908 3907 992 3980 illud
1013 3910 1085 3982 scio
1105 3909 1220 4003 pusilli

139 4040 176 4102 et
208 4032 350 4105 invalidi
388 4033 494 4104 animi
526 4055 622 4119 esse,
649 4032 709 4104 ubi
737 4035 894 4105 honestae
928 4046 1056 4108 vacant
1076 4057 1217 4121 causae,

140 4154 286 4226 abiectis
308 4156 361 4227 his
382 4157 610 4250 compedibus
631 4180 699 4230 non
721 4178 825 4252 posse
846 4179 1068 4250 consurgere.
1091 4160 1220 4250 Ingens

140 4287 196 4348 est
216 4277 449 4350 Romanorum
469 4290 505 4350 et
529 4291 752 4351 externorum
772 4277 909 4364 ducum,
931 4280 1056 4371 ingens
1079 4303 1221 4375 quoque

141 4399 423 4494 philosophorum
444 4403 558 4497 copia,
579 4403 639 4496 qui
659 4404 716 4475 vel
738 4414 775 4474 ut
794 4401 965 4487 bellicum,
986 4405 1043 4476 vel
1065 4416 1104 4477 ut
1122 4406 1221 4497 inge·
