2738 5062
225 634 281 697 102
562 646 603 695 οε
624 645 724 694 nnius
745 642 967 693 mimmius

224 787 340 860 mania
358 784 425 856 dici
446 793 564 876 queat:
590 803 660 852 non
683 782 774 854 iiiam
795 781 922 855 virtute
941 788 978 851 et
998 778 1104 850 armis
1129 776 1298 873 potentio-

225 933 300 982 rem
316 913 467 981 iuturam
480 928 561 977 esse
577 926 682 999 quam
703 904 835 997 lingua,
858 904 888 975 si
913 902 1018 975 studii
1043 900 1140 974 labor
1160 923 1232 974 non
1251 902 1300 972 oi-

225 1034 344 1107 sendat
363 1030 513 1121 ingenia.
534 1030 682 1120 Magnus
701 1027 783 1098 mihi
808 1027 1031 1121 transalpinae
1050 1023 1225 1099 facundiae
1250 1039 1302 1100 te·

227 1157 290 1228 stis
323 1163 379 1226 est
409 1156 561 1225 calamus
584 1162 676 1223 tuuS.
697 1152 747 1221 De
779 1150 834 1222 his
863 1150 967 1223 modo
996 1149 1044 1219 nii
1074 1151 1239 1242 amplius,
1257 1174 1300 1225 ne

226 1300 380 1350 mearum
395 1276 546 1359 laudum,
562 1275 597 1343 in
609 1273 746 1368 quibus,
756 1274 1039 1367 eloquentissime
1052 1272 1301 1367 vii-,exquisite

227 1400 412 1472 admodum
437 1411 473 1471 et
497 1410 567 1470 tam
592 1420 675 1469 vere
696 1398 826 1471 utinam
848 1419 955 1491 quam
979 1395 1111 1469 diserte
1135 1407 1301 1470 versatus

225 1546 279 1607 eS‚
301 1522 506 1616 rependisse
527 1543 582 1591 me
604 1521 663 1592 tihi
689 1520 791 1593 hodie
812 1521 925 1625 vicem
953 1531 1074 1617 putes:
1099 1541 1148 1591 ex
1173 1520 1302 1614 quibus

226 1647 367 1740 quidem
389 1646 556 1738 pudorem
578 1644 727 1715 mixtum
753 1666 832 1715 cum
860 1646 1035 1738 voluptate
1056 1642 1220 1739 percipio.
1247 1645 1303 1716 lu·

226 1779 287 1841 vat
307 1768 399 1840 enim
421 1767 481 1838 tibi
502 1767 631 1860 aliquid
652 1766 776 1837 videri:
799 1766 907 1859 pudet
931 1789 999 1838 non
1026 1788 1107 1838 esse
1127 1768 1225 1861 quod
1250 1767 1303 1837 vi-

226 1892 320 1964 deor.
343 1892 459 1963 Sentio
476 1900 607 1962 autem:
625 1890 681 1960 ilie
698 1889 753 1960 vir
769 1890 921 1983 optimus
936 1898 970 1960 te
983 1889 1111 1973 fefellit,
1130 1888 1188 1961 cui
1205 1888 1303 1961 dein-

226 2037 309 2108 ceps
321 2015 356 2084 in
369 2014 539 2097 omnibuS,
554 2024 683 2107 praeter
699 2032 802 2105 quam
822 2011 856 2081 in
874 2011 980 2083 rebus
993 2011 1089 2095 meis,
1104 2009 1302 2093 habendam

228 2132 332 2204 fidem
359 2133 454 2204 scito.
482 2132 584 2204 Amat
607 2135 716 2204 onim:
743 2132 810 2204 iam
836 2131 998 2223 intelligis
1025 2130 1142 2204 iudicii
1167 2131 1303 2204 caecita-

229 2264 313 2326 tem:
336 2258 438 2327 talem
457 2256 511 2327 ille
528 2278 584 2326 me
605 2256 783 2347 praedicat,
805 2258 943 2349 qualem
963 2255 1068 2350 cupit.
1089 2256 1180 2327 Vive
1200 2254 1302 2328 felici·

231 2389 280 2449 ter
299 2387 334 2450 et
353 2381 442 2450 vale.
