<?xml version="1.0" encoding="UTF-8"?>
<!DOCTYPE html PUBLIC "-//W3C//DTD XHTML 1.0 Transitional//EN"
    "http://www.w3.org/TR/xhtml1/DTD/xhtml1-transitional.dtd">
<html xmlns="http://www.w3.org/1999/xhtml" xml:lang="en" lang="en">
 <head>
  <title>
</title>
<meta http-equiv="Content-Type" content="text/html;charset=utf-8" />
  <meta name='ocr-system' content='tesseract 3.04.00' />
  <meta name='ocr-capabilities' content='ocr_page ocr_carea ocr_par ocr_line ocrx_word'/>
</head>
<body>
  <div class='ocr_page' id='page_1' title='image "./epistolaederebu02fracgoog_0294.png"; bbox 0 0 2738 5062; ppageno 0'>
   <div class='ocr_carea' id='block_1_1' title="bbox 339 707 1217 780">
    <p class='ocr_par' dir='ltr' id='par_1_1' title="bbox 339 707 1217 780">
     <span class='ocr_line' id='line_1_1' title="bbox 339 707 1217 780; baseline 0.001 -11"><span class='ocrx_word' id='word_1_1' title='bbox 339 722 431 771; x_wconf 79' lang='lat' dir='ltr'>arnna</span> <span class='ocrx_word' id='word_1_2' title='bbox 451 719 958 780; x_wconf 76' lang='lat' dir='ltr'>cunarusnaoruus.-arrsronn</span> <span class='ocrx_word' id='word_1_3' title='bbox 981 721 1021 768; x_wconf 83' lang='grc' dir='ltr'>ιν.</span> <span class='ocrx_word' id='word_1_4' title='bbox 1158 707 1217 770; x_wconf 73' lang='lat'>285</span> 
     </span>
    </p>
   </div>
   <div class='ocr_carea' id='block_1_2' title="bbox 109 852 1318 4597">
    <p class='ocr_par' dir='ltr' id='par_1_2' title="bbox 109 852 1318 4597">
     <span class='ocr_line' id='line_1_2' title="bbox 142 852 1217 949; baseline 0.002 -24"><span class='ocrx_word' id='word_1_5' title='bbox 142 853 286 926; x_wconf 75' lang='lat' dir='ltr'>reddere</span> <span class='ocrx_word' id='word_1_6' title='bbox 306 852 491 948; x_wconf 83' lang='lat' dir='ltr'>rationem)</span> <span class='ocrx_word' id='word_1_7' title='bbox 516 875 583 925; x_wconf 93' lang='lat' dir='ltr'>non</span> <span class='ocrx_word' id='word_1_8' title='bbox 610 856 717 946; x_wconf 79' lang='lat' dir='ltr'>vulgo</span> <span class='ocrx_word' id='word_1_9' title='bbox 740 866 848 940; x_wconf 90' lang='lat' dir='ltr'>certe,</span> <span class='ocrx_word' id='word_1_10' title='bbox 872 853 937 927; x_wconf 90' lang='lat' dir='ltr'>sed</span> <span class='ocrx_word' id='word_1_11' title='bbox 962 854 1022 925; x_wconf 89' lang='lat' dir='ltr'>tibi</span> <span class='ocrx_word' id='word_1_12' title='bbox 1046 866 1082 927; x_wconf 88' lang='lat' dir='ltr'>et</span> <span class='ocrx_word' id='word_1_13' title='bbox 1107 856 1217 949; x_wconf 88' lang='lat' dir='ltr'>prole-</span> 
     </span>
     <span class='ocr_line' id='line_1_3' title="bbox 140 976 1219 1072; baseline 0.002 -26"><span class='ocrx_word' id='word_1_14' title='bbox 140 976 263 1046; x_wconf 89' lang='lat' dir='ltr'>ctionis</span> <span class='ocrx_word' id='word_1_15' title='bbox 289 996 392 1058; x_wconf 85' lang='lat' dir='ltr'>meae,</span> <span class='ocrx_word' id='word_1_16' title='bbox 419 985 454 1047; x_wconf 89' lang='lat' dir='ltr'>et</span> <span class='ocrx_word' id='word_1_17' title='bbox 478 997 597 1060; x_wconf 86' lang='lat' dir='ltr'>morae,</span> <span class='ocrx_word' id='word_1_18' title='bbox 623 987 660 1047; x_wconf 89' lang='lat' dir='ltr'>et</span> <span class='ocrx_word' id='word_1_19' title='bbox 685 978 830 1060; x_wconf 87' lang='lat' dir='ltr'>reditus,</span> <span class='ocrx_word' id='word_1_20' title='bbox 858 988 893 1048; x_wconf 91' lang='lat' dir='ltr'>et</span> <span class='ocrx_word' id='word_1_21' title='bbox 920 979 1025 1049; x_wconf 89' lang='lat' dir='ltr'>totius</span> <span class='ocrx_word' id='word_1_22' title='bbox 1052 979 1219 1072; x_wconf 77' lang='lat' dir='ltr'>propositi</span> 
     </span>
     <span class='ocr_line' id='line_1_4' title="bbox 140 1095 1218 1193; baseline 0.005 -26"><span class='ocrx_word' id='word_1_23' title='bbox 140 1117 314 1167; x_wconf 90' lang='lat' dir='ltr'>summam</span> <span class='ocrx_word' id='word_1_24' title='bbox 335 1095 502 1167; x_wconf 91' lang='lat' dir='ltr'>brevibus</span> <span class='ocrx_word' id='word_1_25' title='bbox 529 1096 719 1169; x_wconf 81' lang='lat' dir='ltr'>absolvam.</span> <span class='ocrx_word' id='word_1_26' title='bbox 740 1098 841 1184; x_wconf 88' lang='lat' dir='ltr'>Veni,</span> <span class='ocrx_word' id='word_1_27' title='bbox 870 1109 907 1170; x_wconf 91' lang='lat' dir='ltr'>ut</span> <span class='ocrx_word' id='word_1_28' title='bbox 932 1100 1016 1184; x_wconf 89' lang='lat' dir='ltr'>scis,</span> <span class='ocrx_word' id='word_1_29' title='bbox 1039 1123 1149 1193; x_wconf 83' lang='lat' dir='ltr'>nuper</span> <span class='ocrx_word' id='word_1_30' title='bbox 1173 1102 1218 1172; x_wconf 86' lang='lat' dir='ltr'>ad</span> 
     </span>
     <span class='ocr_line' id='line_1_5' title="bbox 139 1218 1220 1316; baseline 0.004 -27"><span class='ocrx_word' id='word_1_31' title='bbox 139 1219 284 1302; x_wconf 87' lang='lat' dir='ltr'>curium,</span> <span class='ocrx_word' id='word_1_32' title='bbox 300 1218 404 1290; x_wconf 90' lang='lat' dir='ltr'>immo</span> <span class='ocrx_word' id='word_1_33' title='bbox 418 1241 502 1308; x_wconf 83' lang='lat' dir='ltr'>vero</span> <span class='ocrx_word' id='word_1_34' title='bbox 515 1218 726 1314; x_wconf 75' lang='lat' dir='ltr'>Babylonem</span> <span class='ocrx_word' id='word_1_35' title='bbox 744 1221 834 1291; x_wconf 91' lang='lat' dir='ltr'>veni.</span> <span class='ocrx_word' id='word_1_36' title='bbox 849 1222 1018 1292; x_wconf 76' lang='lat' dir='ltr'>Mirantur</span> <span class='ocrx_word' id='word_1_37' title='bbox 1030 1234 1065 1292; x_wconf 90' lang='lat' dir='ltr'>et</span> <span class='ocrx_word' id='word_1_38' title='bbox 1079 1231 1220 1316; x_wconf 77' lang='lat' dir='ltr'>stupent</span> 
     </span>
     <span class='ocr_line' id='line_1_6' title="bbox 140 1337 1219 1432; baseline 0.001 -22"><span class='ocrx_word' id='word_1_39' title='bbox 140 1338 234 1432; x_wconf 93' lang='lat' dir='ltr'>quod</span> <span class='ocrx_word' id='word_1_40' title='bbox 255 1337 335 1410; x_wconf 90' lang='lat' dir='ltr'>hinc</span> <span class='ocrx_word' id='word_1_41' title='bbox 355 1338 451 1410; x_wconf 90' lang='lat' dir='ltr'>abire</span> <span class='ocrx_word' id='word_1_42' title='bbox 472 1339 633 1423; x_wconf 88' lang='lat' dir='ltr'>meditor,</span> <span class='ocrx_word' id='word_1_43' title='bbox 654 1340 728 1425; x_wconf 91' lang='lat' dir='ltr'>ubi,</span> <span class='ocrx_word' id='word_1_44' title='bbox 747 1344 820 1413; x_wconf 89' lang='lat' dir='ltr'>Deo</span> <span class='ocrx_word' id='word_1_45' title='bbox 841 1352 876 1412; x_wconf 88' lang='lat' dir='ltr'>et</span> <span class='ocrx_word' id='word_1_46' title='bbox 896 1342 1106 1414; x_wconf 88' lang='lat' dir='ltr'>conscicntia</span> <span class='ocrx_word' id='word_1_47' title='bbox 1124 1342 1219 1414; x_wconf 83' lang='lat' dir='ltr'>testi-</span> 
     </span>
     <span class='ocr_line' id='line_1_7' title="bbox 140 1460 1219 1557; baseline 0.005 -25"><span class='ocrx_word' id='word_1_48' title='bbox 140 1460 221 1547; x_wconf 76' lang='lat' dir='ltr'>huS,</span> <span class='ocrx_word' id='word_1_49' title='bbox 242 1460 336 1556; x_wconf 94' lang='lat' dir='ltr'>quod</span> <span class='ocrx_word' id='word_1_50' title='bbox 356 1484 404 1532; x_wconf 86' lang='lat' dir='ltr'>ex</span> <span class='ocrx_word' id='word_1_51' title='bbox 424 1483 480 1532; x_wconf 89' lang='lat' dir='ltr'>me</span> <span class='ocrx_word' id='word_1_52' title='bbox 501 1463 631 1556; x_wconf 86' lang='lat' dir='ltr'>saepius</span> <span class='ocrx_word' id='word_1_53' title='bbox 651 1464 795 1550; x_wconf 87' lang='lat' dir='ltr'>audisti,</span> <span class='ocrx_word' id='word_1_54' title='bbox 818 1487 994 1557; x_wconf 87' lang='lat' dir='ltr'>nunquam</span> <span class='ocrx_word' id='word_1_55' title='bbox 1022 1465 1089 1535; x_wconf 93' lang='lat' dir='ltr'>nisi</span> <span class='ocrx_word' id='word_1_56' title='bbox 1110 1464 1219 1537; x_wconf 90' lang='lat' dir='ltr'>tristis</span> 
     </span>
     <span class='ocr_line' id='line_1_8' title="bbox 140 1583 1220 1678; baseline 0.003 -22"><span class='ocrx_word' id='word_1_57' title='bbox 140 1593 177 1656; x_wconf 90' lang='lat' dir='ltr'>et</span> <span class='ocrx_word' id='word_1_58' title='bbox 195 1584 325 1656; x_wconf 89' lang='lat' dir='ltr'>invitus</span> <span class='ocrx_word' id='word_1_59' title='bbox 346 1584 408 1667; x_wconf 85' lang='lat' dir='ltr'>lui,</span> <span class='ocrx_word' id='word_1_60' title='bbox 431 1594 513 1655; x_wconf 87' lang='lat' dir='ltr'>tuno</span> <span class='ocrx_word' id='word_1_61' title='bbox 531 1583 634 1656; x_wconf 88' lang='lat' dir='ltr'>etiam</span> <span class='ocrx_word' id='word_1_62' title='bbox 656 1585 740 1657; x_wconf 91' lang='lat' dir='ltr'>dum</span> <span class='ocrx_word' id='word_1_63' title='bbox 762 1587 897 1678; x_wconf 83' lang='lat' dir='ltr'>laqueis</span> <span class='ocrx_word' id='word_1_64' title='bbox 919 1585 1143 1659; x_wconf 90' lang='lat' dir='ltr'>validioribus</span> <span class='ocrx_word' id='word_1_65' title='bbox 1164 1609 1220 1659; x_wconf 90' lang='lat' dir='ltr'>re-</span> 
     </span>
     <span class='ocr_line' id='line_1_9' title="bbox 141 1703 1217 1800; baseline 0.005 -25"><span class='ocrx_word' id='word_1_66' title='bbox 141 1703 283 1776; x_wconf 89' lang='lat' dir='ltr'>tinebar.</span> <span class='ocrx_word' id='word_1_67' title='bbox 306 1703 376 1776; x_wconf 88' lang='lat' dir='ltr'>Sed</span> <span class='ocrx_word' id='word_1_68' title='bbox 408 1705 499 1777; x_wconf 90' lang='lat' dir='ltr'>veni.</span> <span class='ocrx_word' id='word_1_69' title='bbox 523 1706 593 1777; x_wconf 92' lang='lat' dir='ltr'>lam</span> <span class='ocrx_word' id='word_1_70' title='bbox 621 1705 713 1790; x_wconf 90' lang='lat' dir='ltr'>binc,</span> <span class='ocrx_word' id='word_1_71' title='bbox 742 1707 808 1777; x_wconf 92' lang='lat' dir='ltr'>nisi</span> <span class='ocrx_word' id='word_1_72' title='bbox 839 1706 978 1800; x_wconf 88' lang='lat' dir='ltr'>penitus</span> <span class='ocrx_word' id='word_1_73' title='bbox 1009 1708 1217 1800; x_wconf 85' lang='lat' dir='ltr'>desiperent,</span> 
     </span>
     <span class='ocr_line' id='line_1_10' title="bbox 139 1824 1220 1920; baseline 0.005 -25"><span class='ocrx_word' id='word_1_74' title='bbox 139 1824 330 1917; x_wconf 79' lang='lat' dir='ltr'>praesagire</span> <span class='ocrx_word' id='word_1_75' title='bbox 350 1836 510 1920; x_wconf 89' lang='lat' dir='ltr'>poterant</span> <span class='ocrx_word' id='word_1_76' title='bbox 533 1847 601 1897; x_wconf 91' lang='lat' dir='ltr'>non</span> <span class='ocrx_word' id='word_1_77' title='bbox 627 1826 703 1897; x_wconf 91' lang='lat' dir='ltr'>sine</span> <span class='ocrx_word' id='word_1_78' title='bbox 729 1849 855 1918; x_wconf 79' lang='lat' dir='ltr'>magna</span> <span class='ocrx_word' id='word_1_79' title='bbox 883 1849 1005 1911; x_wconf 90' lang='lat' dir='ltr'>causa,</span> <span class='ocrx_word' id='word_1_80' title='bbox 1043 1828 1107 1900; x_wconf 91' lang='lat' dir='ltr'>sed</span> <span class='ocrx_word' id='word_1_81' title='bbox 1139 1850 1220 1920; x_wconf 83' lang='lat' dir='ltr'>quae</span> 
     </span>
     <span class='ocr_line' id='line_1_11' title="bbox 141 1948 1217 2041; baseline 0.001 -23"><span class='ocrx_word' id='word_1_82' title='bbox 141 1968 201 2018; x_wconf 89' lang='lat' dir='ltr'>eos</span> <span class='ocrx_word' id='word_1_83' title='bbox 223 1955 258 2018; x_wconf 86' lang='lat' dir='ltr'>et</span> <span class='ocrx_word' id='word_1_84' title='bbox 279 1948 378 2019; x_wconf 89' lang='lat' dir='ltr'>latuit</span> <span class='ocrx_word' id='word_1_85' title='bbox 396 1959 433 2020; x_wconf 91' lang='lat' dir='ltr'>et</span> <span class='ocrx_word' id='word_1_86' title='bbox 451 1948 584 2033; x_wconf 89' lang='lat' dir='ltr'>latebit,</span> <span class='ocrx_word' id='word_1_87' title='bbox 604 1971 659 2020; x_wconf 89' lang='lat' dir='ltr'>me</span> <span class='ocrx_word' id='word_1_88' title='bbox 680 1971 748 2020; x_wconf 91' lang='lat' dir='ltr'>non</span> <span class='ocrx_word' id='word_1_89' title='bbox 768 1970 886 2020; x_wconf 88' lang='lat' dir='ltr'>errore</span> <span class='ocrx_word' id='word_1_90' title='bbox 906 1950 1021 2041; x_wconf 92' lang='lat' dir='ltr'>aliquo</span> <span class='ocrx_word' id='word_1_91' title='bbox 1042 1949 1087 2021; x_wconf 91' lang='lat' dir='ltr'>ad</span> <span class='ocrx_word' id='word_1_92' title='bbox 1106 1950 1217 2020; x_wconf 92' lang='lat' dir='ltr'>locum</span> 
     </span>
     <span class='ocr_line' id='line_1_12' title="bbox 140 2068 1217 2161; baseline 0.004 -24"><span class='ocrx_word' id='word_1_93' title='bbox 140 2069 226 2139; x_wconf 91' lang='lat' dir='ltr'>mihi</span> <span class='ocrx_word' id='word_1_94' title='bbox 244 2068 288 2140; x_wconf 89' lang='lat' dir='ltr'>ab</span> <span class='ocrx_word' id='word_1_95' title='bbox 308 2068 449 2141; x_wconf 79' lang='lat' dir='ltr'>infantia</span> <span class='ocrx_word' id='word_1_96' title='bbox 469 2080 505 2140; x_wconf 88' lang='lat' dir='ltr'>et</span> <span class='ocrx_word' id='word_1_97' title='bbox 525 2069 699 2160; x_wconf 77' lang='lat' dir='ltr'>cognitum</span> <span class='ocrx_word' id='word_1_98' title='bbox 721 2080 757 2139; x_wconf 89' lang='lat' dir='ltr'>et</span> <span class='ocrx_word' id='word_1_99' title='bbox 776 2070 927 2141; x_wconf 87' lang='lat' dir='ltr'>invisum</span> <span class='ocrx_word' id='word_1_100' title='bbox 953 2069 1217 2161; x_wconf 82' lang='lat' dir='ltr'>commigrasse,</span> 
     </span>
     <span class='ocr_line' id='line_1_13' title="bbox 139 2190 1219 2286; baseline 0.002 -26"><span class='ocrx_word' id='word_1_101' title='bbox 139 2190 280 2261; x_wconf 86' lang='lat' dir='ltr'>deserta</span> <span class='ocrx_word' id='word_1_102' title='bbox 312 2191 356 2262; x_wconf 90' lang='lat' dir='ltr'>ad</span> <span class='ocrx_word' id='word_1_103' title='bbox 390 2201 527 2286; x_wconf 88' lang='lat' dir='ltr'>tempus</span> <span class='ocrx_word' id='word_1_104' title='bbox 561 2191 708 2262; x_wconf 90' lang='lat' dir='ltr'>statione</span> <span class='ocrx_word' id='word_1_105' title='bbox 733 2192 933 2284; x_wconf 78' lang='lat' dir='ltr'>gratissima</span> <span class='ocrx_word' id='word_1_106' title='bbox 958 2202 994 2264; x_wconf 89' lang='lat' dir='ltr'>et</span> <span class='ocrx_word' id='word_1_107' title='bbox 1019 2191 1219 2276; x_wconf 86' lang='lat' dir='ltr'>solitudine,</span> 
     </span>
     <span class='ocr_line' id='line_1_14' title="bbox 139 2311 1220 2409; baseline 0 -26"><span class='ocrx_word' id='word_1_108' title='bbox 139 2311 248 2396; x_wconf 92' lang='lat' dir='ltr'>cuius,</span> <span class='ocrx_word' id='word_1_109' title='bbox 268 2312 298 2383; x_wconf 89' lang='lat' dir='ltr'>si</span> <span class='ocrx_word' id='word_1_110' title='bbox 316 2334 371 2382; x_wconf 92' lang='lat' dir='ltr'>me</span> <span class='ocrx_word' id='word_1_111' title='bbox 389 2312 503 2406; x_wconf 91' lang='lat' dir='ltr'>ipsum</span> <span class='ocrx_word' id='word_1_112' title='bbox 521 2312 734 2384; x_wconf 80' lang='lat' dir='ltr'>familiariter</span> <span class='ocrx_word' id='word_1_113' title='bbox 754 2335 923 2406; x_wconf 82' lang='lat' dir='ltr'>agnosco,</span> <span class='ocrx_word' id='word_1_114' title='bbox 939 2336 1042 2386; x_wconf 90' lang='lat' dir='ltr'>nemo</span> <span class='ocrx_word' id='word_1_115' title='bbox 1054 2324 1220 2409; x_wconf 87' lang='lat' dir='ltr'>appeten-</span> 
     </span>
     <span class='ocr_line' id='line_1_15' title="bbox 142 2433 1222 2526; baseline 0.002 -22"><span class='ocrx_word' id='word_1_116' title='bbox 142 2435 207 2506; x_wconf 88' lang='lat' dir='ltr'>tior</span> <span class='ocrx_word' id='word_1_117' title='bbox 241 2456 388 2526; x_wconf 86' lang='lat' dir='ltr'>usquam</span> <span class='ocrx_word' id='word_1_118' title='bbox 423 2435 525 2519; x_wconf 93' lang='lat' dir='ltr'>vivit,</span> <span class='ocrx_word' id='word_1_119' title='bbox 554 2433 700 2508; x_wconf 90' lang='lat' dir='ltr'>dimisso</span> <span class='ocrx_word' id='word_1_120' title='bbox 725 2437 886 2508; x_wconf 90' lang='lat' dir='ltr'>Helicone</span> <span class='ocrx_word' id='word_1_121' title='bbox 919 2448 1040 2509; x_wconf 88' lang='lat' dir='ltr'>nostro</span> <span class='ocrx_word' id='word_1_122' title='bbox 1065 2437 1160 2521; x_wconf 86' lang='lat' dir='ltr'>itale,</span> <span class='ocrx_word' id='word_1_123' title='bbox 1185 2448 1222 2508; x_wconf 92' lang='lat' dir='ltr'>et</span> 
     </span>
     <span class='ocr_line' id='line_1_16' title="bbox 140 2545 1318 2648; baseline -0.001 -19"><span class='ocrx_word' id='word_1_124' title='bbox 140 2559 210 2629; x_wconf 88' lang='lat' dir='ltr'>otio</span> <span class='ocrx_word' id='word_1_125' title='bbox 229 2557 378 2628; x_wconf 88' lang='lat' dir='ltr'>litterato</span> <span class='ocrx_word' id='word_1_126' title='bbox 398 2578 438 2627; x_wconf 88' lang='lat' dir='ltr'>ac</span> <span class='ocrx_word' id='word_1_127' title='bbox 461 2557 657 2648; x_wconf 91' lang='lat' dir='ltr'>tranquillo,</span> <span class='ocrx_word' id='word_1_128' title='bbox 680 2557 764 2628; x_wconf 93' lang='lat' dir='ltr'>nulli</span> <span class='ocrx_word' id='word_1_129' title='bbox 785 2579 909 2641; x_wconf 90' lang='lat' dir='ltr'>nocuo,</span> <span class='ocrx_word' id='word_1_130' title='bbox 933 2560 1050 2631; x_wconf 90' lang='lat' dir='ltr'>multis</span> <span class='ocrx_word' id='word_1_131' title='bbox 1073 2558 1222 2630; x_wconf 89' lang='lat' dir='ltr'>invidio-</span> <span class='ocrx_word' id='word_1_132' title='bbox 1317 2545 1318 2548; x_wconf 27' lang='lat'>¹</span> 
     </span>
     <span class='ocr_line' id='line_1_17' title="bbox 109 2678 1219 2772; baseline -0.003 -20"><span class='ocrx_word' id='word_1_133' title='bbox 109 2717 112 2722; x_wconf 85' lang='lat'>.</span> <span class='ocrx_word' id='word_1_134' title='bbox 140 2701 189 2762; x_wconf 85' lang='lat' dir='ltr'>so,</span> <span class='ocrx_word' id='word_1_135' title='bbox 204 2690 250 2764; x_wconf 90' lang='lat' dir='ltr'>et,</span> <span class='ocrx_word' id='word_1_136' title='bbox 266 2688 304 2750; x_wconf 87' lang='lat' dir='ltr'>ut</span> <span class='ocrx_word' id='word_1_137' title='bbox 321 2678 599 2750; x_wconf 88' lang='lat' dir='ltr'>animadvertere</span> <span class='ocrx_word' id='word_1_138' title='bbox 617 2679 756 2772; x_wconf 91' lang='lat' dir='ltr'>incipio,</span> <span class='ocrx_word' id='word_1_139' title='bbox 774 2681 948 2751; x_wconf 89' lang='lat' dir='ltr'>nonnullis</span> <span class='ocrx_word' id='word_1_140' title='bbox 966 2681 1068 2751; x_wconf 89' lang='lat' dir='ltr'>etiam</span> <span class='ocrx_word' id='word_1_141' title='bbox 1087 2679 1219 2762; x_wconf 91' lang='lat' dir='ltr'>odioso,</span> 
     </span>
     <span class='ocr_line' id='line_1_18' title="bbox 140 2798 1222 2895; baseline -0.003 -21"><span class='ocrx_word' id='word_1_142' title='bbox 140 2812 246 2895; x_wconf 88' lang='lat' dir='ltr'>atque</span> <span class='ocrx_word' id='word_1_143' title='bbox 266 2800 321 2873; x_wconf 92' lang='lat' dir='ltr'>his</span> <span class='ocrx_word' id='word_1_144' title='bbox 343 2809 392 2872; x_wconf 89' lang='lat' dir='ltr'>tot</span> <span class='ocrx_word' id='word_1_145' title='bbox 413 2798 587 2892; x_wconf 87' lang='lat' dir='ltr'>tantisque</span> <span class='ocrx_word' id='word_1_146' title='bbox 611 2802 742 2872; x_wconf 88' lang='lat' dir='ltr'>solatiis</span> <span class='ocrx_word' id='word_1_147' title='bbox 767 2801 941 2873; x_wconf 88' lang='lat' dir='ltr'>inamoena</span> <span class='ocrx_word' id='word_1_148' title='bbox 967 2801 1107 2892; x_wconf 80' lang='lat' dir='ltr'>nogotia</span> <span class='ocrx_word' id='word_1_149' title='bbox 1132 2821 1222 2892; x_wconf 82' lang='lat' dir='ltr'>prae-</span> 
     </span>
     <span class='ocr_line' id='line_1_19' title="bbox 143 2920 1302 3017; baseline -0.001 -23"><span class='ocrx_word' id='word_1_150' title='bbox 143 2923 264 2994; x_wconf 89' lang='lat' dir='ltr'>tulisse</span> <span class='ocrx_word' id='word_1_151' title='bbox 283 2932 320 2994; x_wconf 88' lang='lat' dir='ltr'>et</span> <span class='ocrx_word' id='word_1_152' title='bbox 338 2920 613 2994; x_wconf 81' lang='lat' dir='ltr'>inextricabilem</span> <span class='ocrx_word' id='word_1_153' title='bbox 635 2922 743 2993; x_wconf 86' lang='lat' dir='ltr'>curiae</span> <span class='ocrx_word' id='word_1_154' title='bbox 763 2921 1009 3017; x_wconf 76' lang='lat' dir='ltr'>labyrinthum.</span> <span class='ocrx_word' id='word_1_155' title='bbox 1038 2924 1139 2993; x_wconf 88' lang='lat' dir='ltr'>Forte</span> <span class='ocrx_word' id='word_1_156' title='bbox 1164 2944 1222 2993; x_wconf 90' lang='lat' dir='ltr'>me</span> <span class='ocrx_word' id='word_1_157' title='bbox 1298 2930 1302 2938; x_wconf 87' lang='lat'>&#39;</span> 
     </span>
     <span class='ocr_line' id='line_1_20' title="bbox 140 3041 1222 3139; baseline -0.001 -23"><span class='ocrx_word' id='word_1_158' title='bbox 140 3055 328 3139; x_wconf 88' lang='lat' dir='ltr'>paupertas</span> <span class='ocrx_word' id='word_1_159' title='bbox 349 3046 405 3116; x_wconf 91' lang='lat' dir='ltr'>vel</span> <span class='ocrx_word' id='word_1_160' title='bbox 426 3041 561 3115; x_wconf 86' lang='lat' dir='ltr'>divitiae</span> <span class='ocrx_word' id='word_1_161' title='bbox 585 3045 764 3135; x_wconf 87' lang='lat' dir='ltr'>pepulere,</span> <span class='ocrx_word' id='word_1_162' title='bbox 791 3043 922 3134; x_wconf 82' lang='lat' dir='ltr'>duplex</span> <span class='ocrx_word' id='word_1_163' title='bbox 949 3043 1145 3113; x_wconf 83' lang='lat' dir='ltr'>mortalium</span> <span class='ocrx_word' id='word_1_164' title='bbox 1172 3045 1222 3116; x_wconf 89' lang='lat' dir='ltr'>la·</span> 
     </span>
     <span class='ocr_line' id='line_1_21' title="bbox 141 3163 1222 3266; baseline -0.002 -30"><span class='ocrx_word' id='word_1_165' title='bbox 141 3165 218 3249; x_wconf 87' lang='lat' dir='ltr'>bor,</span> <span class='ocrx_word' id='word_1_166' title='bbox 252 3169 307 3236; x_wconf 89' lang='lat' dir='ltr'>vel</span> <span class='ocrx_word' id='word_1_167' title='bbox 334 3163 523 3248; x_wconf 88' lang='lat' dir='ltr'>inimicitia,</span> <span class='ocrx_word' id='word_1_168' title='bbox 549 3165 607 3235; x_wconf 89' lang='lat' dir='ltr'>vel</span> <span class='ocrx_word' id='word_1_169' title='bbox 634 3163 792 3235; x_wconf 90' lang='lat' dir='ltr'>simultas</span> <span class='ocrx_word' id='word_1_170' title='bbox 823 3164 951 3254; x_wconf 89' lang='lat' dir='ltr'>aliqua,</span> <span class='ocrx_word' id='word_1_171' title='bbox 978 3165 1050 3266; x_wconf 88' lang='lat' dir='ltr'>vel,</span> <span class='ocrx_word' id='word_1_172' title='bbox 1079 3185 1148 3254; x_wconf 91' lang='lat' dir='ltr'>quo</span> <span class='ocrx_word' id='word_1_173' title='bbox 1174 3163 1222 3234; x_wconf 92' lang='lat' dir='ltr'>nil</span> 
     </span>
     <span class='ocr_line' id='line_1_22' title="bbox 141 3264 1223 3381; baseline -0.003 -24"><span class='ocrx_word' id='word_1_174' title='bbox 141 3264 321 3359; x_wconf 86' lang='lat' dir='ltr'>molestius</span> <span class='ocrx_word' id='word_1_175' title='bbox 342 3287 420 3359; x_wconf 88' lang='lat' dir='ltr'>altis</span> <span class='ocrx_word' id='word_1_176' title='bbox 442 3286 566 3358; x_wconf 88' lang='lat' dir='ltr'>animis</span> <span class='ocrx_word' id='word_1_177' title='bbox 586 3306 667 3362; x_wconf 90' lang='lat' dir='ltr'>esse</span> <span class='ocrx_word' id='word_1_178' title='bbox 689 3288 790 3370; x_wconf 88' lang='lat' dir='ltr'>solet,</span> <span class='ocrx_word' id='word_1_179' title='bbox 808 3294 1029 3381; x_wconf 88' lang='lat' dir='ltr'>contemptus</span> <span class='ocrx_word' id='word_1_180' title='bbox 1046 3307 1102 3357; x_wconf 91' lang='lat' dir='ltr'>me</span> <span class='ocrx_word' id='word_1_181' title='bbox 1122 3285 1223 3357; x_wconf 87' lang='lat' dir='ltr'>sorsi-</span> 
     </span>
     <span class='ocr_line' id='line_1_23' title="bbox 143 3407 1220 3500; baseline -0.006 -17"><span class='ocrx_word' id='word_1_182' title='bbox 143 3424 200 3483; x_wconf 88' lang='lat' dir='ltr'>tan</span> <span class='ocrx_word' id='word_1_183' title='bbox 226 3414 301 3484; x_wconf 89' lang='lat' dir='ltr'>loco</span> <span class='ocrx_word' id='word_1_184' title='bbox 327 3411 459 3482; x_wconf 86' lang='lat' dir='ltr'>movit‘l</span> <span class='ocrx_word' id='word_1_185' title='bbox 491 3410 597 3481; x_wconf 91' lang='lat' dir='ltr'>Plane</span> <span class='ocrx_word' id='word_1_186' title='bbox 628 3409 753 3480; x_wconf 91' lang='lat' dir='ltr'>horum</span> <span class='ocrx_word' id='word_1_187' title='bbox 779 3407 958 3498; x_wconf 87' lang='lat' dir='ltr'>quodlibet</span> <span class='ocrx_word' id='word_1_188' title='bbox 986 3408 1220 3500; x_wconf 89' lang='lat' dir='ltr'>suspicentur,</span> 
     </span>
     <span class='ocr_line' id='line_1_24' title="bbox 142 3527 1222 3625; baseline -0.007 -21"><span class='ocrx_word' id='word_1_189' title='bbox 142 3533 209 3604; x_wconf 90' lang='lat' dir='ltr'>nisi</span> <span class='ocrx_word' id='word_1_190' title='bbox 227 3555 366 3625; x_wconf 89' lang='lat' dir='ltr'>semper</span> <span class='ocrx_word' id='word_1_191' title='bbox 383 3531 494 3624; x_wconf 85' lang='lat' dir='ltr'>aequis</span> <span class='ocrx_word' id='word_1_192' title='bbox 513 3530 634 3623; x_wconf 88' lang='lat' dir='ltr'>spatiis</span> <span class='ocrx_word' id='word_1_193' title='bbox 652 3542 688 3600; x_wconf 88' lang='lat' dir='ltr'>et</span> <span class='ocrx_word' id='word_1_194' title='bbox 704 3552 725 3601; x_wconf 87' lang='lat' dir='ltr'>a</span> <span class='ocrx_word' id='word_1_195' title='bbox 742 3531 878 3621; x_wconf 79' lang='lat' dir='ltr'>magnis</span> <span class='ocrx_word' id='word_1_196' title='bbox 897 3529 1027 3602; x_wconf 88' lang='lat' dir='ltr'>divitiis</span> <span class='ocrx_word' id='word_1_197' title='bbox 1045 3539 1081 3601; x_wconf 90' lang='lat' dir='ltr'>et</span> <span class='ocrx_word' id='word_1_198' title='bbox 1097 3551 1117 3599; x_wconf 90' lang='lat' dir='ltr'>a</span> <span class='ocrx_word' id='word_1_199' title='bbox 1131 3527 1222 3623; x_wconf 92' lang='lat' dir='ltr'>turpi</span> 
     </span>
     <span class='ocr_line' id='line_1_25' title="bbox 143 3650 1221 3747; baseline -0.003 -24"><span class='ocrx_word' id='word_1_200' title='bbox 143 3655 255 3747; x_wconf 86' lang='lat' dir='ltr'>iuopia</span> <span class='ocrx_word' id='word_1_201' title='bbox 280 3655 413 3727; x_wconf 88' lang='lat' dir='ltr'>distare</span> <span class='ocrx_word' id='word_1_202' title='bbox 438 3652 568 3736; x_wconf 88' lang='lat' dir='ltr'>studui,</span> <span class='ocrx_word' id='word_1_203' title='bbox 596 3651 662 3723; x_wconf 89' lang='lat' dir='ltr'>nisi</span> <span class='ocrx_word' id='word_1_204' title='bbox 689 3650 789 3723; x_wconf 90' lang='lat' dir='ltr'>bonis</span> <span class='ocrx_word' id='word_1_205' title='bbox 816 3651 991 3735; x_wconf 88' lang='lat' dir='ltr'>omnibus,</span> <span class='ocrx_word' id='word_1_206' title='bbox 1013 3672 1081 3723; x_wconf 88' lang='lat' dir='ltr'>non</span> <span class='ocrx_word' id='word_1_207' title='bbox 1108 3651 1221 3723; x_wconf 92' lang='lat' dir='ltr'>solum</span> 
     </span>
     <span class='ocr_line' id='line_1_26' title="bbox 142 3772 1223 3869; baseline -0.002 -26"><span class='ocrx_word' id='word_1_208' title='bbox 142 3775 186 3847; x_wconf 92' lang='lat' dir='ltr'>iis</span> <span class='ocrx_word' id='word_1_209' title='bbox 205 3776 413 3869; x_wconf 91' lang='lat' dir='ltr'>quibuscum</span> <span class='ocrx_word' id='word_1_210' title='bbox 434 3774 540 3846; x_wconf 91' lang='lat' dir='ltr'>vitam</span> <span class='ocrx_word' id='word_1_211' title='bbox 562 3794 668 3864; x_wconf 81' lang='lat' dir='ltr'>agere</span> <span class='ocrx_word' id='word_1_212' title='bbox 693 3772 874 3864; x_wconf 78' lang='lat' dir='ltr'>contingit,</span> <span class='ocrx_word' id='word_1_213' title='bbox 904 3773 967 3845; x_wconf 90' lang='lat' dir='ltr'>sed</span> <span class='ocrx_word' id='word_1_214' title='bbox 991 3773 1095 3845; x_wconf 88' lang='lat' dir='ltr'>etiam</span> <span class='ocrx_word' id='word_1_215' title='bbox 1120 3774 1223 3863; x_wconf 79' lang='lat' dir='ltr'>longe</span> 
     </span>
     <span class='ocr_line' id='line_1_27' title="bbox 141 3892 1224 3991; baseline -0.005 -22"><span class='ocrx_word' id='word_1_216' title='bbox 141 3897 263 3991; x_wconf 88' lang='lat' dir='ltr'>positis</span> <span class='ocrx_word' id='word_1_217' title='bbox 283 3920 387 3971; x_wconf 89' lang='lat' dir='ltr'>carus</span> <span class='ocrx_word' id='word_1_218' title='bbox 409 3918 548 3990; x_wconf 87' lang='lat' dir='ltr'>semper</span> <span class='ocrx_word' id='word_1_219' title='bbox 566 3904 603 3966; x_wconf 91' lang='lat' dir='ltr'>et</span> <span class='ocrx_word' id='word_1_220' title='bbox 623 3894 792 3986; x_wconf 77' lang='lat' dir='ltr'>singulari</span> <span class='ocrx_word' id='word_1_221' title='bbox 813 3895 965 3988; x_wconf 88' lang='lat' dir='ltr'>quadam</span> <span class='ocrx_word' id='word_1_222' title='bbox 982 3892 1224 3966; x_wconf 87' lang='lat' dir='ltr'>benevolentia</span> 
     </span>
     <span class='ocr_line' id='line_1_28' title="bbox 141 4012 1222 4110; baseline -0.007 -18"><span class='ocrx_word' id='word_1_223' title='bbox 141 4023 256 4092; x_wconf 92' lang='lat' dir='ltr'>cultus</span> <span class='ocrx_word' id='word_1_224' title='bbox 274 4021 339 4104; x_wconf 81' lang='lat' dir='ltr'>fui;</span> <span class='ocrx_word' id='word_1_225' title='bbox 361 4020 391 4091; x_wconf 88' lang='lat' dir='ltr'>si</span> <span class='ocrx_word' id='word_1_226' title='bbox 411 4041 478 4091; x_wconf 91' lang='lat' dir='ltr'>nou</span> <span class='ocrx_word' id='word_1_227' title='bbox 506 4039 563 4088; x_wconf 92' lang='lat' dir='ltr'>me</span> <span class='ocrx_word' id='word_1_228' title='bbox 589 4016 761 4110; x_wconf 88' lang='lat' dir='ltr'>principes</span> <span class='ocrx_word' id='word_1_229' title='bbox 782 4017 889 4087; x_wconf 86' lang='lat' dir='ltr'>ltaliae</span> <span class='ocrx_word' id='word_1_230' title='bbox 909 4015 975 4084; x_wconf 92' lang='lat' dir='ltr'>viri</span> <span class='ocrx_word' id='word_1_231' title='bbox 1000 4025 1035 4084; x_wconf 89' lang='lat' dir='ltr'>ct</span> <span class='ocrx_word' id='word_1_232' title='bbox 1059 4012 1222 4107; x_wconf 89' lang='lat' dir='ltr'>precibus</span> 
     </span>
     <span class='ocr_line' id='line_1_29' title="bbox 141 4131 1222 4224; baseline -0.008 -13"><span class='ocrx_word' id='word_1_233' title='bbox 141 4141 290 4213; x_wconf 87' lang='lat' dir='ltr'>retinere</span> <span class='ocrx_word' id='word_1_234' title='bbox 311 4150 496 4224; x_wconf 84' lang='lat' dir='ltr'>tentarunt,</span> <span class='ocrx_word' id='word_1_235' title='bbox 518 4149 554 4210; x_wconf 90' lang='lat' dir='ltr'>et</span> <span class='ocrx_word' id='word_1_236' title='bbox 573 4136 760 4209; x_wconf 84' lang='lat' dir='ltr'>abeuntem</span> <span class='ocrx_word' id='word_1_237' title='bbox 781 4136 969 4206; x_wconf 85' lang='lat' dir='ltr'>doluerunt</span> <span class='ocrx_word' id='word_1_238' title='bbox 987 4144 1023 4204; x_wconf 89' lang='lat' dir='ltr'>et</span> <span class='ocrx_word' id='word_1_239' title='bbox 1042 4131 1222 4204; x_wconf 88' lang='lat' dir='ltr'>absentem</span> 
     </span>
     <span class='ocr_line' id='line_1_30' title="bbox 140 4251 1222 4353; baseline -0.007 -24"><span class='ocrx_word' id='word_1_240' title='bbox 140 4260 345 4332; x_wconf 89' lang='lat' dir='ltr'>avidissime</span> <span class='ocrx_word' id='word_1_241' title='bbox 367 4261 622 4353; x_wconf 86' lang='lat' dir='ltr'>praestolantur.</span> <span class='ocrx_word' id='word_1_242' title='bbox 649 4253 789 4347; x_wconf 82' lang='lat' dir='ltr'>Aliquid</span> <span class='ocrx_word' id='word_1_243' title='bbox 815 4262 913 4347; x_wconf 88' lang='lat' dir='ltr'>puto,</span> <span class='ocrx_word' id='word_1_244' title='bbox 937 4252 1000 4324; x_wconf 91' lang='lat' dir='ltr'>sed</span> <span class='ocrx_word' id='word_1_245' title='bbox 1024 4251 1222 4324; x_wconf 86' lang='lat' dir='ltr'>occultioris</span> 
     </span>
     <span class='ocr_line' id='line_1_31' title="bbox 139 4348 1223 4475; baseline -0.01 -22"><span class='ocrx_word' id='word_1_246' title='bbox 139 4401 258 4454; x_wconf 87' lang='lat' dir='ltr'>causae</span> <span class='ocrx_word' id='word_1_247' title='bbox 290 4382 367 4468; x_wconf 88' lang='lat' dir='ltr'>luit,</span> <span class='ocrx_word' id='word_1_248' title='bbox 390 4401 470 4475; x_wconf 85' lang='lat' dir='ltr'>quae</span> <span class='ocrx_word' id='word_1_249' title='bbox 495 4401 551 4449; x_wconf 91' lang='lat' dir='ltr'>me</span> <span class='ocrx_word' id='word_1_250' title='bbox 578 4387 627 4449; x_wconf 85' lang='lat' dir='ltr'>tot</span> <span class='ocrx_word' id='word_1_251' title='bbox 648 4348 866 4448; x_wconf 79' lang='lat' dir='ltr'>obstantibus</span> <span class='ocrx_word' id='word_1_252' title='bbox 894 4386 1049 4467; x_wconf 80' lang='lat' dir='ltr'>urgeret,</span> <span class='ocrx_word' id='word_1_253' title='bbox 1072 4373 1223 4446; x_wconf 87' lang='lat' dir='ltr'>reniten-</span> 
     </span>
     <span class='ocr_line' id='line_1_32' title="bbox 140 4496 1223 4597; baseline -0.012 -23"><span class='ocrx_word' id='word_1_254' title='bbox 140 4503 304 4597; x_wconf 87' lang='lat' dir='ltr'>tibusque</span> <span class='ocrx_word' id='word_1_255' title='bbox 324 4504 544 4577; x_wconf 83' lang='lat' dir='ltr'>convelleret.</span> <span class='ocrx_word' id='word_1_256' title='bbox 573 4497 725 4590; x_wconf 75' lang='lat' dir='ltr'>Ecquid</span> <span class='ocrx_word' id='word_1_257' title='bbox 751 4497 866 4570; x_wconf 89' lang='lat' dir='ltr'>sciunt</span> <span class='ocrx_word' id='word_1_258' title='bbox 891 4518 935 4567; x_wconf 90' lang='lat' dir='ltr'>an</span> <span class='ocrx_word' id='word_1_259' title='bbox 964 4498 998 4572; x_wconf 92' lang='lat' dir='ltr'>id</span> <span class='ocrx_word' id='word_1_260' title='bbox 1019 4496 1133 4590; x_wconf 90' lang='lat' dir='ltr'>ipsum</span> <span class='ocrx_word' id='word_1_261' title='bbox 1160 4514 1223 4585; x_wconf 89' lang='lat' dir='ltr'>pro</span> 
     </span>
    </p>
   </div>
   <div class='ocr_carea' id='block_1_3' title="bbox 0 0 1374 5062">
    <p class='ocr_par' dir='ltr' id='par_1_3' title="bbox 0 0 1374 5062">
     <span class='ocr_line' id='line_1_33' title="bbox 0 0 1374 5062; baseline 0 0"><span class='ocrx_word' id='word_1_262' title='bbox 0 0 1374 5062; x_wconf 95' lang='lat' dir='ltr'> </span> 
     </span>
    </p>
   </div>
  </div>
 </body>
</html>
