2738 5062
845 412 854 429 Ι

340 659 434 710 uranu
454 658 958 713 murmuramus-surarum
978 662 1030 711 xv.
1159 650 1219 714 505
1329 672 1335 681 ·

141 796 240 869 rent?
264 792 337 885 Neo
363 782 590 867 ad'umhram
610 795 713 888 pinus
738 805 802 871 aut
823 799 894 890 lagi
927 808 1050 871 texere
1077 819 1218 870 carmen
1325 838 1330 845 ·

139 915 326 987 altisonum
347 915 399 985 las
419 919 535 987 esset?
555 915 624 988 Sed
638 917 721 1009 quia
742 926 936 1013 temporum
953 917 1090 1010 maguis
1107 940 1221 1012 augu-

141 1039 220 1111 stiis
240 1046 408 1120 coarctor,
431 1037 475 1110 de
493 1036 558 1109 hoc
581 1047 691 1108 tecum
725 1037 963 1134 scrupulosius
989 1040 1124 1133 litigare
1148 1061 1218 1113 nou

140 1170 196 1232 est
214 1159 362 1230 unimus.
385 1160 434 1230 lu
462 1158 590 1232 videris
616 1182 718 1255 quem
741 1172 775 1233 te
794 1161 862 1233 dici
887 1162 994 1234 velis:
1020 1183 1088 1255 ego
1112 1184 1217 1256 quem

142 1293 177 1355 te
197 1282 345 1355 habeam
368 1292 534 1355 statutum
556 1285 665 1354 semel
682 1294 740 1356 est
752 1283 847 1355 mihi.
869 1285 907 1355 lu
928 1285 987 1357 illo
1005 1285 1064 1356 tihi
1089 1285 1216 1377 utique,

141 1406 177 1475 iu
198 1405 264 1476 hoc
284 1403 369 1475 mihi
385 1424 516 1476 morem
529 1427 686 1496 gessero.
701 1405 825 1477 Libros
839 1405 902 1477 abs
922 1418 954 1479 te
973 1406 1056 1477 mihi
1071 1407 1219 1478 donatos

141 1524 259 1609 habui,
269 1535 306 1598 et
316 1546 406 1619 quos
420 1523 585 1597 remisisti
600 1524 719 1598 itidem
732 1529 859 1620 accepi.
874 1526 978 1611 Quod
990 1526 1035 1598 ad
1048 1539 1081 1600 te
1094 1529 1219 1600 litterae

141 1646 330 1741 inquibus
355 1646 416 1722 tihi
436 1648 567 1739 gratias
591 1646 738 1741 agebam
766 1671 835 1721 uou
861 1650 1034 1734 venerint,
1058 1649 1216 1737 mirarer,

140 1770 208 1842 uisi
239 1769 321 1863 quia
349 1770 431 1841 talia
456 1771 564 1843 multa
584 1770 738 1863 quotidie
762 1772 926 1863 puumur,
960 1770 1105 1844 ethaeo
1133 1773 1219 1843 milri

140 1890 356 1985 querimonia
388 1890 479 1982 iugis
499 1899 564 1963 est.
590 1891 641 1962 Dc
671 1891 804 1984 reliquo
833 1892 1036 1965 adolescens
1071 1892 1126 1964 hic
1151 1893 1219 1965 mci

140 2033 275 2096 amans,
297 2013 346 2085 tui
365 2013 513 2109 cupidus
538 2013 654 2085 omnia
678 2013 771 2084 vivis
803 2012 947 2086 vocibus
967 2015 1013 2087 ad
1039 2024 1073 2087 te
1106 2017 1219 2108 perfe-

140 2135 248 2208 renda
265 2133 432 2228 suscepit,
451 2157 556 2228 quem
570 2134 628 2206 uhi
645 2133 796 2207 audieris
815 2135 904 2209 scies
926 2158 992 2208 uou
1011 2136 1115 2210 modo
1134 2137 1220 2230 quid

139 2276 255 2348 agam,
277 2255 341 2330 sed
360 2255 447 2348 quid
476 2258 640 2350 cogitem,
667 2257 821 2352 quidque
849 2257 908 2330 tibi
934 2260 1157 2354 cogitandum
1187 2271 1221 2333 et

140 2378 315 2470 agendum
336 2398 425 2449 rear.
446 2378 547 2451 Certe
569 2380 742 2476 hospitem
764 2389 798 2452 te
818 2388 910 2475 opto.

281 2526 441 2596 Mediolani,
457 2526 533 2582 XIII.
549 2528 611 2585 Kal.
628 2530 759 2587 Ianuarii.

549 2932 727 2997 urlsuoun
747 2934 817 2998 XVI.

165 3109 361 3161 rannelscus
381 3110 549 3161 Parnason
570 3112 709 3162 nonnum
731 3114 879 3165 oanooto
900 3116 973 3166 nuel
994 3118 1200 3169 nonnullum!

617 3219 643 3268 S.
664 3220 693 3267 Ρ.
716 3221 746 3269 n.

178 3390 314 3448 Hortatur
324 3398 357 3447 ut
369 3392 490 3448 Venetos
502 3391 637 3449 distrahat
651 3411 666 3449 a
679 3395 754 3452 bello
768 3412 832 3451 cum
846 3396 1029 3454 Ianueuaibua
1044 3406 1185 3473 suscepto,

200 3488 228 3537 et
240 3481 418 3553 optatissime
432 3483 507 3555 paolo
521 3482 677 3555 reipublice
691 3487 802 3557 utrique
815 3487 985 3560 prospiciens
998 3494 1095 3544 auctor
1107 3490 1163 3545 llat.

241 3712 297 3784 Nil
317 3712 438 3786 audies
465 3715 561 3799 noui,
584 3715 631 3787 nil
657 3714 830 3786 insolitum
854 3720 962 3810 leges,
987 3717 1049 3790 sed
1070 3719 1127 3789 illa
1149 3729 1224 3792 tan-

147 3833 326 3905 tummodo
347 3856 586 3925 recognosces,
607 3837 735 3927 quibus
756 3859 851 3933 saepe
871 3859 973 3909 aures
993 3849 1070 3907 tuas
1087 3841 1222 3910 oculos-

147 3976 217 4046 que
249 3957 390 4027 lassavi.
412 3957 595 4027 Meministi
615 3958 706 4028 cuim
726 3959 846 4040 credo,
865 3959 1052 4030 clarissime
1076 3961 1222 4046 Ducum,

147 4078 318 4150 antehoc
343 4080 450 4150 ferme
476 4078 675 4164 triennium,
698 4103 775 4150 cum
803 4080 869 4151 iam
894 4080 982 4152 duos
1008 4085 1225 4174 praestautis-

147 4200 257 4271 simos
278 4202 422 4293 populos
448 4200 493 4271 ad
514 4223 609 4273 arma
644 4201 789 4274 terrifica
815 4204 909 4272 Mors
936 4204 1098 4277 funestus
1124 4208 1222 4279 iudu-

146 4333 251 4395 oorel:
275 4325 371 4417 prius
394 4334 507 4396 tumen
528 4348 631 4417 quam
654 4347 748 4396 mare
768 4326 956 4396 caeruleum
976 4329 1146 4419 sanguiue
1164 4352 1221 4398 ru·

147 4440 297 4530 misser,
325 4468 392 4519 uon
424 4447 506 4517 mihi
532 4447 596 4520 sed
621 4447 728 4520 ltaliae
748 4457 923 4533 metuens,
946 4449 982 4520 iu
1007 4472 1076 4542 qua
1104 4453 1218 4535 luteor,
