2738 5062
321 712 414 761 claun
434 710 943 770 cutnrusnccmus.-cu1sroun
964 715 995 763 u.
1136 703 1196 765 atu

121 848 228 920 facilia
248 847 378 930 omnia,
400 845 550 917 difficilia
572 848 774 940 inexpertis.
803 876 818 914 u
844 849 926 930 Fac,
954 848 1079 941 inquit,
1103 862 1140 922 ut
1165 861 1198 924 te

120 970 194 1040 sine
219 968 339 1039 labore
365 989 485 1039 omnes
511 968 711 1059 intelligant.
738 997 754 1033 »
782 968 843 1039 Cui
864 969 949 1041 illud
969 969 1107 1057 obiici0,
1129 973 1199 1044 vile

119 1089 257 1184 penitus
278 1097 313 1157 et
332 1086 505 1158 abiectum
527 1088 720 1179 essequod
742 1088 817 1159 sine
843 1091 911 1160 ulla
938 1091 1064 1163 mentis
1089 1093 1200 1185 agila-

120 1212 210 1283 tione
244 1209 440 1303 percipitur.
475 1207 575 1280 Addo
608 1218 643 1279 et
671 1231 752 1302 quae
779 1211 946 1281 Clementi
970 1213 1017 1283 Vl
1043 1213 1200 1286 similiter

120 1332 261 1403 instanti
280 1330 355 1402 dixi
375 1332 457 1402 clim
478 1331 598 1411 multa,
620 1330 703 1422 quin
725 1341 760 1402 et
780 1333 846 1404 alia
867 1354 1098 1428 quaecumque
1119 1356 1200 1406 seso

120 1452 267 1523 offerunt
293 1453 327 1521 in
353 1473 426 1522 rem
452 1458 659 1544 praesentcm
681 1452 849 1538 efficacia,
872 1466 977 1546 atque
1003 1455 1086 1527 illud
1111 1456 1200 1528 inter

122 1566 258 1657 caetera,
272 1575 372 1644 malle
390 1595 446 1644 me
465 1594 485 1642 a
507 1573 626 1664 paucis
647 1574 792 1666 intelligi
812 1597 916 1667 quam
938 1576 1078 1669 probari
1098 1599 1119 1647 a
1140 1598 1201 1648 ne·

122 1697 224 1767 mine.
245 1694 342 1766 Docti
363 1693 454 1764 enim
477 1714 614 1788 semper
635 1695 749 1787 pauci,
768 1705 887 1766 nostra
907 1706 1010 1768 aetate
1031 1697 1202 1791 paucissi-

121 1817 183 1901 mi,
208 1817 432 1898 enodatam,
459 1814 526 1885 nisi
560 1815 727 1907 sapientia
752 1815 869 1888 divina
896 1815 1089 1909 provideat,
1118 1817 1201 1889 nulli

121 1948 233 2010 erunt.
254 1940 371 2008 Donec
390 1957 476 2028 ergo
496 1936 595 2030 pauci
617 1947 712 2022 sunt,
732 1960 845 2031 neque
865 1938 956 2010 enim
980 1940 1121 2022 multos,
1140 1941 1201 2033 qui

121 2081 298 2153 nunquam
318 2060 470 2143 luerunt,
486 2059 696 2152 quandoque
721 2060 787 2131 iam
808 2064 943 2132 futuros
966 2081 1083 2153 spero,
1100 2071 1138 2132 ut
1157 2061 1202 2134 ab

121 2182 188 2252 illis
207 2179 338 2252 iudicer
360 2201 429 2252 non
450 2200 591 2251 recuso:
614 2183 800 2252 multorum
822 2205 918 2266 vero,
942 2183 1008 2255 hcc
1028 2195 1083 2256 est
1103 2183 1202 2278 vulgi

121 2302 300 2387 iudicium,
323 2304 373 2375 sic
393 2302 522 2374 nullius
544 2304 707 2374 momenti
728 2304 791 2376 leci
817 2326 955 2398 semper
975 2327 1015 2378 ac
1035 2306 1136 2392 facio,
1164 2315 1203 2378 ot

121 2424 167 2496 ab
197 2425 240 2494 iis
273 2423 389 2496 malim
415 2447 483 2496 non
509 2425 651 2517 intelligi
677 2447 781 2518 quam
808 2427 959 2512 laudari3
987 2428 1084 2521 vulgi
1109 2427 1203 2500 enim

122 2548 198 2618 laus
214 2546 307 2639 apud
323 2548 444 2620 doctos
462 2547 600 2619 inlamia
617 2558 682 2619 est.
701 2549 801 2642 Saepe
818 2547 962 2643 insuper
979 2551 1204 2622 Ciceroniana

121 2669 177 2741 illa
198 2669 364 2740 sententia
387 2689 474 2742 usus
495 2690 587 2752 sum,
606 2691 686 2762 quae
707 2669 741 2738 in
763 2671 959 2741 Tusculano
979 2671 1056 2741 eius
1076 2671 1204 2763 scripta

121 2801 186 2876 est,
208 2792 401 2861 maximum
422 2800 668 2882 argumentum
688 2811 770 2861 esse
794 2813 863 2861 non
884 2789 1056 2861 subtiliter
1075 2812 1117 2862 ea
1136 2789 1205 2864 dici

122 2933 203 3004 quae
234 2910 333 2984 lacile
365 2912 548 2984 discuntur
580 2918 617 2982 et
650 2910 840 3002 probantur
876 2910 921 2982 ab
953 2911 1112 2983 indoctis,
1150 2910 1206 2984 Ad

123 3045 317 3106 extremum
337 3033 477 3126 quidem
498 3031 702 3104 auctoritate
723 3030 791 3101 viri
815 3052 1018 3123 praegravor
1037 3034 1205 3104 luctatus·

123 3180 191 3250 que
210 3157 272 3229 diu
293 3154 496 3239 succumbo,
517 3162 553 3226 et
574 3174 669 3246 saepe
690 3153 857 3224 rationem
882 3174 997 3224 meam
1019 3151 1205 3225 subiiciens

117 3278 291 3351 ¹voluntati
312 3299 402 3361 suae,
427 3286 464 3347 ut
484 3274 551 3346 sibi
573 3275 743 3368 placeam,
763 3271 845 3343 mihi
867 3272 1056 3367 displiceo:
1078 3272 1143 3344 sed
1162 3293 1207 3343 ne

45 3378 48 3383 ’
123 3403 322 3496 displiceam
349 3398 481 3483 multis,
504 3418 597 3469 novo
624 3418 720 3466 more
749 3416 853 3478 usuc,
881 3394 931 3467 sic
955 3394 1002 3465 illi
1029 3393 1144 3466 scribo
1168 3402 1208 3466 ut

124 3522 336 3616 exemplaria
355 3542 424 3590 non
441 3541 630 3591 reservem.
652 3518 753 3588 Nunc
769 3538 856 3587 vero
874 3518 987 3609 longae
1005 3536 1047 3587 ac
1062 3515 1209 3588 lervidae

124 3645 216 3717 illius
236 3644 424 3724 instantiae,
450 3642 486 3711 in
504 3663 547 3713 eo
566 3641 661 3733 quod
682 3662 737 3711 me
756 3641 887 3710 clarum
912 3637 987 3711 lieri
1003 3638 1126 3721 voluit,
1145 3635 1209 3707 ali·

126 3767 265 3860 quando
289 3766 339 3838 sic
364 3763 464 3857 parui
492 3773 529 3834 ut
553 3785 679 3834 verear
701 3784 747 3834 ne
773 3761 840 3832 sibi
867 3761 971 3832 nimis
991 3761 1209 3854 obtempera·

127 3896 199 3958 tum
225 3889 328 3960 dicat.
356 3887 548 3976 Utcumque
574 3884 630 3956 ille
657 3885 871 3957 iudicaturus
894 3881 951 3966 sit,
975 3893 1012 3953 tu
1033 3883 1208 3975 ingentem

126 4012 216 4082 hanc
249 4011 315 4081 sibi
348 4010 530 4102 epistolam
555 4006 672 4090 dabis,
694 4028 798 4099 quam
821 4005 948 4077 idcirco
974 4002 1035 4073 tibi
1060 4005 1208 4097 primum

125 4132 344 4224 dirigendam
362 4128 506 4214 credidi,
527 4138 565 4200 nt
579 4137 675 4198 esset
696 4126 757 4197 tibi
777 4126 915 4196 occasio
934 4125 1028 4194 illum
1046 4123 1208 4210 adeundi,

127 4276 148 4324 a
167 4277 238 4347 quo
260 4275 363 4326 nemo
384 4273 539 4346 unquam
559 4248 627 4321 nisi
648 4258 710 4321 aut
729 4247 850 4319 melior
875 4245 1040 4321 discessit
1064 4256 1126 4320 aut
1148 4247 1211 4318 lae-

129 4377 205 4449 tior.
227 4380 323 4451 Vale.

271 4523 314 4579 nd
328 4523 434 4579 iontem
448 4520 560 4592 Sorgiae.
576 4517 688 4575 Decimo
703 4516 839 4574 Kalendas
855 4517 989 4574 Octobris.
