2738 5062
426 730 520 779 omna
539 730 684 780 ooolllos.
696 731 897 782 -tll‘lsrooa
920 736 947 782 v.
1185 726 1224 786 99

138 870 312 954 habuisti3
333 869 499 941 nimirum
520 868 576 939 illo
596 880 630 940 te
649 870 742 962 loqui
763 871 901 957 docuit,
923 875 983 967 qui
1009 872 1125 947 docuit
1142 897 1225 972 ope.

139 996 227 1081 rari,
249 992 316 1089 qui
336 991 456 1063 docuit
475 993 581 1074 velle;
606 991 793 1085 persimilis
819 996 933 1067 animo
959 1007 1065 1090 atque
1090 997 1224 1069 actibus

140 1138 259 1194 sermo
277 1127 352 1199 est3
373 1118 521 1187 multum
540 1116 634 1187 intus
658 1126 694 1189 et
717 1128 820 1190 extra
844 1120 944 1190 brevi
972 1134 1127 1215 tompore
1148 1145 1225 1193 mu-

141 1255 235 1317 tatus
268 1262 322 1314 es.
355 1239 503 1311 Mirarer
533 1248 649 1311 autem
672 1241 800 1333 magis,
828 1243 895 1313 nisi
920 1244 1119 1317 didicissem
1141 1248 1225 1339 quid

141 1365 249 1440 animi
268 1362 454 1437 mutationi
475 1362 619 1436 dextera
651 1363 764 1457 possit
794 1366 951 1451 Excelsi,
986 1369 1041 1439 cui
1067 1371 1225 1462 perfacile

141 1511 213 1562 nou
233 1490 351 1561 solum
370 1507 464 1559 unus
484 1487 638 1572 animus,
659 1482 723 1560 sed
744 1498 851 1597 totum
874 1512 987 1582 genus
1011 1491 1223 1576 humanum,

141 1623 238 1686 totns
258 1622 433 1684 terrarum
454 1609 564 1695 orbis,
588 1620 659 1682 tota
680 1610 833 1705 denique
858 1635 976 1685 rerum
1002 1625 1126 1686 natura
1145 1636 1227 1686 ver-

142 1736 256 1809 satilis
287 1744 355 1806 est.
385 1734 438 1804 lta
466 1732 550 1803 mihi
575 1734 714 1828 copiose
748 1745 945 1807 sanctorum
967 1747 1103 1829 patrum
1133 1736 1226 1809 dicta

141 1857 338 1952 conquiris,
362 1865 526 1951 tantoque
545 1857 720 1929 convertis
747 1856 906 1941 artificio,
930 1866 967 1928 ut
987 1861 1090 1951 paulo
1110 1860 1224 1931 minus

143 1982 342 2055 iuncturam
356 2000 463 2072 cogar
478 2001 583 2073 quam
606 1981 813 2052 senteutiam·
829 1979 987 2061 laudare3
1005 1991 1040 2050 et
1056 1989 1152 2051 corte
1170 2002 1227 2053 so-

142 2105 215 2176 lers
234 2096 396 2175 iunctura
417 2122 512 2195 saepe
531 2103 626 2195 quod
646 2101 797 2173 alienum
817 2103 931 2173 luerat
946 2111 1105 2175 nostrum
1128 2102 1224 2177 iacit:

146 2226 249 2298 cuius
265 2233 393 2319 quanta
412 2224 469 2295 vis
491 2223 537 2295 sit
560 2225 649 2294 inter
674 2223 759 2295 artis
780 2237 951 2321 praecepta
972 2226 1132 2322 poeticae,
1155 2248 1223 2297 non

149 2356 344 2422 extremm
363 2348 526 2441 legimus.
552 2348 666 2420 Unum
685 2358 723 2420 ut
743 2350 925 2443 indulgeas
950 2352 1078 2422 velim:
1105 2351 1225 2423 mode-

149 2472 316 2545 stissimae
337 2468 561 2544 verecundia
586 2480 673 2556 tuae,
702 2473 1081 2567 verecundissimaequo
1107 2474 1227 2545 mode-

145 2596 226 2669 sliae
245 2596 345 2667 laxes
369 2597 468 2665 frena
492 2615 690 2687 parumper,
713 2597 937 2667 etmalorum
965 2605 999 2668 te
1024 2596 1222 2689 agminibus

144 2741 215 2792 nou
237 2718 395 2789 verearis
427 2716 593 2801 inserere,
621 2739 734 2810 neque
758 2718 910 2804 diffidas,
945 2718 1068 2792 eodem
1100 2719 1224 2811 spiritu

144 2842 296 2915 mune
321 2838 384 2934 qui
407 2836 556 2910 disertos
584 2837 660 2910 illos
680 2840 770 2924 fecit,
793 2838 837 2910 de
862 2861 932 2932 quo
957 2840 1122 2933 scriptum
1149 2848 1222 2909 ost:

148 2986 222 3037 non
237 2964 326 3034 cotim
346 2983 405 3032 oot
425 2962 500 3031 estis
517 2962 575 3050 qui
593 2961 781 3050 loquimini,
803 2959 859 3030 scd
874 2961 1009 3053 spiritus
1029 2960 1141 3029 Patris
1159 2963 1227 3032 mei

149 3087 276 3178 estqui
292 3084 440 3180 lepra-itur
455 3086 492 3154 in
512 3083 615 3165 vodis,
637 3096 747 3177 posse
768 3080 872 3152 etiam
895 3091 929 3151 te
949 3080 994 3152 de
1015 3091 1074 3152 tuo
1093 3082 1225 3174 aliquid

148 3208 275 3295 dicore,
295 3206 367 3280 imo
387 3228 473 3279 vera
492 3206 660 3302 permulta
678 3210 714 3276 et
731 3203 791 3275 tibi
809 3213 846 3275 et
865 3203 941 3276 aliis
955 3205 1143 3298 profutura.
1158 3205 1226 3275 Po-

148 3340 279 3405 stremo
295 3330 343 3405 de
359 3352 426 3413 me,
439 3329 539 3402 cuius
559 3327 673 3400 vicem
691 3328 795 3400 valde
816 3328 1026 3420 germanitas
1046 3336 1103 3398 tua
1120 3326 1225 3423 perti-

148 3453 279 3539 mescit
296 3476 362 3526 uec
380 3453 569 3538 immerito,
589 3460 639 3524 tot
667 3451 701 3521 in
730 3451 877 3523 circuitu
896 3450 1125 3523 frementibus
1145 3473 1226 3543 pro-

147 3576 260 3662 oollis,
281 3600 350 3650 non
370 3576 448 3648 dico
469 3575 687 3650 securitatem
715 3573 778 3647 sed
805 3595 904 3670 spem
928 3574 1054 3646 bonam
1081 3574 1224 3646 habeas.

147 3700 256 3786 Scito,
273 3722 331 3773 me
350 3698 571 3773 consiliorum
592 3718 672 3791 quae
689 3697 772 3768 mihi
794 3720 958 3791 supremo
977 3698 1142 3789 digressu
1161 3697 1225 3767 do-

148 3824 266 3908 deras,
286 3844 356 3895 non
381 3823 535 3895 oblitum.
562 3823 730 3892 deserere
754 3843 824 3891 non
844 3822 956 3893 ausim
978 3822 1092 3893 adhuc
1112 3842 1168 3892 me
1189 3821 1224 3891 in

147 3955 284 4039 portum
306 3946 522 4038 confugisse;
540 3943 605 4016 feci
623 3955 738 4015 autem
756 3944 850 4036 quod
867 3953 983 4015 nautae
1005 3946 1117 4016 solent
1136 3964 1225 4037 quos

149 4069 183 4140 in
194 4072 266 4142 alto
279 4080 470 4165 tempestas
490 4067 631 4151 invasit3
647 4069 780 4151 insulae,
796 4078 834 4137 ut
854 4068 900 4139 ita
920 4067 1085 4151 dixerim,
1108 4066 1226 4137 cuius-

149 4192 239 4285 piam
260 4216 370 4266 unum
391 4196 482 4265 latus
503 4192 617 4266 ventis
635 4215 675 4264 ao
692 4190 854 4264 fluctibus
871 4189 998 4261 obieci:
1017 4189 1100 4273 illio,
1115 4190 1226 4261 donoc

151 4320 253 4391 tutior
272 4328 398 4414 portos
419 4326 596 4410 appareat,
618 4317 793 4389 delitesco.
816 4316 861 4385 Et
880 4335 997 4407 quem,
1021 4312 1170 4406 inquioS,
1191 4312 1225 4382 in

150 4443 313 4515 modum?
333 4440 369 4511 Si
391 4439 546 4533 quidem,
569 4440 648 4510 lesu
669 4437 806 4508 Christo
827 4435 983 4531 auspice,
1006 4435 1070 4507 tria
1095 4435 1150 4505 illa
1173 4445 1228 4504 ut-

150 4586 298 4661 cumque
320 4588 378 4636 me
398 4564 562 4659 implesse
581 4561 721 4633 noveris
738 4581 818 4651 quaa
837 4558 1020 4662 mandasti,
1039 4568 1075 4628 el
1093 4568 1129 4627 ut
1145 4577 1227 4625 con-
