2738 5062
144 660 213 737 150*
479 687 520 734 nn
541 686 641 743 araus
664 686 884 737 raurnmnmus

142 826 242 897 ouius
262 825 418 916 proxime
431 823 582 907 memini,
602 826 744 895 Romam
762 823 920 894 venisset
937 823 1063 915 legatio
1077 824 1216 900 Latino

144 971 234 1032 rum,
256 946 361 1018 armis
383 946 538 1039 virisque
564 959 599 1017 et
623 946 747 1040 opibus
773 945 901 1019 llorens
927 946 1065 1019 Latium
1087 947 1217 1022 descri-

143 1069 250 1151 bitur;
271 1091 335 1140 nee
354 1069 468 1141 minus
488 1068 567 1141 idco
588 1069 720 1164 repulsi
741 1080 834 1154 sunt,
857 1069 916 1163 qui
936 1070 1103 1164 potentiae
1128 1070 1218 1146 fidu-

104 1236 106 1239 .
142 1192 196 1263 cia
215 1191 260 1263 ad
280 1192 444 1263 honorem
466 1191 655 1264 indebitum
677 1193 883 1287 aspirarent,
907 1203 946 1263 ut
965 1193 1108 1266 virtutis
1128 1217 1218 1292 prae·

141 1316 211 1386 mia
223 1317 369 1387 lortunae
384 1313 951 1385 tribuerentimmerentiProleoto
963 1313 1056 1385 enim
1070 1315 1103 1387 si
1115 1314 1219 1389 nudae

142 1437 303 1531 potentiae
329 1438 501 1509 senatoria
524 1439 644 1508 Romae
667 1436 818 1530 dignitas
843 1437 1048 1522 deberetur,
1074 1461 1141 1513 nee
1164 1461 1218 1512 re·

143 1572 282 1655 spectus
303 1570 399 1632 esset
417 1562 475 1631 vel
496 1560 639 1652 originis
659 1562 714 1631 vel
736 1561 888 1645 virtutis
911 1570 1072 1655 poterant
1090 1574 1127 1634 et
1146 1563 1219 1636 lla·

142 1683 285 1756 cedonia
308 1694 388 1755 tunc
410 1683 585 1776 temporis,
608 1694 644 1753 ct
663 1683 848 1775 Carthago,
882 1695 918 1754 et
948 1707 1041 1756 nuno
1062 1684 1134 1757 alia
1155 1708 1219 1782 per

141 1805 259 1878 orbem
278 1807 413 1899 magnis
430 1806 563 1878 viribus
581 1827 690 1898 regna
706 1805 867 1898 pollentia
883 1807 1030 1877 multum
1048 1806 1116 1879 sibi
1133 1807 1218 1881 iuris

142 1932 261 2002 bacin
283 1952 321 2001 re
341 1933 556 2023 multumque
582 1928 832 2022 praeminentiae
860 1928 1050 2000 vindicare.
1073 1930 1146 2002 Sed
1167 1930 1220 2003 di·

141 2063 220 2125 cent
235 2065 269 2124 et
290 2054 329 2136 ii,
352 2053 432 2144 quia
452 2052 596 2124 Romani
619 2072 753 2149 sumus,
772 2061 807 2122 et
824 2052 925 2142 longa
944 2052 1001 2121 vel
1018 2051 1217 2125 detentione

143 2175 407 2266 magistratuum
428 2176 484 2244 vel
504 2173 671 2245 libertatis
689 2174 926 2269 oppressione,
945 2174 1081 2244 romani
1110 2174 1217 2247 cives.

143 2302 219 2392 Ego
239 2320 324 2369 vcro
344 2300 533 2391 proiecisse
561 2319 616 2366 me
648 2320 717 2368 non
749 2297 923 2369 modicum
956 2297 1162 2383 arbitrarer,
1188 2300 1217 2371 si

143 2423 188 2493 ad
208 2425 274 2493 hoc
294 2420 503 2493 elatissimos
521 2419 653 2490 animos
673 2420 905 2504 inclinassem,
926 2431 964 2489 ut
980 2419 1079 2492 cives
1096 2432 1135 2493 et
1150 2442 1218 2493 non

142 2556 338 2617 vastatores
358 2544 486 2616 civium
507 2564 587 2613 esse
605 2543 745 2625 vellent,
764 2564 879 2633 neque
897 2551 977 2613 tunc
995 2542 1072 2614 illos
1091 2544 1138 2616 ab
1157 2542 1219 2615 bo·

143 2691 264 2740 norum
291 2668 459 2761 gradibus
485 2667 657 2738 Manliano
687 2665 801 2758 rigore
832 2666 1053 2759 depellerem.
1081 2668 1133 2754 Si,
1159 2690 1219 2765 per

142 2794 367 2869 miserantem
389 2814 446 2863 ros
471 2792 643 2862 humanas
668 2792 793 2873 Deum,
821 2789 994 2862 mitissimi
1020 2801 1163 2885 patres,
1190 2792 1218 2864 si

145 2936 214 3007 qua
247 2913 378 2986 romani
399 2913 548 2986 nominis
570 2911 789 2985 miseratione
820 2913 1016 3005 tangimini,
1036 2926 1219 3007 percontor

141 3060 221 3121 vos,
241 3059 285 3108 an
305 3061 347 3109 eo
363 3037 542 3130 proposito
559 3058 744 3137 capessere
763 3035 839 3107 illos
857 3034 1107 3129 rempublicam
1124 3038 1218 3111 aesti-

142 3161 260 3244 matiS,
295 3172 334 3231 ut
363 3161 439 3229 cius
464 3159 619 3252 penuriae
640 3157 788 3252 propriis
808 3159 932 3254 opibus
953 3180 1055 3253 opem
1077 3163 1219 3234 lerant?

143 3283 279 3353 Utinam
310 3281 346 3351 id
378 3281 413 3349 in
445 3280 596 3351 animum
619 3279 839 3351 inducerent!
863 3283 1006 3353 Possem
1042 3282 1217 3355 munificae

142 3401 319 3471 ambitioni
339 3399 476 3471 veniam
497 3400 595 3485 dare,
617 3412 651 3472 ct
672 3400 913 3496 undecumque
933 3404 1118 3477 venientes
1139 3428 1219 3479 can·

144 3522 280 3594 didatus
301 3522 491 3594 admittere.
518 3523 575 3608 At,
600 3522 683 3594 milri
703 3524 848 3609 credite,
876 3527 1086 3598 contrarium
1110 3528 1219 3603 medi·

144 3655 271 3727 tantur,
295 3655 332 3714 ut
353 3646 483 3716 scilicet
514 3646 557 3718 de
592 3647 745 3739 reliquiis
767 3669 899 3740 sparsae
919 3648 1017 3721 urbis
1038 3651 1221 3724 insatiabi-

143 3768 208 3835 lem
230 3765 385 3836 avaritiae
411 3787 486 3837 suae
511 3767 634 3838 samem
662 3789 730 3838 non
758 3779 828 3839 tam
853 3771 1011 3860 mitigent
1035 3793 1143 3864 quam
1164 3793 1221 3844 ac-

142 3886 300 3958 cendant.
322 3889 450 3961 Verum
471 3898 506 3959 et
531 3889 596 3962 hoc
621 3915 750 3982 negare
775 3894 916 3963 forsitan
955 3895 1158 3981 audebunt,
1186 3906 1222 3969 et

142 4009 244 4080 unius
264 4011 364 4083 verbi
383 4012 597 4106 impudentia
617 4025 733 4085 notam
757 4014 883 4083 mundo
910 4016 1015 4087 totius
1044 4017 1132 4087 vitae
1162 4039 1222 4090 se

142 4132 227 4201 riom
253 4138 434 4218 occultare,
455 4147 490 4206 et
510 4137 643 4207 romani
663 4136 758 4207 cives
779 4145 990 4209 clamantes
1012 4139 1135 4230 patriae
1150 4138 1221 4212 dici

142 4255 266 4324 volent.
285 4256 360 4327 Non
377 4259 424 4327 ita
442 4270 511 4340 cst,
533 4258 661 4350 quippo
681 4278 770 4350 quos
787 4258 898 4342 cives,
919 4259 1023 4330 immo
1043 4282 1135 4352 quos
1155 4261 1223 4334 ho-

140 4377 261 4461 mines,
287 4389 322 4448 et
346 4400 414 4449 non
435 4379 605 4473 principes
626 4391 685 4450 aut
716 4378 874 4452 dominos
904 4403 1046 4467 vocare,
1082 4385 1219 4477 capita-

142 4500 182 4570 lis
195 4499 325 4571 ollensa
337 4507 400 4569 cst.
417 4499 503 4581 Quia
517 4521 610 4582 vero,
634 4502 711 4573 licet
729 4502 795 4573 sub
812 4502 923 4594 aequis
949 4503 1134 4589 iudicibus,
1153 4506 1220 4577 ini·
