2738 5062
368 671 460 718 trono
480 671 748 723 sexrnsnnootos.
762 692 793 701 -
808 673 961 722 nrrsronn
983 675 1022 721 vr.
1173 663 1232 725 {titt

156 810 333 901 voluptate
346 816 507 877 versatur
522 833 530 888 ;
543 828 613 877 non
627 807 732 878 sentit
745 805 945 900 praesentia,
965 814 1057 878 totus
1072 807 1106 877 in
1126 806 1230 879 finem

153 930 333 1022 prominet,
357 939 393 999 et
412 929 575 1023 quamvis
601 949 745 1019 corpore
765 928 939 1018 fatigatos
967 929 1002 998 in
1023 952 1108 1022 paoo
1126 931 1230 1002 animi

152 1063 188 1124 et
212 1052 245 1120 in
274 1072 336 1143 spe
361 1051 481 1141 gloriae
512 1049 736 1140 conquiescit.
769 1048 843 1118 Tibi
871 1049 1029 1140 quidem,
1062 1051 1231 1124 charitate

152 1175 271 1254 irater,
294 1181 397 1243 aetate
424 1170 485 1254 lili,
521 1169 688 1260 dignitate
724 1179 854 1273 autem·
875 1178 985 1260 pater.
1018 1192 1122 1263 quem
1150 1183 1231 1245 onte

152 1314 262 1365 annos
282 1314 330 1362 ex
356 1313 465 1385 puero
488 1292 601 1363 virum
628 1292 755 1374 virtus,
782 1291 934 1383 dignitas
960 1313 1080 1363 senem
1107 1293 1230 1365 fecite

151 1416 298 1498 iuvene,
318 1417 422 1504 longo
439 1435 600 1485 sermone
618 1434 687 1483 non
706 1423 762 1485 est
777 1434 875 1505 opos¹
892 1425 929 1485 ut
947 1416 1120 1506 intelligas
1135 1415 1231 1508 quod

151 1533 316 1626 seriptum
336 1533 446 1605 estin
468 1533 588 1604 litteris
618 1533 745 1605 saeris:
771 1535 926 1603 militiam
953 1538 1147 1606 exterritam
1172 1537 1230 1605 to-

151 1660 250 1728 mino
270 1679 368 1749 super
385 1661 521 1739 terram,
540 1660 604 1727 nec
618 1656 772 1727 militiam
791 1656 895 1728 modo
914 1656 976 1728 sed
995 1657 1122 1730 bellum
1136 1659 1227 1750 iuge,

151 1777 373 1862 mortiferum,
392 1777 469 1848 sino
485 1777 641 1859 induciis,
658 1778 734 1848 sine
751 1799 844 1871 paee.
863 1779 934 1848 Hoc
951 1777 1080 1849 bellum
1100 1780 1228 1851 Christi

149 1899 249 1972 miles
269 1899 464 1991 ingressus,
487 1896 562 1969 fieri
585 1899 721 1970 tandem
744 1921 835 1969 unus
861 1921 909 1971 ex
929 1899 1077 1971 ducibus
1099 1900 1229 1971 merui·

149 2022 215 2092 sti:
237 2023 362 2114 inquo
383 2021 473 2093 bene
491 2022 643 2111 ooepisse
660 2042 728 2092 non
749 2021 890 2103 sufficit,
914 2021 978 2093 sed
999 2023 1029 2092 si
1049 2022 1227 2095 victricem

146 2144 284 2237 expetis
304 2165 476 2227 eoronam,
498 2152 635 2234 oportet
654 2142 698 2213 de
719 2163 819 2213 mane
840 2141 882 2213 ad
901 2164 1083 2233 vesperam
1101 2143 1136 2213 in
1152 2145 1228 2215 acie

150 2275 257 2347 stare,
279 2275 315 2334 et
335 2263 508 2335 adversus
526 2263 660 2334 hostem
677 2263 803 2334 dextra
823 2263 983 2356 laevaque
1010 2263 1224 2349 saevientem,

149 2387 309 2479 elypeum
329 2383 514 2456 indefessae
536 2385 673 2457 virtutis
694 2387 861 2456 attollere.
883 2384 1128 2478 Multiplioibus
1150 2386 1227 2478 qui-

147 2507 227 2578 dem
251 2506 327 2577 telis
352 2505 570 2598 impetimur:
594 2500 672 2579 hinc
698 2507 892 2601 importuna
918 2516 1118 2601 paupertas
1142 2507 1227 2581 hine

146 2629 279 2701 divitiae
300 2650 430 2720 graves
450 2638 620 2721 premunt,
640 2629 722 2701 hine
743 2633 799 2700 vel
820 2639 939 2700 nostra
957 2631 1014 2698 vel
1034 2630 1224 2700 amicorum

145 2750 335 2845 impmviso
354 2750 548 2833 colamnam
561 2751 641 2823 hinc
661 2773 721 2822 cor
739 2771 844 2820 urens
860 2771 954 2831 cura,
969 2769 1134 2839 aegerque
1151 2750 1224 2818 ani-

146 2893 234 2954 mus,
256 2891 461 2963 aegrumque
482 2893 619 2967 corpus,
641 2872 794 2944 etmulti
819 2894 860 2944 ao
880 2870 967 2941 varii
989 2872 1139 2941 fortunae
1159 2870 1224 2939 irn-

147 3003 262 3083 petus‚
283 3012 373 3084 quos
393 3015 438 3064 ne
457 2994 569 3065 dicam
591 2995 692 3076 ferre,
710 2994 773 3065 sed
791 3013 973 3064 numerare
992 2990 1130 3063 difficile
1155 3001 1221 3063 est.

146 3114 237 3185 Nihil
264 3116 331 3187 ulla
356 3137 404 3186 ex
431 3127 526 3209 parte
557 3124 667 3186 tutum
698 3115 851 3198 homini;
883 3135 977 3208 saepe
1007 3114 1090 3186 dum
1117 3114 1223 3184 maris

146 3258 283 3322 somma
306 3238 534 3330 tranquillitos
555 3237 588 3306 in
607 3236 791 3332 superficie
809 3238 955 3319 videtur,
976 3245 1167 3328 tempestas
1188 3234 1221 3305 in

144 3359 252 3430 tundo
275 3368 352 3430 est:
376 3360 586 3433 etiamtunc
610 3360 694 3431 dum
720 3360 871 3430 maxime
896 3357 1079 3441 blanditor,
1101 3356 1222 3429 tacitos

144 3480 297 3553 mundus
319 3481 430 3553 tendit
455 3482 622 3554 insidias:
649 3502 751 3553 omne
772 3481 836 3553 iter
862 3480 996 3574 laqueis
1021 3478 1220 3562 obsessum,

143 3624 263 3674 omnes
285 3603 372 3675 romi
392 3605 490 3678 visco
510 3605 605 3688 illiti;
626 3626 729 3675 omne
751 3606 862 3675 solum
883 3603 995 3699 lappis
1016 3601 1221 3694 tribulisque

143 3728 333 3798 oontertnm
356 3736 432 3808 est3
457 3728 521 3799 vin
541 3749 691 3821 usquam
714 3727 789 3798 sine
814 3726 1013 3799 discrimine
1036 3724 1157 3816 pedem
1181 3721 1221 3790 li-

143 3867 228 3936 gos3
255 3847 339 3917 nihil
364 3849 468 3921 altius
493 3851 697 3922 escendisse
722 3850 908 3943 profuerit:
935 3867 1157 3940 quocumque
1187 3855 1220 3917 te

143 3979 260 4040 vertas
283 3992 345 4062 par
367 3972 569 4062 perieulum,
595 3993 720 4064 aequus
742 3972 856 4052 labor,
879 3969 948 4038 imo
970 3970 1026 4038 vel
1047 3989 1090 4037 eo
1110 3968 1220 4040 maior

140 4113 211 4181 quo
231 4092 388 4183 pluribus
411 4095 558 4162 tortunae
575 4091 695 4163 iaculis
713 4102 824 4161 status
846 4089 944 4159 altior
966 4098 1068 4180 patet.
1090 4089 1129 4159 ln
1154 4090 1219 4162 hoo

140 4211 247 4302 igitur
272 4214 355 4283 vitm
386 4201 509 4305 compo
541 4213 576 4281 in
606 4233 709 4305 quom
744 4210 929 4304 pugnaturi
954 4208 1216 4293 descondimnS,

139 4336 233 4418 nullo
251 4337 344 4425 sugae
363 4355 453 4428 spes,
475 4335 604 4404 nullum
627 4332 754 4425 quietis
771 4332 1029 4416 diverticulum
1053 4345 1160 4407 totum
1182 4333 1216 4402 io

140 4454 302 4545 praesidio
321 4451 451 4525 coelesti
472 4462 507 4524 ot
528 4452 644 4524 invicti
665 4451 769 4524 animi
788 4453 919 4526 virtute
941 4454 1131 4550 repositum
1149 4462 1214 4521 ost.
