2738 5062
453 730 545 779 nmen
564 731 678 781 nonus.
691 732 891 782 -nrrsrom
913 735 941 782 v.
1173 720 1213 783 23

142 895 320 968 nunquam
341 894 396 943 me
417 872 586 966 poenituit,
607 874 670 945 sed
690 874 880 968 splendidae
897 873 1057 947 servituti
1076 874 1215 951 liberta-

142 1011 208 1072 tem
225 996 396 1069 humilem
413 996 557 1090 praetuli.
584 997 685 1081 Quod
714 997 828 1089 ipsum
860 998 1005 1069 forsitan
1026 998 1211 1087 siluissem,

140 1122 205 1195 nisi
227 1129 433 1216 superesset
453 1119 567 1190 adhuc
587 1119 646 1210 qui
667 1141 723 1190 me
747 1120 804 1190 illa
831 1120 912 1192 sede
936 1121 1080 1214 dignum
1104 1123 1215 1196 credi-

140 1247 200 1332 dit,
219 1266 311 1318 neve
330 1245 406 1339 ipse
434 1263 490 1312 me
524 1240 702 1332 indignum
734 1242 913 1314 crederem
946 1245 1215 1320 clementissime

140 1369 349 1464 deprecatus
365 1376 433 1450 est,
456 1386 525 1436 non
547 1386 669 1456 rogare
691 1365 823 1451 solitus,
848 1367 912 1438 sed
932 1371 1047 1458 rogari
1072 1369 1118 1442 ab
1128 1371 1214 1466 ipsis

140 1493 245 1566 etiarn
265 1488 410 1582 regibus
431 1486 552 1558 affusis
577 1486 822 1581 humiliterque
836 1489 1061 1582 supplicibus.
1076 1493 1139 1578 Sic,
1155 1493 1215 1567 ubi

141 1614 380 1709 mentiar‚ipso
392 1631 535 1705 possum
550 1618 637 1681 teste
651 1610 922 1704 redargui.Quid
933 1613 977 1684 de
991 1614 1213 1695 metudicam,

141 1759 218 1809 cum
241 1735 356 1828 potius
375 1734 419 1805 de
437 1743 471 1803 le
496 1735 658 1826 sperem?
683 1734 813 1824 Ingrati
844 1744 899 1805 est
930 1745 1085 1809 metuere
1109 1758 1216 1831 quem

142 1858 350 1930 benevolum
371 1857 420 1928 sis
450 1866 631 1951 expertus
664 1858 747 1930 dum
767 1858 851 1930 nihil
883 1860 944 1932 tibi
977 1863 1026 1934 sis
1056 1863 1216 1938 conscius

143 1982 367 2074 mutandique
388 1981 493 2051 animi
514 1982 600 2052 ratio
621 1983 714 2053 nulla
735 1983 789 2053 sit.
816 1981 904 2052 Amo
933 2006 999 2076 ego
1029 1996 1078 2069 te,
1111 2008 1217 2059 vene-

145 2129 282 2200 rorque,
305 2114 349 2190 et,
373 2103 555 2189 Sibaris,
578 2127 713 2188 vereor,
742 2127 810 2176 non
835 2106 954 2192 timeo,
970 2108 1216 2202 nisiquantum

144 2251 238 2302 amor
260 2228 335 2299 sine
355 2228 478 2297 timore
499 2249 567 2296 non
590 2226 736 2299 habitat:
762 2228 890 2324 quippe
909 2242 944 2301 et
969 2229 1004 2302 id
1025 2251 1160 2326 semper
1181 2240 1216 2304 te

146 2365 263 2446 optare
282 2350 455 2444 perpendi,
476 2372 588 2443 neque
609 2359 678 2420 tam
700 2351 810 2422 timeri
831 2353 919 2424 velle
935 2376 1039 2446 quam
1053 2355 1163 2446 diligi3
1181 2365 1216 2425 et

147 2478 228 2549 mihi
242 2476 381 2546 insitum
394 2486 448 2547 est
468 2474 640 2546 neminem
653 2498 861 2570 magnopere
878 2477 1074 2562 formidare,
1091 2478 1217 2550 nedum

145 2620 245 2693 quem
263 2619 379 2669 amare
400 2597 624 2668 decreverim.
657 2598 888 2682 Quamobrem
923 2601 989 2672 ista
1022 2601 1071 2672 sie
1102 2605 1215 2693 leges,

143 2732 252 2814 pater,
283 2695 325 2791 ut
343 2719 486 2791 noveris
506 2741 620 2812 neque
641 2719 718 2805 tibi,
741 2744 853 2814 neque
878 2745 1020 2794 romano
1046 2722 1214 2808 Pontifici,

144 2867 254 2939 neque
270 2845 431 2937 cuiquam
452 2863 597 2936 prorsus
623 2840 800 2913 hominum
825 2867 879 2915 me
906 2847 1114 2939 scripturum
1133 2846 1215 2929 haee,

146 2967 210 3037 nisi
229 2968 324 3038 intus
342 2966 377 3036 in
394 2965 508 3036 animo
529 2967 678 3055 legerem
700 2985 779 3055 quae
800 2965 923 3036 scribo.

245 3090 357 3161 Unum
376 3086 640 3184 praetermisisse
661 3083 756 3155 dicar
775 3082 820 3155 ab
840 3084 882 3154 iis
903 3088 974 3178 qui,
1003 3097 1039 3157 ut
1075 3089 1111 3157 in
1146 3090 1219 3181 epi-

146 3215 230 3284 stola
261 3212 411 3305 quadam
445 3212 493 3282 ait
525 3211 632 3281 lulius
667 3210 798 3294 Caesar,
829 3207 890 3278 tibi
915 3218 950 3279 et
975 3207 1060 3279 mihi
1082 3211 1219 3283 fuerant

146 3335 383 3422 inimicissimi,
417 3357 564 3427 quorum
598 3332 751 3403 artificiis
773 3332 931 3404 ellectum
957 3342 1020 3417 est,
1047 3355 1116 3404 non
1140 3334 1219 3407 dieo

146 3461 236 3552 quod
249 3460 306 3529 ille
325 3457 422 3542 dixit,
446 3466 484 3527 nt
504 3478 559 3527 res
581 3455 730 3549 publica,
751 3456 816 3527 sed
831 3466 869 3526 ut
885 3456 1095 3528 familiaritas
1113 3467 1229 3551 atque>

148 3581 293 3652 amicitia
324 3590 444 3650 nostra
477 3579 511 3648 in
545 3578 636 3649 hunc
666 3589 793 3649 statum
819 3579 1024 3671 perveniret.
1051 3579 1219 3653 Obiieient

148 3703 236 3774 enim
269 3725 326 3773 me
359 3702 419 3774 tibi
445 3702 526 3772 olim
552 3702 586 3771 in
611 3701 706 3772 curia
731 3701 971 3788 adversatum,
999 3703 1094 3788 dum,
1125 3705 1219 3796 quod

149 3845 232 3896 vere
248 3836 452 3919 perpetuum
471 3823 632 3895 vicinitas
653 3825 780 3894 malum
801 3823 919 3909 habet,
943 3825 1058 3897 domui
1076 3825 1119 3897 de
1137 3827 1219 3897 Cor-

148 3948 235 4041 rigia
250 3971 372 4042 magna
392 3951 433 4021 lis
452 3959 566 4020 tecum
583 3959 699 4022 esset:
718 3971 781 4020 nec
801 3950 1010 4022 mentientur
1022 3949 1086 4020 hoc
1099 3972 1217 4020 unum.

148 4070 214 4143 Sed
239 4071 443 4144 memoriam
477 4083 568 4142 tuam
603 4080 727 4143 testem
760 4072 906 4142 invoco:
940 4090 1094 4162 praesens
1127 4069 1219 4140 enim

148 4194 308 4266 omnibus
329 4195 508 4266 intereras.
531 4193 706 4287 Numquid
726 4203 806 4264 tune
832 4215 879 4262 ox
899 4214 957 4262 ore
983 4214 1059 4263 meo
1082 4193 1221 4285 aliquod

148 4318 343 4391 mordacius
375 4327 411 4389 et
444 4317 691 4389 irreverentius
722 4314 868 4386 verbum
899 4315 1051 4386 excidit?
1076 4315 1219 4409 quodsi

147 4463 300 4536 unquam
319 4441 483 4514 excidere
502 4440 692 4523 debuisset,
715 4437 857 4522 fatebor,
874 4438 949 4508 sive
963 4460 1003 4508 ea
1018 4438 1219 4530 magnitudo

148 4566 251 4638 animi
272 4565 349 4639 sive
371 4564 545 4639 temeritas
565 4573 634 4646 est,
657 4563 765 4633 multo
781 4561 913 4633 facilius
932 4560 1046 4632 induci
1065 4573 1219 4655 poteram
