2738 5062
440 726 532 774 sineri
553 725 666 776 nonus,
678 727 881 777 -srisrons
902 728 931 776 r.
1185 718 1224 780 le

150 870 194 941 rei
212 875 464 959 argumentum
484 888 551 958 ego
571 888 662 951 sum,
684 867 744 961 qui
765 867 824 939 diu
849 868 955 939 nimio
980 869 1105 940 tacitus
1130 870 1226 944 dolo·

149 1015 192 1077 re,
207 1013 313 1074 nunc,
329 990 492 1074 utvides,
514 1011 676 1061 sermone
698 992 873 1085 multiplici
895 992 993 1064 triste
1009 993 1075 1065 hoc
1094 1004 1130 1064 et
1150 1016 1229 1086 per-

147 1124 332 1210 gravatum
354 1123 477 1209 pectus
499 1135 665 1185 exonero.
686 1116 762 1200 Qua
782 1116 873 1187 enim
888 1117 1050 1211 patientia
1062 1117 1228 1190 dissimu-

148 1243 218 1312 lare
237 1259 367 1331 queam
387 1236 492 1330 quod
514 1259 593 1308 cum
614 1237 649 1308 in
670 1237 736 1310 boc
752 1261 836 1311 rere
859 1251 965 1312 totum
987 1242 1070 1313 vitae
1091 1254 1228 1338 tempus

146 1360 385 1455 expenderim,
409 1368 451 1431 ut
470 1359 515 1443 si,
539 1361 634 1452 quod
658 1362 810 1434 maxime
836 1365 973 1447 vellem,
996 1365 1115 1441 mullis
1135 1366 1228 1437 utilis

147 1503 320 1555 essenon
341 1504 499 1575 possem,
522 1492 557 1555 at
577 1486 701 1555 saltem
718 1486 800 1555 nulli
821 1487 984 1570 nocivus,
1003 1487 1085 1556 nulli
1107 1507 1230 1579 suspe-

148 1617 227 1678 ctus
248 1606 385 1691 fierem3
408 1617 455 1692 tu,
474 1628 544 1678 non
565 1616 624 1679 tuo
641 1607 783 1701 quidem
806 1607 941 1693 iudicio,
964 1619 1076 1706 pater,
1097 1609 1153 1681 oui
1169 1618 1230 1680 na·

41 1773 44 1778 -
149 1739 228 1800 tura
251 1729 371 1801 mitem
390 1729 548 1823 spiritum
569 1740 605 1802 et
626 1730 775 1824 simplex
800 1731 977 1825 ingenium
1003 1733 1128 1825 largita
1152 1742 1227 1817 est,

150 1854 212 1925 sed
229 1856 351 1927 nescio
366 1855 495 1949 quibus
522 1867 721 1948 serpentum
750 1856 860 1927 sibilis
892 1858 1044 1940 afflatus,
1078 1876 1229 1949 quonam

150 1976 335 2048 insanabili
355 1979 518 2070 perfusus
538 1977 700 2071 aspidum
720 1999 867 2062 veneno,
886 1978 931 2049 de
948 2000 1017 2061 me,
1032 1977 1066 2047 ni
1081 1981 1227 2072 respuis,

149 2109 216 2185 tuo,
240 2099 476 2194 suspicionem
504 2121 758 2195 supervacuam
784 2109 820 2171 et
850 2120 993 2192 prorsus
1026 2099 1228 2170 immeritam

148 2214 581 2316 concepistiiliisceptare
601 2232 714 2294 tecum
733 2221 776 2293 de
792 2222 922 2294 iustitia
934 2222 1150 2294 estanimus.
1164 2223 1231 2293 lle·

151 2345 289 2416 oember
308 2345 423 2417 adhuc
443 2346 605 2438 equidem
627 2344 756 2417 mensis
776 2354 848 2429 est,
867 2347 1007 2440 quando
1035 2347 1090 2417 vel
1116 2344 1230 2417 servis

152 2488 223 2538 aere
239 2468 395 2560 quaesitis
417 2468 578 2560 loquendi
598 2468 767 2562 quidquid
792 2468 950 2539 libuisset
969 2467 1142 2539 adversus
1168 2468 1231 2540 do-

149 2591 261 2661 minos
279 2589 377 2662 dedit
396 2590 583 2683 antiquitas
601 2592 804 2663 libertatem.
825 2592 859 2663 Si
878 2590 1069 2686 placuerint
1084 2611 1166 2683 quae
1182 2592 1231 2663 le-

147 2715 214 2807 gis,
235 2715 420 2809 epistolam
438 2713 528 2785 banc
544 2715 673 2786 nudam
686 2716 790 2786 nullis
805 2713 994 2785 verborum
1009 2715 1095 2786 lucis
1109 2715 1228 2785 illitam

147 2838 290 2909 affectus
312 2837 381 2907 mei
401 2836 529 2929 pignus
546 2848 650 2931 atque
674 2838 833 2909 obsidem
860 2835 1019 2920 habebis,
1051 2859 1072 2907 e
1105 2850 1229 2907 serena

148 2962 292 3054 quidem
313 2971 350 3031 et
359 2980 454 3052 pura,
470 2961 549 3045 sed,
571 2971 611 3030 ut
628 2982 750 3030 verum
768 2961 891 3041 fatear,
905 2958 1046 3027 minime
1063 2955 1230 3048 tranquil-

147 3084 196 3166 la,
220 3080 304 3174 quin
319 3082 429 3173 magis
442 3080 712 3153 obtrectatorum
729 3079 908 3170 exagitata
927 3076 1134 3161 turbinibus,
1150 3101 1231 3171 pec-

146 3204 233 3277 toris
252 3213 349 3297 parte
370 3204 572 3296 prolectam:
593 3200 744 3296 alioquin
764 3212 802 3272 et
821 3200 930 3273 dolori
953 3219 1033 3272 meo
1052 3222 1174 3294 parces
1194 3214 1230 3273 et

29 3358 34 3373 ·
147 3327 305 3421 tempori.
324 3327 421 3398 Neve
437 3336 470 3396 te
491 3327 627 3419 longius
649 3326 800 3410 trabam,
822 3326 878 3398 dic
894 3347 977 3418 age:
994 3325 1087 3397 unde
1108 3324 1168 3396 tibi
1185 3325 1230 3397 de

148 3473 205 3522 me
225 3453 306 3524 talis
325 3450 463 3546 opinio‘l
482 3450 628 3535 Quando
650 3449 714 3521 boc
731 3449 827 3544 prius
847 3448 893 3520 de
914 3460 948 3519 te
969 3448 1095 3533 merui,
1115 3461 1153 3520 ut
1172 3449 1229 3520 ubi

149 3573 281 3646 fraudis
302 3595 366 3667 pes
378 3595 447 3645 non
461 3573 540 3657 luit,
556 3572 623 3645 illic
635 3571 784 3664 vestigia
798 3571 1006 3665 suspicionis
1019 3571 1230 3643 existerent?

153 3694 242 3777 Quid
262 3697 325 3768 leci
347 3718 515 3789 unquam,
537 3695 622 3790 quid
638 3695 673 3765 in
694 3717 750 3765 me
766 3694 887 3765 vidisti
904 3695 998 3787 quod
1015 3697 1133 3766 oculos
1150 3703 1229 3765 tuos

153 3817 365 3890 offenderet?
383 3819 533 3912 quidex
553 3841 609 3889 me
630 3817 757 3890 audisti
777 3839 839 3889 sen
858 3818 981 3890 durius
1002 3839 1106 3912 quam
1132 3839 1231 3889 reve·

151 3938 296 4010 rentiam
318 3950 427 4023 tuam,
447 3962 511 4011 seu
537 3941 673 4012 mollius
705 3962 808 4034 quam
843 3940 1089 4012 conscientiam
1115 3961 1229 4012 meam

149 4060 274 4132 decet?
289 4062 382 4146 Quid
403 4062 544 4149 audisti,
568 4084 705 4157 quaeso,
728 4084 882 4156 unquam
909 4085 956 4133 ex
981 4084 1060 4133 meo
1084 4085 1145 4134 ore
1170 4085 1229 4134 su·

150 4189 332 4277 spectum?
351 4186 440 4258 Nam
459 4209 507 4258 ex
527 4187 661 4260 illorum
675 4209 744 4271 ore,
760 4187 819 4279 qui
838 4186 981 4257 assidue
1002 4185 1062 4256 tibi
1081 4188 1171 4257 latus
1189 4210 1230 4257 n·

150 4317 314 4401 trumqne
329 4309 634 4405 circumstrepunt,
649 4323 684 4381 et
700 4309 840 4383 abunde
852 4309 1110 4381 mendaciorum
1124 4319 1228 4402 atque

135 4426 397 4503 ‚blanditiarum
431 4432 707 4516 immurmurant,
731 4436 837 4505 multa
867 4435 911 4507 de
937 4444 1047 4504 meet
1072 4432 1169 4503 varia
1193 4431 1228 4500 in

147 4553 227 4626 dies
246 4554 371 4628 audire
389 4579 458 4628 non
477 4555 610 4629 dubito.
631 4556 761 4628 Verum
780 4557 809 4628 si
835 4557 1004 4652 sapientia
1029 4568 1089 4629 tua
1113 4565 1226 4625 mcum
