2738 5062
468 726 562 775 ntasa
582 725 906 774 nouus-arissam
928 726 970 774 ιιι.
1229 717 1243 775 l

171 869 337 965 praesenti
356 869 454 953 tides,
467 868 633 965 praeteriti
648 869 813 965 temporis
826 868 984 964 opinione
997 869 1244 944 laborantibus.

171 998 370 1089 Importune
388 996 477 1066 iores
498 992 636 1067 obsidet
656 993 778 1066 amica:
799 1003 836 1063 et
856 992 983 1086 saepius
1000 996 1102 1086 pulsa
1126 1015 1247 1065 rever-

170 1119 265 1202 titur,
287 1127 393 1210 atque
410 1117 545 1190 insidiis
562 1139 697 1210 pernox
710 1119 805 1189 latet:
820 1117 913 1189 iures
925 1116 1080 1189 caelibem
1095 1126 1129 1189 te
1142 1139 1246 1210 agera

170 1243 278 1316 vitam
298 1243 405 1322 velle3
426 1243 605 1335 praelatam
632 1239 697 1311 sibi
722 1243 867 1312 alteram
893 1241 1025 1326 credet,
1061 1249 1100 1311 ut
1131 1241 1187 1313 cui
1210 1251 1247 1314 et

171 1365 367 1458 incognitus
387 1363 579 1441 caelibatus,
600 1372 636 1434 et
652 1384 860 1458 persuasum
883 1363 928 1434 sit
944 1372 978 1434 te
998 1362 1070 1436 vita
1089 1363 1247 1436 simulet

171 1488 307 1560 feminae
338 1486 513 1559 consortio
544 1485 743 1558 cariturum.
778 1486 928 1558 Comites
968 1485 1098 1579 antiqui
1141 1487 1245 1557 limen

172 1621 352 1682 assuetum
376 1610 515 1702 agmine
535 1611 623 1681 lacto
639 1610 877 1694 circumstant,
900 1618 1059 1693 evocant,
1082 1609 1246 1705 interpel-

172 1736 256 1817 lant,
278 1733 370 1805 diem
388 1735 513 1805 festum
533 1743 568 1803 et
587 1742 798 1805 conventum
825 1731 992 1804 nobilium
1011 1743 1244 1806 matronarum

172 1856 276 1927 alacri
296 1858 445 1927 clamore
464 1854 682 1926 denunciant.
699 1854 904 1948 Respondes
921 1863 955 1927 te
972 1856 1052 1930 talia
1068 1879 1137 1929 non
1150 1878 1246 1929 ama·

172 1981 231 2049 rei
249 1977 402 2049 Primum
420 1977 555 2049 attoniti
574 1978 755 2062 mirantur,
778 1999 862 2048 mox
887 1977 1045 2064 irrident,
1067 1990 1103 2050 et
1122 1979 1245 2051 iniecta

172 2123 275 2172 manu
295 2101 503 2196 protrahunt
520 2122 591 2193 quo
611 2101 716 2184 nolis,
742 2111 780 2172 ut
801 2101 859 2194 qui
880 2111 1030 2177 mutatos
1047 2101 1190 2172 affectus
1209 2110 1246 2175 et

171 2223 365 2316 proximam
387 2233 613 2306 senectutem,
640 2243 745 2315 quarn
771 2223 806 2293 in
832 2245 871 2294 se
896 2223 1105 2296 iuvenilibus
1130 2224 1245 2300 adbuc

171 2346 295 2416 animis
308 2368 376 2418 non
389 2344 585 2430 advertunt,
599 2344 706 2416 necin
719 2345 906 2417 coaetaneis
920 2347 1147 2439 suspicantur.
1162 2349 1246 2421 Pro-

172 2477 346 2539 curatores
365 2478 401 2538 et
421 2467 469 2538 rei
494 2467 695 2540 domesticae
712 2467 859 2540 ministri
871 2467 1008 2540 damnis
1022 2469 1101 2541 hinc
1114 2470 1245 2541 instan-

172 2588 263 2659 tibus
283 2588 545 2671 accurrendum,
568 2587 648 2659 hinc
668 2589 852 2682 praeteritis
874 2590 1145 2661 succurrendum
1162 2610 1245 2662 con-

169 2715 297 2783 sulunt.
316 2712 513 2806 ingererem
535 2711 618 2785 illud
638 2709 872 2806 Anaxagorae:
896 2711 974 2782 Non
992 2736 1091 2783 essem
1109 2736 1165 2806 epo
1177 2715 1244 2783 sol-

167 2858 242 2918 vus,
269 2837 337 2905 oiri
360 2837 423 2906 istc
444 2835 634 2928 periisseot;
658 2843 718 2905 ant
739 2835 977 2907 simulatorem
1000 2846 1061 2906 aut
1082 2838 1243 2907 insanum

170 2967 300 3050 putant.
321 2955 429 3028 Amici
455 2957 578 3050 partim
604 2957 755 3028 residem
783 2957 965 3027 sollicitant
990 2967 1025 3026 et
1049 2956 1140 3026 mille
1166 2957 1243 3030 vias

170 3078 363 3151 ambitionis
376 3089 479 3173 atque
493 3079 649 3150 avaritiae
669 3078 869 3150 ostendunt:
888 3079 1055 3150 utendum
1076 3089 1240 3172 tempore,

168 3216 204 3274 et
222 3202 437 3275 occasionem
462 3204 609 3274 lortnnae
633 3202 779 3296 impigre
804 3199 1014 3294 rapiendam.
1042 3202 1241 3275 Testantem

168 3347 314 3419 superos
331 3325 432 3397 bonis
452 3326 599 3421 propriis
620 3335 817 3397 contentum
838 3345 930 3410 esse,
952 3345 1034 3420 pars
1055 3325 1241 3399 vecordem

166 3449 333 3541 nihilique
359 3448 534 3521 bominem
558 3448 701 3535 fastidit,
728 3470 808 3542 pars
838 3448 949 3519 fronte
978 3448 1160 3520 consilium
1184 3471 1240 3523 oe

165 3575 296 3643 cultare
316 3573 456 3664 nequis
477 3571 542 3643 sibi
563 3582 682 3665 pectus
703 3571 907 3643 monstranti
925 3582 1084 3664 quaestus
1108 3583 1242 3666 partem

168 3693 303 3787 eripiat,
326 3695 548 3767 arbitrantur.
571 3694 663 3778 Quid
684 3694 873 3767 maioribus
896 3694 1031 3778 insisto,
1049 3717 1128 3766 cum
1142 3697 1244 3768 mini-

168 3837 302 3887 morum
335 3817 526 3909 indignatio
550 3840 619 3889 non
644 3818 758 3889 desit‘l
784 3818 914 3891 Sartori
952 3819 1132 3912 sutorique
1164 3841 1242 3893 meo

167 3938 380 4031 persuadere
399 3962 468 4011 non
488 3962 630 4034 possum
653 3940 731 4012 ullis
753 3942 896 4026 artibus,
916 3963 970 4011 me
997 3942 1166 4015 laxiorem
1179 3964 1243 4014 ve-

167 4071 311 4135 sternet
330 4064 484 4134 calceum
511 4064 600 4134 velle
626 4086 731 4156 quarn
753 4066 857 4137 soleo.
880 4065 1007 4134 Putant
1031 4087 1087 4135 me
1112 4063 1242 4156 fingere

164 4184 347 4257 modestiae
378 4207 535 4272 causam,
568 4195 604 4259 et
635 4210 715 4259 curn
749 4189 855 4257 multa
887 4186 1140 4280 promiserunt,
1172 4210 1241 4259 non

163 4308 320 4402 petitioni
340 4329 441 4388 meas,
461 4308 525 4380 sed
545 4309 694 4402 opinioni
716 4329 791 4380 suae
816 4309 1067 4403 obsequuntur.
1094 4312 1149 4383 Sic
1172 4311 1240 4383 iam

163 4452 269 4503 senes
289 4430 553 4504 adolescentum
574 4431 674 4503 malis
699 4432 903 4526 premimur;
925 4434 1150 4526 versantique
1168 4430 1242 4503 ani-

161 4576 222 4627 mo
238 4553 324 4648 quid
345 4555 402 4627 bic
421 4555 567 4629 remedii
586 4574 667 4627 esse
688 4553 807 4649 possit,
835 4579 903 4630 una
928 4566 1060 4629 tantum
1082 4555 1128 4629 ad
1148 4555 1242 4628 salu-
