<?xml version="1.0" encoding="UTF-8"?>
<!DOCTYPE html PUBLIC "-//W3C//DTD XHTML 1.0 Transitional//EN"
    "http://www.w3.org/TR/xhtml1/DTD/xhtml1-transitional.dtd">
<html xmlns="http://www.w3.org/1999/xhtml" xml:lang="en" lang="en">
 <head>
  <title>
</title>
<meta http-equiv="Content-Type" content="text/html;charset=utf-8" />
  <meta name='ocr-system' content='tesseract 3.04.00' />
  <meta name='ocr-capabilities' content='ocr_page ocr_carea ocr_par ocr_line ocrx_word'/>
</head>
<body>
  <div class='ocr_page' id='page_1' title='image "./epistolaederebu02fracgoog_0355.png"; bbox 0 0 2738 5062; ppageno 0'>
   <div class='ocr_carea' id='block_1_1' title="bbox 190 590 935 656">
    <p class='ocr_par' dir='ltr' id='par_1_1' title="bbox 190 590 935 656">
     <span class='ocr_line' id='line_1_1' title="bbox 190 590 935 656; baseline -0.013 0"><span class='ocrx_word' id='word_1_1' title='bbox 190 590 250 656; x_wconf 81' lang='lat' dir='ltr'><strong>sto</strong></span> <span class='ocrx_word' id='word_1_2' title='bbox 529 601 570 649; x_wconf 78' lang='lat' dir='ltr'><strong>os</strong></span> <span class='ocrx_word' id='word_1_3' title='bbox 591 600 693 648; x_wconf 82' lang='lat' dir='ltr'><strong>nasus</strong></span> <span class='ocrx_word' id='word_1_4' title='bbox 714 598 935 647; x_wconf 81' lang='lat' dir='ltr'><strong>raurmamaus</strong></span> 
     </span>
    </p>
   </div>
   <div class='ocr_carea' id='block_1_2' title="bbox 77 731 1290 4509">
    <p class='ocr_par' dir='ltr' id='par_1_2' title="bbox 77 731 1290 4509">
     <span class='ocr_line' id='line_1_2' title="bbox 193 731 1289 828; baseline 0 -18"><span class='ocrx_word' id='word_1_5' title='bbox 193 762 266 812; x_wconf 92' lang='lat' dir='ltr'><strong>rum</strong></span> <span class='ocrx_word' id='word_1_6' title='bbox 286 737 321 810; x_wconf 95' lang='lat' dir='ltr'><strong>id</strong></span> <span class='ocrx_word' id='word_1_7' title='bbox 335 757 402 807; x_wconf 89' lang='lat' dir='ltr'><strong>non</strong></span> <span class='ocrx_word' id='word_1_8' title='bbox 419 734 482 806; x_wconf 85' lang='lat' dir='ltr'><strong>Dei</strong></span> <span class='ocrx_word' id='word_1_9' title='bbox 499 734 618 807; x_wconf 91' lang='lat' dir='ltr'><strong>odium</strong></span> <span class='ocrx_word' id='word_1_10' title='bbox 636 735 727 806; x_wconf 90' lang='lat' dir='ltr'><strong>dicet</strong></span> <span class='ocrx_word' id='word_1_11' title='bbox 743 733 882 828; x_wconf 91' lang='lat' dir='ltr'><strong>aliquis,</strong></span> <span class='ocrx_word' id='word_1_12' title='bbox 899 733 963 805; x_wconf 87' lang='lat' dir='ltr'><strong>sed</strong></span> <span class='ocrx_word' id='word_1_13' title='bbox 976 735 1078 827; x_wconf 86' lang='lat' dir='ltr'><strong>culpa</strong></span> <span class='ocrx_word' id='word_1_14' title='bbox 1093 731 1289 809; x_wconf 89' lang='lat' dir='ltr'><strong>bominum</strong></span> 
     </span>
     <span class='ocr_line' id='line_1_3' title="bbox 191 857 1286 951; baseline -0.003 -19"><span class='ocrx_word' id='word_1_15' title='bbox 191 864 264 934; x_wconf 88' lang='lat' dir='ltr'><strong>luit.</strong></span> <span class='ocrx_word' id='word_1_16' title='bbox 286 858 440 942; x_wconf 78' lang='lat' dir='ltr'><strong>Quartus</strong></span> <span class='ocrx_word' id='word_1_17' title='bbox 460 879 572 929; x_wconf 88' lang='lat' dir='ltr'><strong>annus</strong></span> <span class='ocrx_word' id='word_1_18' title='bbox 593 857 710 950; x_wconf 80' lang='lat' dir='ltr'><strong>agitur</strong></span> <span class='ocrx_word' id='word_1_19' title='bbox 730 880 775 928; x_wconf 84' lang='lat' dir='ltr'><strong>ex</strong></span> <span class='ocrx_word' id='word_1_20' title='bbox 798 877 867 951; x_wconf 92' lang='lat' dir='ltr'><strong>quo</strong></span> <span class='ocrx_word' id='word_1_21' title='bbox 889 863 1087 927; x_wconf 79' lang='lat' dir='ltr'><strong>terraemotu</strong></span> <span class='ocrx_word' id='word_1_22' title='bbox 1106 857 1286 945; x_wconf 77' lang='lat' dir='ltr'><strong>terribili,</strong></span> 
     </span>
     <span class='ocr_line' id='line_1_4' title="bbox 190 978 1288 1077; baseline -0.002 -22"><span class='ocrx_word' id='word_1_23' title='bbox 190 995 225 1054; x_wconf 86' lang='lat' dir='ltr'><strong>et</strong></span> <span class='ocrx_word' id='word_1_24' title='bbox 245 981 388 1077; x_wconf 87' lang='lat' dir='ltr'><strong>apostoli</strong></span> <span class='ocrx_word' id='word_1_25' title='bbox 410 980 506 1051; x_wconf 88' lang='lat' dir='ltr'><strong>Pauli</strong></span> <span class='ocrx_word' id='word_1_26' title='bbox 528 980 692 1074; x_wconf 89' lang='lat' dir='ltr'><strong>templum</strong></span> <span class='ocrx_word' id='word_1_27' title='bbox 711 1001 800 1072; x_wconf 88' lang='lat' dir='ltr'><strong>pene</strong></span> <span class='ocrx_word' id='word_1_28' title='bbox 817 978 974 1051; x_wconf 79' lang='lat' dir='ltr'><strong>funditus</strong></span> <span class='ocrx_word' id='word_1_29' title='bbox 995 978 1081 1062; x_wconf 88' lang='lat' dir='ltr'><strong>ruit,</strong></span> <span class='ocrx_word' id='word_1_30' title='bbox 1103 986 1141 1052; x_wconf 90' lang='lat' dir='ltr'><strong>et</strong></span> <span class='ocrx_word' id='word_1_31' title='bbox 1161 981 1288 1075; x_wconf 77' lang='lat' dir='ltr'><strong>Virgi-</strong></span> 
     </span>
     <span class='ocr_line' id='line_1_5' title="bbox 192 1101 1284 1195; baseline 0.002 -20"><span class='ocrx_word' id='word_1_32' title='bbox 192 1107 246 1177; x_wconf 89' lang='lat' dir='ltr'><strong>nis</strong></span> <span class='ocrx_word' id='word_1_33' title='bbox 266 1106 392 1178; x_wconf 91' lang='lat' dir='ltr'><strong>domus</strong></span> <span class='ocrx_word' id='word_1_34' title='bbox 415 1123 578 1195; x_wconf 90' lang='lat' dir='ltr'><strong>supremo</strong></span> <span class='ocrx_word' id='word_1_35' title='bbox 598 1103 684 1172; x_wconf 89' lang='lat' dir='ltr'><strong>colle</strong></span> <span class='ocrx_word' id='word_1_36' title='bbox 705 1101 901 1173; x_wconf 67' lang='lat' dir='ltr'><strong>consistens</strong></span> <span class='ocrx_word' id='word_1_37' title='bbox 923 1101 1077 1193; x_wconf 80' lang='lat' dir='ltr'><strong>graviter</strong></span> <span class='ocrx_word' id='word_1_38' title='bbox 1101 1122 1284 1177; x_wconf 79' lang='lat' dir='ltr'><strong>concussa</strong></span> 
     </span>
     <span class='ocr_line' id='line_1_6' title="bbox 193 1224 1282 1317; baseline 0.003 -20"><span class='ocrx_word' id='word_1_39' title='bbox 193 1236 257 1297; x_wconf 92' lang='lat' dir='ltr'><strong>est.</strong></span> <span class='ocrx_word' id='word_1_40' title='bbox 277 1225 351 1295; x_wconf 91' lang='lat' dir='ltr'><strong>Nisi</strong></span> <span class='ocrx_word' id='word_1_41' title='bbox 368 1226 455 1294; x_wconf 90' lang='lat' dir='ltr'><strong>lorte</strong></span> <span class='ocrx_word' id='word_1_42' title='bbox 476 1224 568 1295; x_wconf 88' lang='lat' dir='ltr'><strong>dicat</strong></span> <span class='ocrx_word' id='word_1_43' title='bbox 587 1224 760 1317; x_wconf 85' lang='lat' dir='ltr'><strong>quispiam</strong></span> <span class='ocrx_word' id='word_1_44' title='bbox 782 1244 851 1294; x_wconf 93' lang='lat' dir='ltr'><strong>non</strong></span> <span class='ocrx_word' id='word_1_45' title='bbox 874 1234 943 1294; x_wconf 94' lang='lat' dir='ltr'><strong>tam</strong></span> <span class='ocrx_word' id='word_1_46' title='bbox 964 1226 1095 1296; x_wconf 88' lang='lat' dir='ltr'><strong>clarum</strong></span> <span class='ocrx_word' id='word_1_47' title='bbox 1116 1228 1282 1300; x_wconf 78' lang='lat' dir='ltr'><strong>scelestis</strong></span> 
     </span>
     <span class='ocr_line' id='line_1_7' title="bbox 193 1345 1281 1439; baseline 0.002 -22"><span class='ocrx_word' id='word_1_48' title='bbox 193 1345 382 1420; x_wconf 84' lang='lat' dir='ltr'><strong>iracundiae</strong></span> <span class='ocrx_word' id='word_1_49' title='bbox 416 1346 580 1419; x_wconf 91' lang='lat' dir='ltr'><strong>indicium</strong></span> <span class='ocrx_word' id='word_1_50' title='bbox 614 1356 851 1417; x_wconf 88' lang='lat' dir='ltr'><strong>terraemotum</strong></span> <span class='ocrx_word' id='word_1_51' title='bbox 885 1367 1100 1439; x_wconf 89' lang='lat' dir='ltr'><strong>essequam</strong></span> <span class='ocrx_word' id='word_1_52' title='bbox 1134 1347 1281 1422; x_wconf 81' lang='lat' dir='ltr'><strong>tulmen.</strong></span> 
     </span>
     <span class='ocr_line' id='line_1_8' title="bbox 194 1468 1282 1562; baseline 0 -21"><span class='ocrx_word' id='word_1_53' title='bbox 194 1472 284 1543; x_wconf 83' lang='lat' dir='ltr'><strong>Ecce</strong></span> <span class='ocrx_word' id='word_1_54' title='bbox 304 1478 421 1543; x_wconf 91' lang='lat' dir='ltr'><strong>autem</strong></span> <span class='ocrx_word' id='word_1_55' title='bbox 443 1489 600 1562; x_wconf 80' lang='lat' dir='ltr'><strong>praesens</strong></span> <span class='ocrx_word' id='word_1_56' title='bbox 622 1488 736 1538; x_wconf 91' lang='lat' dir='ltr'><strong>annus</strong></span> <span class='ocrx_word' id='word_1_57' title='bbox 759 1468 881 1538; x_wconf 90' lang='lat' dir='ltr'><strong>turrim</strong></span> <span class='ocrx_word' id='word_1_58' title='bbox 903 1469 995 1538; x_wconf 91' lang='lat' dir='ltr'><strong>illam</strong></span> <span class='ocrx_word' id='word_1_59' title='bbox 1016 1468 1107 1539; x_wconf 88' lang='lat' dir='ltr'><strong>Petri</strong></span> <span class='ocrx_word' id='word_1_60' title='bbox 1128 1470 1282 1562; x_wconf 88' lang='lat' dir='ltr'><strong>apostoli</strong></span> 
     </span>
     <span class='ocr_line' id='line_1_9' title="bbox 196 1590 1282 1686; baseline 0.005 -23"><span class='ocrx_word' id='word_1_61' title='bbox 196 1594 242 1666; x_wconf 89' lang='lat' dir='ltr'><strong>ita</strong></span> <span class='ocrx_word' id='word_1_62' title='bbox 262 1596 404 1666; x_wconf 79' lang='lat' dir='ltr'><strong>fulmine</strong></span> <span class='ocrx_word' id='word_1_63' title='bbox 424 1591 694 1683; x_wconf 82' lang='lat' dir='ltr'><strong>conflagrantem</strong></span> <span class='ocrx_word' id='word_1_64' title='bbox 717 1601 822 1682; x_wconf 90' lang='lat' dir='ltr'><strong>atque</strong></span> <span class='ocrx_word' id='word_1_65' title='bbox 838 1591 1024 1686; x_wconf 88' lang='lat' dir='ltr'><strong>collapsam</strong></span> <span class='ocrx_word' id='word_1_66' title='bbox 1045 1590 1145 1676; x_wconf 86' lang='lat' dir='ltr'><strong>vidit,</strong></span> <span class='ocrx_word' id='word_1_67' title='bbox 1166 1591 1282 1667; x_wconf 86' lang='lat' dir='ltr'><strong>incre·</strong></span> 
     </span>
     <span class='ocr_line' id='line_1_10' title="bbox 195 1711 1281 1809; baseline -0.002 -21"><span class='ocrx_word' id='word_1_68' title='bbox 195 1714 299 1788; x_wconf 80' lang='lat' dir='ltr'><strong>dibile</strong></span> <span class='ocrx_word' id='word_1_69' title='bbox 332 1714 471 1809; x_wconf 86' lang='lat' dir='ltr'><strong>quidem</strong></span> <span class='ocrx_word' id='word_1_70' title='bbox 505 1714 613 1795; x_wconf 90' lang='lat' dir='ltr'><strong>dictu,</strong></span> <span class='ocrx_word' id='word_1_71' title='bbox 648 1722 687 1783; x_wconf 92' lang='lat' dir='ltr'><strong>ut</strong></span> <span class='ocrx_word' id='word_1_72' title='bbox 718 1711 780 1783; x_wconf 83' lang='lat' dir='ltr'><strong>vix</strong></span> <span class='ocrx_word' id='word_1_73' title='bbox 814 1711 897 1783; x_wconf 88' lang='lat' dir='ltr'><strong>tanti</strong></span> <span class='ocrx_word' id='word_1_74' title='bbox 930 1711 1067 1783; x_wconf 84' lang='lat' dir='ltr'><strong>aedilicii</strong></span> <span class='ocrx_word' id='word_1_75' title='bbox 1087 1712 1281 1805; x_wconf 79' lang='lat' dir='ltr'><strong>vestigium</strong></span> 
     </span>
     <span class='ocr_line' id='line_1_11' title="bbox 77 1833 1280 1931; baseline -0.001 -22"><span class='ocrx_word' id='word_1_76' title='bbox 77 1874 86 1887; x_wconf 47' lang='grc' dir='ltr'><strong><em>ι</em></strong></span> <span class='ocrx_word' id='word_1_77' title='bbox 195 1850 304 1921; x_wconf 86' lang='lat' dir='ltr'><strong>extet,</strong></span> <span class='ocrx_word' id='word_1_78' title='bbox 328 1838 519 1931; x_wconf 87' lang='lat' dir='ltr'><strong>turrimque</strong></span> <span class='ocrx_word' id='word_1_79' title='bbox 547 1835 593 1906; x_wconf 90' lang='lat' dir='ltr'><strong>ibi</strong></span> <span class='ocrx_word' id='word_1_80' title='bbox 618 1835 728 1906; x_wconf 91' lang='lat' dir='ltr'><strong>luisse</strong></span> <span class='ocrx_word' id='word_1_81' title='bbox 755 1833 817 1904; x_wconf 84' lang='lat' dir='ltr'><strong>vix</strong></span> <span class='ocrx_word' id='word_1_82' title='bbox 842 1843 941 1927; x_wconf 92' lang='lat' dir='ltr'><strong>putet</strong></span> <span class='ocrx_word' id='word_1_83' title='bbox 960 1833 1025 1906; x_wconf 90' lang='lat' dir='ltr'><strong>nisi</strong></span> <span class='ocrx_word' id='word_1_84' title='bbox 1051 1834 1111 1929; x_wconf 92' lang='lat' dir='ltr'><strong>qui</strong></span> <span class='ocrx_word' id='word_1_85' title='bbox 1139 1833 1280 1909; x_wconf 88' lang='lat' dir='ltr'><strong>viderit.</strong></span> 
     </span>
     <span class='ocr_line' id='line_1_12' title="bbox 196 1956 1280 2052; baseline 0 -21"><span class='ocrx_word' id='word_1_86' title='bbox 196 1959 416 2044; x_wconf 83' lang='lat' dir='ltr'><strong>Quinetiam,</strong></span> <span class='ocrx_word' id='word_1_87' title='bbox 431 1959 524 2052; x_wconf 93' lang='lat' dir='ltr'><strong>quod</strong></span> <span class='ocrx_word' id='word_1_88' title='bbox 546 1958 579 2028; x_wconf 91' lang='lat' dir='ltr'><strong>in</strong></span> <span class='ocrx_word' id='word_1_89' title='bbox 601 1967 778 2049; x_wconf 83' lang='lat' dir='ltr'><strong>stuporem</strong></span> <span class='ocrx_word' id='word_1_90' title='bbox 801 1956 1072 2051; x_wconf 77' lang='lat' dir='ltr'><strong>religionemque</strong></span> <span class='ocrx_word' id='word_1_91' title='bbox 1090 1958 1280 2031; x_wconf 91' lang='lat' dir='ltr'><strong>multorum</strong></span> 
     </span>
     <span class='ocr_line' id='line_1_13' title="bbox 196 2077 1281 2176; baseline 0.002 -27"><span class='ocrx_word' id='word_1_92' title='bbox 196 2081 314 2162; x_wconf 87' lang='lat' dir='ltr'><strong>vertit,</strong></span> <span class='ocrx_word' id='word_1_93' title='bbox 336 2102 503 2170; x_wconf 88' lang='lat' dir='ltr'><strong>campana</strong></span> <span class='ocrx_word' id='word_1_94' title='bbox 525 2080 579 2150; x_wconf 86' lang='lat' dir='ltr'><strong>illa</strong></span> <span class='ocrx_word' id='word_1_95' title='bbox 599 2077 807 2171; x_wconf 89' lang='lat' dir='ltr'><strong>percelebris</strong></span> <span class='ocrx_word' id='word_1_96' title='bbox 825 2079 989 2151; x_wconf 90' lang='lat' dir='ltr'><strong>Bonilacii</strong></span> <span class='ocrx_word' id='word_1_97' title='bbox 1006 2079 1128 2152; x_wconf 91' lang='lat' dir='ltr'><strong>Octavi</strong></span> <span class='ocrx_word' id='word_1_98' title='bbox 1141 2102 1233 2176; x_wconf 88' lang='lat' dir='ltr'><strong>opus</strong></span> <span class='ocrx_word' id='word_1_99' title='bbox 1244 2092 1281 2153; x_wconf 90' lang='lat' dir='ltr'><strong>et</strong></span> 
     </span>
     <span class='ocr_line' id='line_1_14' title="bbox 197 2199 1279 2304; baseline 0.005 -35"><span class='ocrx_word' id='word_1_100' title='bbox 197 2221 334 2280; x_wconf 89' lang='lat' dir='ltr'><strong>nomen,</strong></span> <span class='ocrx_word' id='word_1_101' title='bbox 371 2199 417 2268; x_wconf 88' lang='lat' dir='ltr'><strong>ita</strong></span> <span class='ocrx_word' id='word_1_102' title='bbox 451 2200 631 2291; x_wconf 77' lang='lat' dir='ltr'><strong>liquefacta</strong></span> <span class='ocrx_word' id='word_1_103' title='bbox 661 2200 801 2285; x_wconf 87' lang='lat' dir='ltr'><strong>dicitur,</strong></span> <span class='ocrx_word' id='word_1_104' title='bbox 825 2213 863 2273; x_wconf 93' lang='lat' dir='ltr'><strong>ut</strong></span> <span class='ocrx_word' id='word_1_105' title='bbox 888 2224 931 2273; x_wconf 89' lang='lat' dir='ltr'><strong>ne</strong></span> <span class='ocrx_word' id='word_1_106' title='bbox 957 2201 1112 2304; x_wconf 82' lang='lat' dir='ltr'><strong>reliquiae</strong></span> <span class='ocrx_word' id='word_1_107' title='bbox 1136 2202 1279 2297; x_wconf 91' lang='lat' dir='ltr'><strong>quidem</strong></span> 
     </span>
     <span class='ocr_line' id='line_1_15' title="bbox 198 2320 1280 2419; baseline 0.004 -26"><span class='ocrx_word' id='word_1_108' title='bbox 198 2320 444 2415; x_wconf 81' lang='lat' dir='ltr'><strong>superfuerint.</strong></span> <span class='ocrx_word' id='word_1_109' title='bbox 467 2320 576 2401; x_wconf 89' lang='lat' dir='ltr'><strong>Quem</strong></span> <span class='ocrx_word' id='word_1_110' title='bbox 600 2322 756 2392; x_wconf 92' lang='lat' dir='ltr'><strong>ultimum</strong></span> <span class='ocrx_word' id='word_1_111' title='bbox 778 2345 900 2395; x_wconf 90' lang='lat' dir='ltr'><strong>casum</strong></span> <span class='ocrx_word' id='word_1_112' title='bbox 920 2345 989 2394; x_wconf 90' lang='lat' dir='ltr'><strong>uon</strong></span> <span class='ocrx_word' id='word_1_113' title='bbox 1008 2335 1045 2394; x_wconf 94' lang='lat' dir='ltr'><strong>ut</strong></span> <span class='ocrx_word' id='word_1_114' title='bbox 1061 2326 1163 2419; x_wconf 89' lang='lat' dir='ltr'><strong>plane</strong></span> <span class='ocrx_word' id='word_1_115' title='bbox 1182 2347 1280 2397; x_wconf 86' lang='lat' dir='ltr'><strong>eom·</strong></span> 
     </span>
     <span class='ocr_line' id='line_1_16' title="bbox 199 2442 1281 2538; baseline 0.006 -23"><span class='ocrx_word' id='word_1_116' title='bbox 199 2454 334 2537; x_wconf 89' lang='lat' dir='ltr'><strong>pertum</strong></span> <span class='ocrx_word' id='word_1_117' title='bbox 353 2443 522 2534; x_wconf 77' lang='lat' dir='ltr'><strong>ignoranti</strong></span> <span class='ocrx_word' id='word_1_118' title='bbox 541 2442 655 2513; x_wconf 88' lang='lat' dir='ltr'><strong>sciens</strong></span> <span class='ocrx_word' id='word_1_119' title='bbox 674 2464 791 2526; x_wconf 80' lang='lat' dir='ltr'><strong>narro,</strong></span> <span class='ocrx_word' id='word_1_120' title='bbox 812 2444 873 2515; x_wconf 90' lang='lat' dir='ltr'><strong>scd</strong></span> <span class='ocrx_word' id='word_1_121' title='bbox 893 2455 931 2517; x_wconf 94' lang='lat' dir='ltr'><strong>ut</strong></span> <span class='ocrx_word' id='word_1_122' title='bbox 948 2447 1092 2538; x_wconf 78' lang='lat' dir='ltr'><strong>ignarus</strong></span> <span class='ocrx_word' id='word_1_123' title='bbox 1109 2469 1128 2518; x_wconf 93' lang='lat' dir='ltr'><strong>a</strong></span> <span class='ocrx_word' id='word_1_124' title='bbox 1147 2448 1281 2521; x_wconf 85' lang='lat' dir='ltr'><strong>sciente</strong></span> 
     </span>
     <span class='ocr_line' id='line_1_17' title="bbox 198 2565 1279 2663; baseline 0.004 -26"><span class='ocrx_word' id='word_1_125' title='bbox 198 2575 389 2663; x_wconf 85' lang='lat' dir='ltr'><strong>percontor.</strong></span> <span class='ocrx_word' id='word_1_126' title='bbox 412 2565 482 2636; x_wconf 91' lang='lat' dir='ltr'><strong>Nos</strong></span> <span class='ocrx_word' id='word_1_127' title='bbox 506 2565 598 2635; x_wconf 93' lang='lat' dir='ltr'><strong>euim</strong></span> <span class='ocrx_word' id='word_1_128' title='bbox 626 2568 727 2637; x_wconf 85' lang='lat' dir='ltr'><strong>lamae</strong></span> <span class='ocrx_word' id='word_1_129' title='bbox 746 2565 957 2638; x_wconf 84' lang='lat' dir='ltr'><strong>credidimus</strong></span> <span class='ocrx_word' id='word_1_130' title='bbox 983 2588 1064 2660; x_wconf 88' lang='lat' dir='ltr'><strong>quae</strong></span> <span class='ocrx_word' id='word_1_131' title='bbox 1091 2579 1126 2640; x_wconf 92' lang='lat' dir='ltr'><strong>tu</strong></span> <span class='ocrx_word' id='word_1_132' title='bbox 1151 2572 1279 2643; x_wconf 88' lang='lat' dir='ltr'><strong>cernis.</strong></span> 
     </span>
     <span class='ocr_line' id='line_1_18' title="bbox 199 2687 1282 2785; baseline 0.005 -25"><span class='ocrx_word' id='word_1_133' title='bbox 199 2690 275 2782; x_wconf 78' lang='lat' dir='ltr'><strong>Ego</strong></span> <span class='ocrx_word' id='word_1_134' title='bbox 295 2698 374 2784; x_wconf 89' lang='lat' dir='ltr'><strong>post</strong></span> <span class='ocrx_word' id='word_1_135' title='bbox 394 2687 575 2761; x_wconf 88' lang='lat' dir='ltr'><strong>lubilaeum</strong></span> <span class='ocrx_word' id='word_1_136' title='bbox 601 2712 729 2762; x_wconf 90' lang='lat' dir='ltr'><strong>anuum</strong></span> <span class='ocrx_word' id='word_1_137' title='bbox 764 2688 883 2760; x_wconf 85' lang='lat' dir='ltr'><strong>Romae</strong></span> <span class='ocrx_word' id='word_1_138' title='bbox 915 2711 984 2760; x_wconf 91' lang='lat' dir='ltr'><strong>non</strong></span> <span class='ocrx_word' id='word_1_139' title='bbox 1018 2691 1080 2774; x_wconf 88' lang='lat' dir='ltr'><strong>lui,</strong></span> <span class='ocrx_word' id='word_1_140' title='bbox 1103 2690 1163 2785; x_wconf 91' lang='lat' dir='ltr'><strong>qui</strong></span> <span class='ocrx_word' id='word_1_141' title='bbox 1188 2715 1282 2766; x_wconf 90' lang='lat' dir='ltr'><strong>nunc</strong></span> 
     </span>
     <span class='ocr_line' id='line_1_19' title="bbox 199 2812 1283 2905; baseline 0.006 -22"><span class='ocrx_word' id='word_1_142' title='bbox 199 2812 322 2883; x_wconf 91' lang='lat' dir='ltr'><strong>tertius</strong></span> <span class='ocrx_word' id='word_1_143' title='bbox 349 2819 442 2882; x_wconf 92' lang='lat' dir='ltr'><strong>retro</strong></span> <span class='ocrx_word' id='word_1_144' title='bbox 467 2822 531 2883; x_wconf 89' lang='lat' dir='ltr'><strong>cst.</strong></span> <span class='ocrx_word' id='word_1_145' title='bbox 558 2812 626 2884; x_wconf 90' lang='lat' dir='ltr'><strong>Sed</strong></span> <span class='ocrx_word' id='word_1_146' title='bbox 652 2812 682 2882; x_wconf 89' lang='lat' dir='ltr'><strong>si</strong></span> <span class='ocrx_word' id='word_1_147' title='bbox 707 2834 831 2885; x_wconf 83' lang='lat' dir='ltr'><strong>verum</strong></span> <span class='ocrx_word' id='word_1_148' title='bbox 864 2822 919 2884; x_wconf 91' lang='lat' dir='ltr'><strong>est</strong></span> <span class='ocrx_word' id='word_1_149' title='bbox 952 2812 1046 2905; x_wconf 94' lang='lat' dir='ltr'><strong>quod</strong></span> <span class='ocrx_word' id='word_1_150' title='bbox 1079 2814 1123 2887; x_wconf 90' lang='lat' dir='ltr'><strong>de</strong></span> <span class='ocrx_word' id='word_1_151' title='bbox 1156 2814 1224 2886; x_wconf 89' lang='lat' dir='ltr'><strong>hac</strong></span> <span class='ocrx_word' id='word_1_152' title='bbox 1244 2840 1283 2889; x_wconf 82' lang='lat' dir='ltr'><strong>m</strong></span> 
     </span>
     <span class='ocr_line' id='line_1_20' title="bbox 199 2933 1283 3028; baseline 0.001 -20"><span class='ocrx_word' id='word_1_153' title='bbox 199 2933 354 3008; x_wconf 89' lang='lat' dir='ltr'><strong>omnium</strong></span> <span class='ocrx_word' id='word_1_154' title='bbox 368 2935 477 3003; x_wconf 83' lang='lat' dir='ltr'><strong>Roma</strong></span> <span class='ocrx_word' id='word_1_155' title='bbox 491 2934 703 3006; x_wconf 88' lang='lat' dir='ltr'><strong>venientium</strong></span> <span class='ocrx_word' id='word_1_156' title='bbox 725 2957 794 3007; x_wconf 86' lang='lat' dir='ltr'><strong>uua</strong></span> <span class='ocrx_word' id='word_1_157' title='bbox 813 2956 884 3005; x_wconf 82' lang='lat' dir='ltr'><strong>vox</strong></span> <span class='ocrx_word' id='word_1_158' title='bbox 906 2935 1168 3028; x_wconf 84' lang='lat' dir='ltr'><strong>loquitur,·quae</strong></span> <span class='ocrx_word' id='word_1_159' title='bbox 1186 2958 1283 3009; x_wconf 87' lang='lat' dir='ltr'><strong>meu-</strong></span> 
     </span>
     <span class='ocr_line' id='line_1_21' title="bbox 202 3055 1284 3152; baseline 0.002 -25"><span class='ocrx_word' id='word_1_160' title='bbox 202 3058 255 3129; x_wconf 89' lang='lat' dir='ltr'><strong>tiri</strong></span> <span class='ocrx_word' id='word_1_161' title='bbox 277 3079 345 3129; x_wconf 92' lang='lat' dir='ltr'><strong>non</strong></span> <span class='ocrx_word' id='word_1_162' title='bbox 367 3057 466 3138; x_wconf 88' lang='lat' dir='ltr'><strong>solet,</strong></span> <span class='ocrx_word' id='word_1_163' title='bbox 489 3066 582 3127; x_wconf 90' lang='lat' dir='ltr'><strong>certe</strong></span> <span class='ocrx_word' id='word_1_164' title='bbox 614 3079 793 3148; x_wconf 90' lang='lat' dir='ltr'><strong>nunquam</strong></span> <span class='ocrx_word' id='word_1_165' title='bbox 826 3077 929 3152; x_wconf 92' lang='lat' dir='ltr'><strong>rupes</strong></span> <span class='ocrx_word' id='word_1_166' title='bbox 963 3055 1107 3149; x_wconf 86' lang='lat' dir='ltr'><strong>Tarpeia</strong></span> <span class='ocrx_word' id='word_1_167' title='bbox 1129 3060 1197 3129; x_wconf 87' lang='lat' dir='ltr'><strong>tale</strong></span> <span class='ocrx_word' id='word_1_168' title='bbox 1221 3058 1284 3129; x_wconf 87' lang='lat' dir='ltr'><strong>ali-</strong></span> 
     </span>
     <span class='ocr_line' id='line_1_22' title="bbox 200 3176 1283 3276; baseline 0.003 -24"><span class='ocrx_word' id='word_1_169' title='bbox 200 3182 285 3275; x_wconf 89' lang='lat' dir='ltr'><strong>quid</strong></span> <span class='ocrx_word' id='word_1_170' title='bbox 307 3200 411 3276; x_wconf 90' lang='lat' dir='ltr'><strong>passa</strong></span> <span class='ocrx_word' id='word_1_171' title='bbox 432 3188 496 3248; x_wconf 90' lang='lat' dir='ltr'><strong>est.</strong></span> <span class='ocrx_word' id='word_1_172' title='bbox 520 3176 632 3249; x_wconf 89' lang='lat' dir='ltr'><strong>Credo</strong></span> <span class='ocrx_word' id='word_1_173' title='bbox 652 3198 720 3269; x_wconf 81' lang='lat' dir='ltr'><strong>ego</strong></span> <span class='ocrx_word' id='word_1_174' title='bbox 741 3182 848 3250; x_wconf 87' lang='lat' dir='ltr'><strong>Deum</strong></span> <span class='ocrx_word' id='word_1_175' title='bbox 877 3178 959 3249; x_wconf 87' lang='lat' dir='ltr'><strong>nihil</strong></span> <span class='ocrx_word' id='word_1_176' title='bbox 986 3178 1140 3249; x_wconf 91' lang='lat' dir='ltr'><strong>omnium</strong></span> <span class='ocrx_word' id='word_1_177' title='bbox 1162 3179 1283 3255; x_wconf 86' lang='lat' dir='ltr'><strong>odisse</strong></span> 
     </span>
     <span class='ocr_line' id='line_1_23' title="bbox 200 3292 1290 3395; baseline 0.002 -20"><span class='ocrx_word' id='word_1_178' title='bbox 200 3324 281 3395; x_wconf 85' lang='lat' dir='ltr'><strong>quae</strong></span> <span class='ocrx_word' id='word_1_179' title='bbox 306 3301 399 3383; x_wconf 81' lang='lat' dir='ltr'><strong>locit3</strong></span> <span class='ocrx_word' id='word_1_180' title='bbox 428 3300 480 3371; x_wconf 87' lang='lat' dir='ltr'><strong>sin</strong></span> <span class='ocrx_word' id='word_1_181' title='bbox 508 3301 619 3370; x_wconf 89' lang='lat' dir='ltr'><strong>locum</strong></span> <span class='ocrx_word' id='word_1_182' title='bbox 648 3322 753 3371; x_wconf 90' lang='lat' dir='ltr'><strong>uuum</strong></span> <span class='ocrx_word' id='word_1_183' title='bbox 776 3302 884 3373; x_wconf 90' lang='lat' dir='ltr'><strong>altero</strong></span> <span class='ocrx_word' id='word_1_184' title='bbox 905 3303 983 3392; x_wconf 91' lang='lat' dir='ltr'><strong>plus</strong></span> <span class='ocrx_word' id='word_1_185' title='bbox 1004 3309 1110 3388; x_wconf 85' lang='lat' dir='ltr'><strong>amat,</strong></span> <span class='ocrx_word' id='word_1_186' title='bbox 1134 3292 1290 3377; x_wconf 87' lang='lat' dir='ltr'><strong>arbitror</strong></span> 
     </span>
     <span class='ocr_line' id='line_1_24' title="bbox 200 3420 1285 3515; baseline 0.002 -20"><span class='ocrx_word' id='word_1_187' title='bbox 200 3445 279 3495; x_wconf 91' lang='lat' dir='ltr'><strong>eum</strong></span> <span class='ocrx_word' id='word_1_188' title='bbox 302 3424 379 3514; x_wconf 90' lang='lat' dir='ltr'><strong>plus</strong></span> <span class='ocrx_word' id='word_1_189' title='bbox 396 3444 514 3495; x_wconf 87' lang='lat' dir='ltr'><strong>amare</strong></span> <span class='ocrx_word' id='word_1_190' title='bbox 533 3423 592 3496; x_wconf 91' lang='lat' dir='ltr'><strong>ubi</strong></span> <span class='ocrx_word' id='word_1_191' title='bbox 610 3443 648 3494; x_wconf 88' lang='lat' dir='ltr'><strong>se</strong></span> <span class='ocrx_word' id='word_1_192' title='bbox 663 3423 740 3515; x_wconf 92' lang='lat' dir='ltr'><strong>plus</strong></span> <span class='ocrx_word' id='word_1_193' title='bbox 753 3422 861 3493; x_wconf 90' lang='lat' dir='ltr'><strong>amari</strong></span> <span class='ocrx_word' id='word_1_194' title='bbox 880 3422 986 3494; x_wconf 91' lang='lat' dir='ltr'><strong>novit.</strong></span> <span class='ocrx_word' id='word_1_195' title='bbox 1006 3420 1184 3495; x_wconf 88' lang='lat' dir='ltr'><strong>lnterdum</strong></span> <span class='ocrx_word' id='word_1_196' title='bbox 1199 3446 1285 3497; x_wconf 89' lang='lat' dir='ltr'><strong>vero</strong></span> 
     </span>
     <span class='ocr_line' id='line_1_25' title="bbox 202 3520 1287 3639; baseline 0.004 -25"><span class='ocrx_word' id='word_1_197' title='bbox 202 3547 277 3615; x_wconf 89' lang='lat' dir='ltr'><strong>loca</strong></span> <span class='ocrx_word' id='word_1_198' title='bbox 298 3544 517 3615; x_wconf 89' lang='lat' dir='ltr'><strong>sanctissima</strong></span> <span class='ocrx_word' id='word_1_199' title='bbox 546 3545 648 3616; x_wconf 83' lang='lat' dir='ltr'><strong>ferire</strong></span> <span class='ocrx_word' id='word_1_200' title='bbox 681 3553 719 3615; x_wconf 89' lang='lat' dir='ltr'><strong>ut</strong></span> <span class='ocrx_word' id='word_1_201' title='bbox 752 3546 894 3638; x_wconf 89' lang='lat' dir='ltr'><strong>prolana</strong></span> <span class='ocrx_word' id='word_1_202' title='bbox 916 3520 1119 3639; x_wconf 87' lang='lat' dir='ltr'><strong>perterreat.</strong></span> <span class='ocrx_word' id='word_1_203' title='bbox 1140 3543 1287 3619; x_wconf 80' lang='lat' dir='ltr'><strong>Accedit</strong></span> 
     </span>
     <span class='ocr_line' id='line_1_26' title="bbox 203 3665 1285 3764; baseline 0.006 -27"><span class='ocrx_word' id='word_1_204' title='bbox 203 3665 298 3758; x_wconf 91' lang='lat' dir='ltr'><strong>quod</strong></span> <span class='ocrx_word' id='word_1_205' title='bbox 321 3686 386 3736; x_wconf 86' lang='lat' dir='ltr'><strong>nec</strong></span> <span class='ocrx_word' id='word_1_206' title='bbox 409 3684 491 3756; x_wconf 82' lang='lat' dir='ltr'><strong>ego,</strong></span> <span class='ocrx_word' id='word_1_207' title='bbox 526 3676 563 3736; x_wconf 94' lang='lat' dir='ltr'><strong>ut</strong></span> <span class='ocrx_word' id='word_1_208' title='bbox 596 3668 705 3752; x_wconf 85' lang='lat' dir='ltr'><strong>soleo,</strong></span> <span class='ocrx_word' id='word_1_209' title='bbox 729 3666 879 3738; x_wconf 88' lang='lat' dir='ltr'><strong>tonitrua</strong></span> <span class='ocrx_word' id='word_1_210' title='bbox 911 3690 1078 3763; x_wconf 84' lang='lat' dir='ltr'><strong>pavesco,</strong></span> <span class='ocrx_word' id='word_1_211' title='bbox 1102 3669 1180 3741; x_wconf 91' lang='lat' dir='ltr'><strong>sive</strong></span> <span class='ocrx_word' id='word_1_212' title='bbox 1201 3671 1285 3764; x_wconf 91' lang='lat' dir='ltr'><strong>quia</strong></span> 
     </span>
     <span class='ocr_line' id='line_1_27' title="bbox 204 3785 1287 3886; baseline 0.006 -26"><span class='ocrx_word' id='word_1_213' title='bbox 204 3810 274 3880; x_wconf 93' lang='lat' dir='ltr'><strong>quo</strong></span> <span class='ocrx_word' id='word_1_214' title='bbox 293 3786 407 3878; x_wconf 78' lang='lat' dir='ltr'><strong>magis</strong></span> <span class='ocrx_word' id='word_1_215' title='bbox 428 3785 501 3857; x_wconf 81' lang='lat' dir='ltr'><strong>vixi</strong></span> <span class='ocrx_word' id='word_1_216' title='bbox 522 3810 565 3860; x_wconf 91' lang='lat' dir='ltr'><strong>eo</strong></span> <span class='ocrx_word' id='word_1_217' title='bbox 582 3788 696 3860; x_wconf 88' lang='lat' dir='ltr'><strong>minus</strong></span> <span class='ocrx_word' id='word_1_218' title='bbox 714 3788 802 3861; x_wconf 89' lang='lat' dir='ltr'><strong>mori</strong></span> <span class='ocrx_word' id='word_1_219' title='bbox 820 3788 939 3875; x_wconf 89' lang='lat' dir='ltr'><strong>timeo,</strong></span> <span class='ocrx_word' id='word_1_220' title='bbox 959 3791 1035 3864; x_wconf 90' lang='lat' dir='ltr'><strong>sive</strong></span> <span class='ocrx_word' id='word_1_221' title='bbox 1051 3792 1134 3884; x_wconf 88' lang='lat' dir='ltr'><strong>quia</strong></span> <span class='ocrx_word' id='word_1_222' title='bbox 1149 3814 1198 3865; x_wconf 87' lang='lat' dir='ltr'><strong>ex</strong></span> <span class='ocrx_word' id='word_1_223' title='bbox 1215 3814 1287 3886; x_wconf 90' lang='lat' dir='ltr'><strong>quo</strong></span> 
     </span>
     <span class='ocr_line' id='line_1_28' title="bbox 204 3910 1288 4008; baseline 0.006 -25"><span class='ocrx_word' id='word_1_224' title='bbox 204 3910 451 3984; x_wconf 89' lang='lat' dir='ltr'><strong>conscientiam</strong></span> <span class='ocrx_word' id='word_1_225' title='bbox 473 3911 600 3984; x_wconf 90' lang='lat' dir='ltr'><strong>abditis</strong></span> <span class='ocrx_word' id='word_1_226' title='bbox 619 3912 693 3983; x_wconf 91' lang='lat' dir='ltr'><strong>suis</strong></span> <span class='ocrx_word' id='word_1_227' title='bbox 710 3912 811 3985; x_wconf 87' lang='lat' dir='ltr'><strong>malis</strong></span> <span class='ocrx_word' id='word_1_228' title='bbox 829 3936 1022 3986; x_wconf 84' lang='lat' dir='ltr'><strong>exonerare</strong></span> <span class='ocrx_word' id='word_1_229' title='bbox 1041 3915 1145 4008; x_wconf 88' lang='lat' dir='ltr'><strong>coepi,</strong></span> <span class='ocrx_word' id='word_1_230' title='bbox 1167 3925 1288 3989; x_wconf 50' lang='lat' dir='ltr'><strong>exter*</strong></span> 
     </span>
     <span class='ocr_line' id='line_1_29' title="bbox 173 4035 1288 4128; baseline 0.004 -22"><span class='ocrx_word' id='word_1_231' title='bbox 173 4041 178 4050; x_wconf 90' lang='lat'>&#39;</span> <span class='ocrx_word' id='word_1_232' title='bbox 205 4058 269 4107; x_wconf 90' lang='lat' dir='ltr'><strong>nos</strong></span> <span class='ocrx_word' id='word_1_233' title='bbox 290 4037 459 4108; x_wconf 89' lang='lat' dir='ltr'><strong>tumultus</strong></span> <span class='ocrx_word' id='word_1_234' title='bbox 480 4035 661 4128; x_wconf 89' lang='lat' dir='ltr'><strong>minasque</strong></span> <span class='ocrx_word' id='word_1_235' title='bbox 682 4057 750 4107; x_wconf 92' lang='lat' dir='ltr'><strong>non</strong></span> <span class='ocrx_word' id='word_1_236' title='bbox 777 4047 901 4109; x_wconf 91' lang='lat' dir='ltr'><strong>metuo.</strong></span> <span class='ocrx_word' id='word_1_237' title='bbox 924 4039 995 4109; x_wconf 88' lang='lat' dir='ltr'><strong>Nec</strong></span> <span class='ocrx_word' id='word_1_238' title='bbox 1021 4037 1050 4108; x_wconf 91' lang='lat' dir='ltr'><strong>si</strong></span> <span class='ocrx_word' id='word_1_239' title='bbox 1075 4037 1288 4116; x_wconf 83' lang='lat' dir='ltr'><strong>successerit</strong></span> 
     </span>
     <span class='ocr_line' id='line_1_30' title="bbox 204 4156 1286 4254; baseline 0.002 -25"><span class='ocrx_word' id='word_1_240' title='bbox 204 4156 299 4251; x_wconf 92' lang='lat' dir='ltr'><strong>quod</strong></span> <span class='ocrx_word' id='word_1_241' title='bbox 318 4159 433 4251; x_wconf 78' lang='lat' dir='ltr'><strong>cogito</strong></span> <span class='ocrx_word' id='word_1_242' title='bbox 450 4156 632 4254; x_wconf 86' lang='lat' dir='ltr'><strong>Tarpeiam</strong></span> <span class='ocrx_word' id='word_1_243' title='bbox 651 4179 772 4252; x_wconf 90' lang='lat' dir='ltr'><strong>rupem</strong></span> <span class='ocrx_word' id='word_1_244' title='bbox 791 4158 825 4229; x_wconf 93' lang='lat' dir='ltr'><strong>in</strong></span> <span class='ocrx_word' id='word_1_245' title='bbox 842 4183 912 4252; x_wconf 91' lang='lat' dir='ltr'><strong>qua</strong></span> <span class='ocrx_word' id='word_1_246' title='bbox 930 4160 1079 4233; x_wconf 87' lang='lat' dir='ltr'><strong>habitem</strong></span> <span class='ocrx_word' id='word_1_247' title='bbox 1096 4159 1199 4251; x_wconf 80' lang='lat' dir='ltr'><strong>elegi,</strong></span> <span class='ocrx_word' id='word_1_248' title='bbox 1219 4179 1286 4231; x_wconf 93' lang='lat' dir='ltr'><strong>nou</strong></span> 
     </span>
     <span class='ocr_line' id='line_1_31' title="bbox 205 4278 1288 4375; baseline -0.001 -25"><span class='ocrx_word' id='word_1_249' title='bbox 205 4302 250 4351; x_wconf 91' lang='lat' dir='ltr'><strong>ne</strong></span> <span class='ocrx_word' id='word_1_250' title='bbox 271 4283 397 4375; x_wconf 92' lang='lat' dir='ltr'><strong>populo</strong></span> <span class='ocrx_word' id='word_1_251' title='bbox 418 4282 482 4352; x_wconf 92' lang='lat' dir='ltr'><strong>sim</strong></span> <span class='ocrx_word' id='word_1_252' title='bbox 508 4288 707 4374; x_wconf 87' lang='lat' dir='ltr'><strong>suspectus,</strong></span> <span class='ocrx_word' id='word_1_253' title='bbox 730 4281 824 4374; x_wconf 94' lang='lat' dir='ltr'><strong>quod</strong></span> <span class='ocrx_word' id='word_1_254' title='bbox 850 4281 975 4353; x_wconf 84' lang='lat' dir='ltr'><strong>secisse</strong></span> <span class='ocrx_word' id='word_1_255' title='bbox 1000 4283 1151 4374; x_wconf 80' lang='lat' dir='ltr'><strong>legimus</strong></span> <span class='ocrx_word' id='word_1_256' title='bbox 1170 4278 1288 4353; x_wconf 90' lang='lat' dir='ltr'><strong>Publi-</strong></span> 
     </span>
     <span class='ocr_line' id='line_1_32' title="bbox 206 4399 1286 4509; baseline -0.003 -37"><span class='ocrx_word' id='word_1_257' title='bbox 206 4403 329 4485; x_wconf 84' lang='lat' dir='ltr'><strong>colam,</strong></span> <span class='ocrx_word' id='word_1_258' title='bbox 353 4401 415 4473; x_wconf 85' lang='lat' dir='ltr'><strong>sed</strong></span> <span class='ocrx_word' id='word_1_259' title='bbox 437 4422 481 4472; x_wconf 92' lang='lat' dir='ltr'><strong>ne</strong></span> <span class='ocrx_word' id='word_1_260' title='bbox 503 4400 605 4474; x_wconf 83' lang='lat' dir='ltr'><strong>taedio</strong></span> <span class='ocrx_word' id='word_1_261' title='bbox 624 4401 770 4475; x_wconf 76' lang='lat' dir='ltr'><strong>allectus</strong></span> <span class='ocrx_word' id='word_1_262' title='bbox 788 4400 821 4471; x_wconf 95' lang='lat' dir='ltr'><strong>in</strong></span> <span class='ocrx_word' id='word_1_263' title='bbox 840 4401 874 4473; x_wconf 92' lang='lat' dir='ltr'><strong>id</strong></span> <span class='ocrx_word' id='word_1_264' title='bbox 892 4399 985 4493; x_wconf 89' lang='lat' dir='ltr'><strong>quod</strong></span> <span class='ocrx_word' id='word_1_265' title='bbox 1003 4402 1197 4509; x_wconf 27' lang='lat' dir='ltr'><strong>lugere&#39;cst</strong></span> <span class='ocrx_word' id='word_1_266' title='bbox 1213 4400 1286 4473; x_wconf 91' lang='lat' dir='ltr'><strong>ani·</strong></span> 
     </span>
    </p>
   </div>
   <div class='ocr_carea' id='block_1_3' title="bbox 0 0 1392 5062">
    <p class='ocr_par' dir='ltr' id='par_1_3' title="bbox 0 0 1392 5062">
     <span class='ocr_line' id='line_1_33' title="bbox 0 0 1392 5062; baseline 0 0"><span class='ocrx_word' id='word_1_267' title='bbox 0 0 1392 5062; x_wconf 95' lang='lat' dir='ltr'><strong> </strong></span> 
     </span>
    </p>
   </div>
  </div>
 </body>
</html>
