2738 5062
528 666 569 713 DE
591 664 691 714 nunus
713 663 934 712 attitulatum

612 934 788 1001 EPISTULA
809 938 852 1000 lll.

209 1141 401 1197 tntrlfflscus
419 1143 587 1194 Parauaea
604 1144 694 1192 LUCAE
711 1141 890 1191 stcannorl
910 1141 1110 1190 PLACENTINO
1127 1142 1153 1192 S.
1172 1143 1200 1191 P.
1218 1143 1249 1192 D.

293 1329 373 1383 Dolet
387 1328 422 1381 de
436 1326 532 1381 sunere
547 1324 627 1379 amici
642 1323 834 1392 adolescentis,
851 1328 878 1378 et
892 1324 1025 1378 iacentem
1041 1325 1165 1379 animum

605 1414 711 1484 erigere
726 1417 851 1467 conetur.

284 1648 358 1727 Nisi
378 1650 580 1749 iampridem
601 1647 829 1727 detersissem
851 1655 969 1726 oculos
990 1665 1025 1726 et
1044 1655 1138 1726 viam
1157 1657 1270 1747 gemi-

187 1778 279 1851 tibus
297 1777 570 1864 obstruxissem,
591 1776 857 1871 firmassemque
878 1778 994 1849 animo
1010 1790 1157 1877 mortem
1175 1803 1269 1851 mor-

186 1899 304 1972 talium
338 1923 407 1972 non
440 1903 574 1992 lugere,
608 1898 643 1968 in
675 1901 801 1970 multas
827 1920 884 1969 me
910 1900 1069 1970 lacrimas
1102 1900 1270 1973 traxisset

184 2023 343 2118 epistolae
369 2031 439 2092 tuoe
467 2032 578 2104 tenor,
607 2041 695 2112 quas
723 2029 837 2092 tamen
861 2041 957 2109 aegre
986 2020 1152 2104 continui,
1180 2044 1269 2114 quo-

185 2143 301 2214 minus
335 2142 546 2213 suavissime
578 2140 786 2235 obrepentes
820 2151 1002 2212 assuetum
1030 2142 1075 2214 ad
1101 2142 1204 2212 limen
1231 2143 1268 2211 in

187 2263 324 2335 silentio
344 2263 582 2355 pervenirent:
605 2262 651 2333 ita
672 2263 753 2333 mihi
776 2262 944 2333 mirabilis
965 2284 1005 2334 ac
1027 2263 1211 2356 stupenda,
1235 2263 1268 2334 si

186 2385 271 2479 quid
295 2384 435 2457 omuino
462 2384 673 2476 stupendum
702 2393 800 2454 esset
826 2384 921 2479 quod
952 2394 1087 2457 naturae
1110 2385 1270 2477 omnipa-

186 2506 295 2580 rentis
308 2505 454 2601 imperio
468 2504 604 2588 accidit,
620 2506 667 2577 ita
684 2506 929 2600 intempestiva
944 2516 980 2577 et
996 2507 1133 2589 acerba,
1150 2507 1179 2576 si
1196 2529 1269 2599 qua

186 2631 262 2704 dies
284 2629 414 2702 tributo
434 2628 554 2700 mortis
575 2638 672 2700 esset
696 2628 868 2721 apposita,
896 2629 942 2698 ita
967 2626 1117 2719 denique
1142 2648 1269 2718 repen-

186 2755 257 2827 tina
278 2762 315 2824 et
333 2772 490 2846 praeceps
511 2751 613 2822 amici
634 2751 742 2822 nostri
764 2751 864 2822 ruina
884 2751 961 2821 visa
980 2759 1054 2830 est;
1075 2757 1144 2819 tam
1164 2769 1269 2839 egre-

186 2877 281 2968 gium
316 2875 467 2945 iuventae
500 2872 637 2957 florem,
674 2882 744 2944 tam
770 2873 916 2945 nitidum
942 2874 1064 2942 lormae
1087 2870 1219 2953 lumen,
1247 2894 1270 2943 e

186 3015 333 3078 summo,
350 3005 388 3065 ut
400 2993 601 3089 apparebat,
618 2991 886 3084 firmissimoque
898 2990 1085 3063 virentium
1098 3010 1268 3061 annorum

185 3125 292 3208 atque
312 3115 451 3209 optimae
470 3113 681 3185 ualetudinis
709 3134 784 3184 suae
805 3122 913 3198 statu,
936 3134 1004 3185 non
1027 3121 1111 3194 totu,
1134 3120 1172 3183 ut
1191 3112 1269 3205 ipse

186 3238 251 3320 ais,
267 3239 369 3308 trium
389 3236 553 3306 horarum
576 3235 686 3329 spatio
706 3235 920 3318 concidisse3
941 3255 1011 3327 quo
1032 3235 1158 3307 recenti
1176 3235 1269 3306 scili-

186 3366 240 3429 cet
255 3367 290 3428 et
307 3360 400 3429 claro
417 3357 668 3449 notissimoque
686 3357 769 3427 mihi
786 3355 1085 3428 commonefierem
1107 3360 1269 3451 exemplo

186 3501 307 3551 verum
325 3499 406 3549 esse
423 3479 518 3570 quod
534 3479 689 3572 quotidie
706 3478 816 3550 verbo
833 3479 996 3562 dicimuS,
1015 3479 1172 3551 moribus
1189 3480 1268 3551 licet

185 3622 227 3672 ac
247 3599 371 3671 studiis
395 3620 463 3669 non
487 3600 689 3691 probemus,
711 3603 839 3671 nullam
866 3601 901 3670 in
926 3599 1032 3671 rebus
1059 3602 1266 3700 transitoriis

186 3742 283 3815 spem
299 3719 512 3806 habendam,
530 3730 566 3792 et
586 3723 759 3795 adversus
778 3732 931 3806 mortem,
950 3734 1078 3816 praeter
1093 3724 1176 3795 vitae
1192 3746 1267 3797 me

185 3843 289 3914 ritum
307 3865 348 3914 ac
365 3841 587 3913 conscientire
600 3844 797 3937 puritatem,
812 3846 943 3916 nullom
958 3845 1096 3936 penitus
1112 3867 1193 3917 esse
1210 3869 1266 3916 re-

109 4030 113 4036 .
184 3964 348 4036 medium.
370 3964 462 4048 Quid
482 3964 572 4034 enim
596 3965 678 4033 mihi
700 3965 822 4037 medici
844 3965 1062 4059 pollicentur,
1078 3988 1166 4059 quos
1183 3989 1265 4063 pas-

184 4082 249 4155 sim
264 4088 349 4157 mori
364 4085 553 4171 cernimus
570 4107 786 4179 semperque,
800 4087 973 4179 quodiam
987 4088 1022 4158 in
1040 4088 1264 4181 proverbium

184 4204 283 4290 abiit,
306 4209 452 4301 pallere,
475 4231 538 4279 nec
558 4208 671 4281 rarius
688 4218 861 4299 aegrotare
877 4231 982 4302 quam
999 4214 1169 4283 caeteros‘l
1185 4213 1266 4283 Sola

183 4328 296 4400 virtus
318 4329 429 4398 nescit
450 4329 635 4400 interitum.
658 4329 748 4411 Quid
768 4339 897 4415 autom,
916 4350 1051 4424 quaeso,
1070 4332 1183 4403 amico
1203 4354 1264 4404 no

185 4458 258 4521 stro
290 4449 433 4521 deerat?
463 4457 499 4519 et
532 4459 646 4522 tamen
679 4452 764 4544 quid
794 4452 860 4523 sibi
890 4461 977 4524 aetas
1007 4454 1148 4545 proluit,
1179 4453 1264 4547 quid
