2738 5062
148 712 207 774 398
483 720 524 767 nn
545 719 645 768 nauus
666 717 889 767 Fauttlnmuus

148 881 215 930 non
238 866 405 938 metuam,
428 854 558 922 nullum
579 851 674 943 quod
700 850 913 920 meminerim
940 849 1032 921 diem
1058 847 1242 940 ignorans

148 976 291 1072 perdidi.
309 977 383 1046 Non
402 976 520 1065 elapsa
538 980 619 1042 sunt
638 982 801 1063 tempora,
822 970 883 1042 sed
900 982 1021 1063 erepla
1036 994 1045 1051 3
1063 970 1115 1041 ita
1133 984 1176 1043 ut
1199 973 1237 1045 in

147 1100 270 1170 mediis
289 1099 343 1166 vel
362 1095 623 1186 occupationum
643 1093 775 1184 laqueis
795 1094 850 1162 vel
868 1091 1050 1162 ardoribus
1069 1095 1240 1187 volupta-

148 1231 220 1292 tum
241 1219 416 1289 dicerem:
438 1215 506 1284 heu
524 1215 598 1285 dies
622 1214 698 1283 baec
715 1212 797 1283 mihi
817 1212 1001 1283 irreditura
1022 1212 1235 1307 subripitur.

148 1341 228 1411 ldeo
249 1351 363 1409 tamen
386 1337 420 1407 id
443 1336 526 1405 milri
547 1336 716 1407 accidisse
737 1359 829 1406 nunc
849 1335 1016 1425 intelligo,
1038 1336 1122 1427 quia
1145 1358 1236 1407 non-

145 1462 228 1532 dum
250 1458 394 1553 tempori
413 1459 561 1552 pretium
581 1479 775 1549 posueram,
795 1456 942 1549 pretium
962 1456 1045 1528 illud
1062 1458 1171 1529 cuius
1187 1460 1235 1531 ad

144 1581 312 1653 Lucilium
348 1602 449 1650 suum
488 1578 643 1649 scribens
674 1580 805 1649 Seneca
846 1577 1011 1648 meminit.
1050 1579 1234 1651 Noveram

144 1723 243 1773 caros
280 1701 370 1783 dies
406 1699 665 1769 inaestimabiles
698 1720 767 1769 uon
801 1720 979 1768 noveram,
1012 1698 1143 1770 Audite
1176 1722 1233 1772 me

146 1825 251 1917 pueri,
277 1822 405 1915 quibus
433 1822 566 1912 integra
591 1834 647 1892 est
670 1830 778 1890 aetas:
808 1821 1049 1891 inaestimabile
1085 1831 1231 1915 tempus

144 1958 208 2017 est.
232 1947 303 2016 Hoe
322 1945 378 2014 illa
399 1954 502 2014 aetate
523 1943 732 2024 nesciebam,
754 1963 824 2031 qua
845 1941 1011 2033 optimum
1033 1954 1142 2035 atque
1163 1944 1232 2015 uti·

145 2069 314 2138 lissimum
339 2066 426 2137 scitu
449 2067 547 2135 leret.
568 2066 643 2136 Non
665 2062 882 2135 aestimabam
905 2074 1041 2155 tempus
1063 2085 1130 2135 suo
1151 2086 1232 2161 pre·

145 2191 214 2260 tio:
237 2188 433 2259 scribebam
460 2187 604 2257 amicis:
632 2186 846 2278 imputabam
872 2183 1026 2255 laborem
1052 2186 1228 2279 eorporis,

145 2307 249 2379 animi
277 2307 432 2389 laedium,
461 2309 617 2400 pecuniae
651 2308 866 2400 impensam:
901 2315 1037 2401 tempus
1066 2308 1227 2379 ultimum

144 2438 229 2498 erat.
249 2428 348 2498 Nune
372 2427 491 2498 video:
513 2428 661 2519 primum
683 2450 765 2498 esse
785 2428 965 2498 debuerat.
988 2427 1172 2521 Siquidem
1191 2440 1228 2502 et

145 2548 297 2620 laborem
320 2549 421 2640 quies
448 2558 631 2640 temperat,
654 2558 690 2618 et
710 2549 851 2620 amissae
872 2547 1019 2620 redeunt
1043 2550 1227 2641 pecuniae:

146 2681 299 2766 tempora
321 2672 429 2740 semel
450 2672 568 2762 elapsa
591 2691 658 2740 non
680 2669 848 2739 redeunt:
870 2693 911 2741 ea
931 2672 1072 2741 demum
1095 2672 1227 2763 irrepa-

145 2793 263 2865 rabilis
283 2803 339 2864 est
360 2792 501 2863 iactura·
524 2791 616 2875 Quid
635 2813 720 2882 ergo
740 2791 876 2863 dicam?
896 2793 994 2863 Nunc
1014 2793 1126 2887 coepi:
1148 2793 1226 2865 haec

144 2915 289 2986 mutatio
310 2914 467 2986 dexterae
486 2913 643 2984 excelsi:
665 2924 746 3006 opto
766 2913 801 2983 id
821 2914 961 3004 quidem
984 2914 1048 2986 sed
1070 2936 1141 2985 non
1161 2936 1225 2987 au·

143 3037 210 3107 deo
225 3036 349 3108 dicere.
366 3037 494 3131 lneipio
507 3048 602 3107 certe
617 3048 753 3129 tempus
768 3056 959 3126 agnoscere
974 3057 1042 3105 non
1056 3037 1160 3107 aliam
1178 3036 1226 3109 ob

143 3181 295 3241 causam,
315 3158 380 3229 nisi
399 3158 479 3249 quia
498 3159 612 3251 ipsum
631 3179 687 3229 me
704 3158 868 3229 deserere
886 3156 1013 3249 incipit.
1029 3157 1127 3229 Tunc
1140 3170 1225 3255 pulo

142 3283 270 3351 elarius
297 3301 483 3371 agnoscam
508 3303 588 3351 cum
618 3280 759 3350 omnino
784 3279 999 3373 praeterierit.
1027 3280 1081 3350 Olr
1104 3282 1225 3353 miseri

142 3401 270 3492 quibus
291 3422 354 3470 nos
372 3401 542 3492 augustiis
564 3404 806 3472 reservamus!
827 3402 917 3484 Quid
938 3402 1074 3473 credis?
1094 3402 1224 3485 Quanti

143 3520 242 3611 pretii
259 3520 344 3599 dies
359 3519 435 3589 dies
454 3542 543 3590 unus
560 3543 641 3593 esse
658 3523 782 3614 poterit
799 3523 949 3592 animam
968 3523 1106 3613 agenti?
1120 3524 1225 3595 Certe

141 3663 207 3733 ego
228 3640 294 3711 iam
318 3638 398 3708 hinc
420 3640 593 3714 aestimare
613 3654 751 3736 tempus
773 3643 908 3736 incipio,
928 3644 1083 3716 nondum
1106 3654 1226 3716 tamen

141 3784 209 3851 qua
229 3758 349 3840 debeo,
370 3758 433 3830 sed
454 3782 521 3850 qua
540 3784 694 3855 possum.
713 3760 876 3853 Agnosco
897 3766 1015 3856 lugam
1037 3764 1226 3836 incredibi-

142 3882 220 3963 lem,
243 3880 450 3973 lapsumque
476 3882 700 3975 praeeipitem,
725 3884 829 3957 nullis
850 3884 916 3955 nisi
938 3885 1092 3957 ardentis
1118 3898 1228 3979 atque

140 4001 298 4093 impigrae
323 4002 462 4073 virtutis
484 4001 672 4073 arcendum
693 4006 834 4088 lraenis3
861 4028 965 4077 cerno
985 4028 1041 4077 me
1061 4006 1226 4091 destitui,

140 4122 374 4217 damnumque
395 4147 508 4195 meum
537 4148 623 4218 pene
643 4129 753 4200 oculis
774 4129 911 4211 metior,
933 4139 969 4198 et
992 4147 1086 4221 saepe
1108 4127 1229 4219 Virgi-

128 4244 268 4314 lianum
292 4245 376 4317 illud
396 4245 432 4315 in
454 4268 512 4317 ore
534 4247 645 4320 habeo

274 4510 325 4570 llst
342 4510 418 4571 milri
437 4512 499 4573 iam
515 4512 703 4589 breviorque
720 4514 785 4574 dias
803 4520 830 4573 el
848 4514 970 4577 mollior
986 4520 1083 4578 estas.
