2738 5062
336 628 426 676 nrnun
450 626 698 676 nonusneunua
713 627 911 707 feriarum
938 632 964 677 r.
1126 617 1184 677 ott

103 763 245 859 palatia,
269 761 332 834 sed
349 782 429 854 quae
450 762 508 832 tibi
530 763 682 853 gratiora
701 760 859 846 coniicio,
882 764 1009 835 victum
1027 785 1095 835 non
1111 764 1185 837 ino·

104 909 183 980 pem
207 884 271 957 sed
293 883 503 966 modestum,
528 894 563 954 et
584 883 821 975 philosophico
841 906 910 956 non
931 884 1043 957 audeo
1063 908 1181 980 parem

103 1009 237 1094 dicere,
254 1007 316 1080 sed
337 1006 553 1103 proximum,
568 1007 675 1078 otium
696 1016 877 1100 praeterea,
893 1008 1127 1094 solitudinem,
1144 1011 1183 1078 li-

102 1112 346 1223 bertatemque
377 1128 549 1222 polliceor.
579 1128 724 1200 Mirum!
760 1151 864 1223 quam
898 1140 1066 1224 praestare
1098 1131 1182 1202 mihi

103 1255 179 1351 ipse
196 1275 265 1325 non
287 1273 447 1348 possum,
470 1249 560 1323 hanc
583 1248 645 1321 tibi
664 1251 826 1345 spondeo.
850 1252 919 1324 Sed
937 1274 1030 1348 saepe
1048 1256 1182 1347 pallens

103 1373 259 1446 medicus
278 1373 426 1444 salutem
453 1372 548 1444 alteri
571 1373 706 1459 tribuit,
736 1392 839 1465 quam
871 1395 940 1445 non
971 1375 1084 1447 habet.
1108 1378 1183 1469 Ego

102 1496 243 1591 quidem
266 1495 473 1591 importunae
493 1505 529 1565 et
550 1495 677 1567 inutilis
697 1506 733 1567 et
749 1498 905 1568 molestae
925 1498 1027 1568 lamae
1044 1519 1183 1594 compe-

101 1618 207 1692 dibus
235 1619 420 1712 soniluque
445 1617 595 1691 nominis
629 1641 670 1691 ac
694 1621 826 1712 fulgore
860 1640 1093 1716 supervacuo,
1122 1645 1184 1695 ve·

102 1763 251 1836 rumque
271 1752 310 1813 ut
330 1741 478 1835 ingenue
497 1744 617 1826 fatear,
633 1741 790 1834 indigno,
810 1764 874 1815 nec
893 1740 980 1815 liber
998 1765 1079 1816 esse
1103 1765 1183 1836 pos-

103 1886 182 1936 sum
199 1884 266 1936 nec
278 1867 395 1936 latere.
411 1863 486 1947 ‚Tibi
504 1862 538 1933 in
557 1873 647 1935 terra
668 1865 793 1950 aliena,
811 1865 922 1937 donec
942 1867 1064 1938 saltem
1085 1869 1182 1942 nosci

101 1986 250 2081 ceperis,
275 1994 311 2059 et
333 1986 441 2058 otium
463 1995 500 2056 et
523 1986 667 2059 libertas
693 1998 728 2059 et
751 1987 895 2061 latebrae
919 1986 1181 2061 iucundissimae

104 2131 173 2183 oon
195 2108 352 2180 deerunt.
373 2109 457 2179 ilaec
478 2118 560 2181 sunt
584 2128 665 2201 quan
694 2109 728 2179 in
748 2130 907 2202 praesens
933 2131 1014 2182 sese
1033 2108 1182 2182 offerunt
1299 2141 1323 2188 ῃ

102 2233 276 2306 adventus
299 2230 349 2304 tui
368 2232 523 2326 praemia.
544 2232 676 2305 Vellem
694 2231 822 2304 addere
848 2255 954 2326 posse
971 2232 1133 2327 aliquam.
1146 2242 1183 2305 te

102 2356 189 2427 sorte
207 2351 427 2426 dulcedinem
449 2353 483 2424 in
502 2352 685 2426 scribendo
704 2376 751 2426 ex
771 2365 968 2427 nostrorum
988 2354 1182 2427 studiorum
1245 2408 1246 2411 ,

101 2475 363 2571 participatione
381 2486 611 2568 sumpturum.
626 2475 696 2548 Sed
712 2487 747 2548 et
763 2476 808 2549 de
824 2475 890 2548 hoc
906 2477 1048 2548 videris.
1067 2478 1181 2548 Unum

103 2596 162 2669 tibi
179 2598 458 2693 praetcreaqnod
479 2620 548 2669 non
569 2598 603 2669 in
622 2598 766 2682 ultimis,
788 2600 867 2670 licet
887 2600 920 2669 in
943 2599 1060 2670 ultima
1082 2607 1181 2691 parte

100 2719 257 2814 epistola
277 2721 465 2816 posuerim,
492 2719 559 2792 erit
578 2719 714 2792 vicinus
735 2718 950 2792 Ambrosius.
981 2721 1077 2791 Vale.

242 2866 400 2935 Mediolani,
416 2866 478 2922 Kal.
495 2867 568 2922 Maii.
585 2867 716 2938 Propere.

200 3093 283 3163 Haec
304 3091 365 3162 tibi
388 3091 600 3165 dictaveram
626 3090 710 3164 dum
735 3093 868 3165 Parmae
894 3102 927 3162 te
953 3112 1034 3163 osse
1058 3092 1181 3164 crede-

102 3237 173 3286 rem
195 3216 308 3286 iamae.
330 3215 429 3285 Nunc
449 3225 580 3288 tecum
602 3216 777 3288 communi
798 3213 938 3286 domino
957 3235 1038 3286 esse
1057 3214 1178 3286 didici:

102 3337 194 3410 unde
214 3339 262 3409 nil
283 3338 406 3410 horum
432 3336 563 3409 dictum
589 3339 723 3431 accipe,
750 3337 816 3409 nisi
841 3347 1007 3430 quantum
1036 3337 1081 3407 illi
1107 3339 1181 3433 pla-

98 3480 161 3530 cue
195 3469 209 3529 t
224 3460 278 3530 cui
296 3460 494 3532 voluntates
506 3481 604 3532 meas
617 3470 652 3531 et
665 3469 748 3533 vota
764 3458 923 3533 sublicio.
938 3460 1025 3532 Vale
1041 3460 1175 3532 ilerum.
1206 3479 1209 3487 ·

243 3607 275 3661 V.
293 3605 353 3660 Kal.
372 3563 453 3661 lunii.
