2738 5062
359 661 451 711 utoeu
473 661 1005 711 uouosuecrucs.-ur1srouurx.
1162 649 1216 710 bll
1266 652 1273 663 '

141 823 205 897 pro
222 812 377 894 tempore
395 799 525 871 tuerint
545 799 658 882 edico,
674 797 825 891 positum
843 796 911 871 sibi
925 818 998 891 pree
1014 798 1123 870 oculis
1144 820 1224 893 spc-

141 926 260 998 culum
281 921 406 1007 sciant,
429 918 489 992 ubi
511 941 550 991 sc
566 921 709 993 videant
725 918 832 992 duces
856 942 937 994 esse
958 943 1027 993 nou
1047 920 1221 1007 dominos,

141 1047 316 1119 imorem
336 1064 402 1115 nco
421 1042 544 1126 ducos,
568 1042 631 1114 sed
649 1041 837 1114 honoratos
863 1041 1074 1136 Reipublicae
1099 1063 1223 1118 servos

141 1190 235 1241 esse.
254 1168 305 1239 Tu
318 1168 411 1248 vele,
426 1176 462 1238 et
474 1163 640 1258 quoniam
654 1163 802 1258 publicae
815 1165 991 1250 fluctuant,
1005 1163 1129 1237 demus
1142 1187 1224 1260 ope-

143 1313 219 1364 ram
236 1303 276 1363 ut
299 1289 455 1383 privatas
480 1298 621 1360 nostras
652 1308 710 1360 res
742 1309 849 1381 quam
879 1288 1136 1363 modestissime
1159 1312 1224 1384 gu-

142 1412 342 1485 beruemus.

283 1553 443 1623 Mediolani,
458 1553 534 1609 uu.
550 1552 612 1608 Kal.
629 1553 723 1608 uuas.

561 1953 740 2019 sptstom
767 1956 798 2017 x.

199 2121 395 2172 ruuuctscss
416 2121 585 2173 Petutuca
607 2123 736 2172 omnoul
757 2095 894 2173 ssertlto
915 2121 1164 2174 Auctttttetscoeo

579 2226 792 2276 oeuusustoot.

221 2400 263 2453 Ad
279 2397 473 2454 Pontificatum
489 2401 623 2455 maiorem
639 2399 829 2456 Geuueusium
845 2406 971 2457 evectum
986 2402 1149 2475 gratulatur.

162 2696 169 2707 .
241 2638 470 2711 successibus
498 2640 566 2710 tuis
591 2640 748 2713 moestior
767 2661 823 2711 mc
842 2661 886 2710 an
907 2640 1017 2711 laetior
1041 2638 1086 2710 ad
1106 2649 1224 2711 extre-

143 2783 240 2834 mum
260 2781 387 2846 essem,
409 2761 471 2833 diu
485 2759 616 2834 dubius
636 2761 760 2833 mansi.
782 2760 1126 2852 Taugcbatanimum
1139 2762 1220 2836 hinc

142 2883 259 2980 quies;
279 2882 361 2955 hinc
376 2883 496 2976 gloria.
517 2882 672 2955 Alteram
695 2893 778 2956 tuuc
798 2893 953 2979 ereptam
970 2904 1050 2957 cum
1070 2883 1223 2956 maxime

142 3005 341 3079 necessaria
360 3016 471 3077 esset:
492 3007 636 3078 alteram
658 3006 705 3077 illi
724 3005 832 3092 aetati,
853 3006 910 3078 cui
927 3005 1101 3100 praecipue
1117 3002 1224 3078 debc-

143 3138 249 3210 retur,
272 3125 532 3221 superadditam
551 3126 746 3199 cernebam.
767 3126 964 3200 Gloriosum
985 3124 1044 3198 tibi
1070 3124 1223 3199 laborem

142 3250 341 3344 impositum
366 3270 435 3321 non
462 3248 637 3334 dolebam,
662 3251 776 3323 sciens
805 3248 940 3343 absque
958 3247 1076 3321 labore
1103 3268 1223 3320 veram

141 3392 207 3445 nec
233 3373 344 3467 quaeri
372 3370 517 3463 gloriam
543 3392 607 3443 nec
632 3370 778 3443 servari.
805 3370 893 3443 Illud
918 3368 1103 3444 horrebam
1129 3367 1226 3464 quod

142 3492 298 3579 libertas,
316 3515 422 3586 quam
443 3514 580 3588 semper
605 3514 804 3580 amaveras,
827 3494 861 3563 iu
885 3492 1075 3566 discrimen
1095 3493 1151 3586 agi
1170 3493 1225 3564 vi-

142 3614 304 3701 debatur,
331 3624 368 3688 ct
391 3615 486 3687 haud
511 3614 619 3688 dubie
642 3615 765 3688 honori
795 3638 885 3690 onus
913 3617 1112 3713 impositum
1135 3623 1222 3690 erat.

141 3736 219 3822 Quo
234 3738 335 3810 altior
357 3738 449 3810 euim
471 3747 583 3811 status
603 3747 672 3823 est,
693 3761 736 3812 eo
757 3739 880 3813 durius
900 3740 985 3812 vitae
1005 3741 1141 3811 frenum
1167 3737 1223 3810 his

141 3861 200 3953 qui
233 3860 410 3932 infamiam
441 3860 583 3931 timent:
615 3881 824 3952 semperque
856 3859 1073 3952 conspectior
1104 3878 1221 3929 rerum

142 3992 279 4054 vertex.
304 3982 396 4069 Quid
416 3983 495 4054 vis‘?
515 3979 623 4053 Amor
651 3980 820 4052 libertatis
846 3990 950 4072 atque
976 3979 1036 4050 otii
1063 3978 1225 4052 vincebat

142 4105 345 4200 latendiquc
361 4105 601 4178 commoditas.
617 4105 740 4176 Dolere
760 4103 828 4175 iam
846 4123 1020 4195 ceperam,
1042 4101 1109 4173 nisi
1129 4103 1224 4196 quod

140 4229 177 4299 in
192 4238 344 4300 mentem
374 4229 469 4300 veuit
500 4235 533 4298 te
555 4247 669 4318 neque
691 4224 834 4296 liberum
856 4224 1042 4310 hactenus,
1070 4234 1105 4297 ct
1128 4225 1224 4318 quod

140 4360 196 4421 cst
219 4347 411 4446 pessimum
442 4347 574 4419 servitii
603 4368 727 4438 genoe,
756 4345 873 4439 iniquo
908 4347 1012 4419 simul
1041 4370 1082 4421 ac
1108 4345 1222 4418 multi-

141 4470 217 4563 plici
241 4489 404 4566 prcssum
419 4468 516 4561 iugo,
530 4488 623 4538 nunc
642 4466 685 4539 de
708 4487 812 4539 servo
830 4467 1007 4541 homiuum
1021 4472 1220 4555 multorum,
