2738 5062
372 638 463 686 uruuu
484 636 694 687 uuooucruus'.
707 657 742 667 -
756 637 909 686 EPISTULA
930 637 1014 685 xuni.
1166 624 1225 685 dou

142 784 219 854 est?
239 782 293 851 De
313 778 381 851 hac
401 779 505 871 igitur
522 780 568 849 iIIi
591 780 728 873 scripsi,
752 780 910 851 hortatus
932 781 1023 852 utin
1044 782 1142 852 umiei
1165 806 1226 851 ve-

145 904 229 977 teris
249 923 295 973 uc
316 901 461 995 spectari
480 901 756 974 benevolentiam
774 912 982 987 revertatur,
1001 913 1037 974 et
1054 904 1119 975 hnc
1140 927 1225 975 usus

143 1039 220 1101 arte
242 1038 282 1097 ut
302 1024 426 1097 umbos
446 1046 514 1095 una
534 1025 726 1119 eademque
744 1026 941 1097 clauderem
962 1027 1128 1121 epistola,
1156 1049 1226 1119 quo

146 1151 280 1223 scilicet
300 1148 391 1219 inter
410 1147 595 1240 legendnm
610 1149 731 1219 saltem
749 1149 945 1219 necessario
966 1149 1106 1220 coirent.
1125 1149 1227 1232 duod

147 1273 176 1345 si
199 1271 322 1344 votive
348 1269 568 1353 successerit,
594 1282 730 1362 graturn
757 1269 922 1363 quiddam
944 1293 984 1341 ae
1005 1269 1225 1363 magnificum
1266 1260 1272 1271 ’

148 1392 349 1492 reipublicae
366 1392 571 1487 praestitisse
589 1392 776 1483 gloriabor,
799 1403 834 1463 et
854 1394 922 1464 iam
939 1397 1100 1476 muttum,
1121 1415 1226 1488 super

148 1518 226 1601 hoc,
240 1518 375 1589 calamo
392 1514 537 1587 debebo.
554 1515 741 1607 Epistotam
762 1515 872 1611 ipsam
891 1517 936 1588 nd
954 1527 986 1586 te
1001 1515 1092 1599 misi,
1112 1525 1149 1586 ut
1165 1538 1227 1609 per

149 1662 275 1714 munus
296 1640 375 1711 iIIuc
402 1648 479 1709 tuas
501 1650 670 1734 properet
692 1650 727 1710 et
760 1639 916 1709 securius
936 1660 1051 1709 corani
1074 1638 1140 1707 iltis
1168 1647 1226 1708 tuo

149 1763 250 1835 etium
286 1763 404 1833 favore
442 1763 527 1832 Iutta
563 1774 770 1853 compareat.
804 1762 968 1833 Permitto
1000 1771 1115 1833 autem
1150 1759 1223 1842 tibi,

150 1884 291 1979 quodin
304 1882 597 1978 superscriptione
610 1883 686 1954 eius
704 1883 865 1954 ornnibus
883 1883 1057 1968 interdixi,
1078 1892 1115 1953 ut
1132 1882 1224 1953 iliani

152 2006 299 2101 operias,
321 2004 407 2076 etsi
433 2005 517 2097 quid
538 2003 790 2075 detrahendum
811 2006 867 2074 vei
892 2003 1091 2077 addendum
1113 2004 1226 2075 dure-

154 2129 206 2209 ris.
226 2128 349 2212 InciaS,
370 2126 429 2221 qui
449 2137 608 2197 naturum
630 2125 720 2197 illius
741 2138 845 2221 atque
865 2129 1019 2200 animum
1040 2139 1076 2200 ct
1095 2126 1224 2221 quihus

156 2252 245 2325 facile
265 2250 361 2343 tangi
381 2251 506 2334 solent,

308 2420 429 2501 Quique
447 2419 506 2481 viri
525 2420 629 2483 modes
646 2420 745 2484 aditus
762 2427 791 2484 ot
808 2429 945 2503 tempora
963 2424 1051 2485 nosti.

162 2577 244 2649 Iole.

291 2718 340 2772 lx.
359 2716 495 2772 Iialendns
510 2716 592 2781 Iunii,
608 2717 759 2772 odientem
775 2718 887 2787 Sergius.
