2738 5062
139 640 200 704 432
480 648 639 699 canebas
659 646 883 699 alultltnllttts

141 790 201 861 bat
218 785 420 878 indignatio,
438 788 546 856 multa
566 784 814 855 consolationis
831 784 942 855 oratio
964 784 1238 871 concursabat,

141 932 287 1005 eamque
320 908 405 978 mihi
438 907 599 979 liduciam
635 904 742 978 dabat
779 906 883 979 animi
916 906 1161 998 simplicitas,
1201 919 1241 981 ut

89 1114 94 1125 ¹
142 1057 256 1105 meum
285 1053 374 1125 opus
410 1030 604 1113 crederem,
645 1031 735 1101 sicut
763 1028 809 1101 ab
841 1029 936 1101 initio
968 1040 1007 1101 et
1039 1051 1236 1125 sempera

142 1154 231 1223 hello
252 1153 363 1222 italico
375 1150 579 1222 dehortatus
595 1172 691 1221 eram
705 1177 712 1233 ;
727 1150 854 1223 deinde
871 1161 988 1221 autern
1010 1150 1059 1223 da
1079 1164 1235 1226 externe

141 1274 242 1345 hoste
265 1273 425 1366 quaesitae
455 1273 611 1345 victoriae
635 1275 853 1367 plauseram,
893 1273 945 1344 sic
972 1294 1071 1345 nuno
1090 1274 1234 1347 animos

142 1395 299 1465 labantes
316 1395 469 1467 oratione
483 1394 633 1466 firmare.
648 1394 726 1477 Sed,
745 1403 782 1464 ut
797 1392 910 1478 video,
933 1394 1052 1467 iacent
1070 1394 1234 1490 victique

142 1528 223 1589 sunt
236 1519 364 1611 quihus
379 1516 551 1589 stantibus
565 1528 600 1588 et
613 1516 750 1589 invictis
765 1515 811 1588 de
827 1518 922 1600 nulla¹
936 1518 1091 1589 fortunae
1104 1518 1233 1591 iniuria

143 1641 398 1737 desperandum
432 1649 517 1712 erat.
547 1638 716 1711 Volebam
741 1647 779 1709 ct
806 1639 876 1709 iam
900 1658 1081 1731 eoeperam
1102 1648 1235 1733 praeter

144 1765 293 1836 rationes
311 1774 414 1856 atque
440 1763 658 1833 hortamenta
674 1760 866 1843 virtutum,
891 1759 1050 1832 emnium
1072 1760 1233 1851 gentium

143 1888 306 1979 exempla
324 1906 513 1976 congerere
532 1893 637 1975 atque
664 1882 839 1976 inprimis
864 1884 1117 1967 Romanorum,
1143 1904 1233 1977 que·

144 2030 219 2078 rum
242 2006 389 2078 inomni
411 2007 606 2099 pracsertim
633 2004 755 2076 bellica
781 2004 910 2075 virtute
935 2004 1072 2096 primus
1099 2014 1159 2077 est
1182 2008 1231 2077 le·

144 2151 225 2199 eus:
247 2128 306 2220 qui
327 2139 405 2219 post
424 2137 472 2198 tot
493 2138 630 2218 strages
654 2138 691 2197 et
710 2136 788 2220 post
807 2124 906 2209 illud,
925 2134 964 2195 ut
982 2124 1143 2199 historici
1165 2148 1230 2199 vo-

143 2258 235 2329 cant,
264 2270 353 2341 pene
379 2248 536 2319 ultimum
556 2252 686 2319 vulnus
707 2247 840 2342 imperii
869 2246 998 2319 Cannis
1031 2260 1226 2342 acceptum,

144 2367 335 2439 imminutis
356 2391 479 2462 nempe
500 2370 650 2453 viribus,
674 2371 737 2441 sed
757 2370 882 2441 animis
896 2370 1095 2444 calamitate
1120 2394 1226 2467 prope

145 2489 271 2573 auctis,
294 2510 433 2584 semper
458 2490 492 2560 in
517 2490 626 2560 aciem
655 2490 842 2563 redeuntes
876 2491 1029 2564 victores
1064 2514 1153 2567 suos
1184 2516 1225 2567 ec

145 2616 274 2686 maiore
295 2615 403 2706 gloria
420 2614 592 2697 vicerunt,
613 2636 682 2706 quo
699 2614 827 2686 abesse
840 2614 977 2706 longius
995 2636 1017 2685 a
1037 2636 1103 2708 spe
1120 2617 1226 2689 viete-

145 2739 207 2808 riae
239 2737 458 2809 videbantur.
493 2736 685 2829 iungebam
718 2737 991 2808 Lacedaemones
1018 2736 1223 2811 indomitum

145 2879 258 2949 genus
277 2869 312 2930 et
333 2859 570 2950 magnitudine
588 2859 782 2929 animorum
794 2860 949 2929 Romano
964 2858 1089 2949 generi
1110 2862 1225 2955 prexi-

144 3002 254 3065 mum,
274 2984 333 3075 qui
350 2982 394 3053 ad
406 2982 658 3077 Thermopylas
674 2982 720 3053 ah
733 2982 902 3052 immense
915 2981 1103 3053 Persarum
1123 3006 1225 3057 exer-

145 3103 213 3175 citu
243 3104 371 3185 obruti,
407 3127 476 3175 nen
509 3106 618 3177 multo
643 3115 721 3195 post
749 3103 784 3174 in
809 3104 928 3175 Asiam
963 3104 1079 3178 ultrici
1113 3108 1224 3181 classe

145 3227 334 3297 transvecti
361 3236 455 3310 sunt,
484 3247 579 3321 saepe
602 3226 742 3320 quidem
769 3226 813 3298 ab
837 3238 996 3299 extrema
1022 3252 1143 3302 rerum
1161 3230 1223 3304 de-

146 3347 341 3436 speratione
355 3350 515 3420 victores.
530 3348 709 3421 Addebam
722 3349 953 3422 Athenienses
966 3351 1025 3444 qui
1041 3352 1135 3425 bello
1146 3376 1223 3427 cum

146 3467 419 3540 Lacedaemoniis
445 3482 618 3564 suscepte,
644 3473 777 3544 alllictis
798 3472 843 3544 ad
870 3472 1029 3544 ultimum
1056 3476 1222 3560 fortunis,

144 3588 285 3661 amissis
309 3588 456 3660 ducibus
491 3595 717 3687 exercituque
747 3593 875 3678 deleto,
909 3606 944 3667 et
972 3598 1163 3691 Syracusio
1191 3600 1224 3671 in

144 3731 286 3802 aequore
305 3718 373 3781 tota
390 3730 477 3804 pene
494 3714 607 3783 classe
624 3725 844 3810 consumpta,
862 3718 957 3811 quod
971 3741 1079 3790 unum
1102 3742 1226 3815 supar-

143 3842 232 3917 erat,
262 3854 452 3907 servavere
480 3834 632 3907 animes:
663 3836 831 3932 brevique
855 3850 935 3933 post
955 3852 1047 3913 terra
1065 3844 1225 3937 marique

144 3978 208 4048 per
223 3959 441 4031 omniasese
463 3959 646 4052 magnifiee
665 3960 724 4053 ulti
742 3971 834 4033 sunt.
848 3962 919 4033 Nec
933 3962 1078 4034 silebam
1097 3965 1226 4038 Poenos

143 4081 305 4167 quamvis
326 4080 451 4154 infidos
472 4094 508 4154 et
527 4083 660 4170 varica,
682 4085 789 4156 sortes
812 4095 941 4169 tamen,
970 4084 1029 4178 qui
1052 4104 1151 4182 saepe
1171 4108 1227 4157 re-

143 4201 280 4269 tentatis
303 4202 410 4274 armis
427 4214 462 4275 et
482 4206 527 4276 de
548 4204 682 4296 magnis
710 4205 850 4276 casibus
880 4218 1123 4298 resurgentes,
1152 4218 1228 4281 tan-

143 4318 223 4390 dem
245 4324 357 4414 perire
389 4328 586 4397 maluerunt
615 4350 720 4421 quam
751 4328 895 4400 servire.
929 4331 975 4401 Et
1007 4338 1047 4400 ut
1076 4330 1229 4424 publicis

142 4445 312 4537 enennplis
334 4449 469 4539 privata
501 4451 734 4534 succederent,
757 4453 971 4544 puderetque
993 4452 1088 4545 qued
1114 4474 1229 4527 ausus
