2738 5062
344 699 437 749 erana
459 698 760 751 surrruusnacuros.
773 719 809 731 -
823 700 975 749 nrrsrona
999 702 1029 748 x.
1162 688 1221 749 453

144 839 236 909 enim
257 836 344 906 lorte
365 847 520 928 tempore
544 857 614 927 quo
640 837 674 906 in
700 837 811 906 fronte
836 842 1120 926 argumentorum
1144 844 1236 909 tuo-.

144 980 221 1031 rum
241 958 331 1028 ictus
349 955 504 1047 excipio,
527 956 762 1048 transalpinus
783 955 916 1027 amicus
937 954 1059 1026 litteris
1080 976 1222 1048 quoque

143 1100 212 1151 non
230 1078 345 1149 minus
362 1076 488 1149 validis
504 1097 610 1169 quam
630 1075 786 1161 urbanis,
806 1075 939 1148 nudum
953 1084 991 1147 ut
1008 1075 1056 1146 ita
1070 1073 1221 1146 dixerim

145 1213 280 1292 tergum
294 1198 383 1283 ierit,
400 1218 566 1291 quaerens
584 1196 703 1269 itidem
721 1220 767 1269 ex
784 1219 854 1282 me,
873 1198 958 1290 quid
974 1197 1137 1289 estquod
1153 1216 1222 1288 ego

145 1332 261 1393 tantus
281 1319 406 1393 ruralis
426 1318 601 1391 affectator
621 1319 699 1404 ocii,
718 1320 752 1389 in
775 1328 825 1390 tot
846 1319 978 1390 urbana
998 1318 1136 1411 negotia
1155 1318 1222 1389 sim

145 1443 303 1534 relapsus
324 1450 460 1534 sponte,
484 1451 522 1511 ιιι
542 1439 610 1510 sibi
636 1438 788 1524 videtur,
813 1462 912 1523 mea;
938 1451 974 1511 et
995 1438 1095 1533 (vide
1114 1437 1222 1512 artifi-

144 1563 376 1636 ciosissimum
396 1560 566 1655 leporem)
588 1582 632 1632 ne
652 1563 769 1636 forsan
790 1562 1060 1653 interrogatione
1082 1573 1222 1634 coutur-

144 1685 207 1757 ber
227 1696 412 1778 antequam
432 1705 489 1754 me
510 1691 641 1775 tangat,
662 1684 707 1755 de
727 1706 764 1755 se
781 1685 910 1777 quaerit
925 1685 1118 1768 admirans,
1136 1682 1222 1776 quid

144 1826 261 1878 causae
293 1804 472 1899 estquod
505 1804 581 1897 ipse
609 1826 749 1896 quoque
782 1804 1013 1902 Babylonicos
1046 1805 1222 1876 anfractus

144 1929 232 2000 male
244 1926 365 2011 oderit,
380 1925 540 1998 necdum
553 1925 665 2020 possit
676 1925 828 2018 effugiat.
842 1929 930 2000 Ecce
939 1940 976 2000 ut
987 1927 1078 2000 duos
1090 1925 1221 1998 amieos

144 2050 325 2123 ediverso
346 2060 516 2121 terrarum
538 2058 648 2119 tractu
669 2047 704 2118 in
729 2048 821 2120 idem
845 2070 976 2142 pugnae
995 2070 1105 2142 genus
1126 2047 1222 2119 simi·

144 2173 252 2246 litudo
276 2171 441 2264 quaedam
463 2170 638 2242 contraxit
664 2169 802 2262 ingenii.
829 2170 921 2255 Quid
945 2184 1061 2244 autem
1092 2169 1223 2243 diceret

146 2308 291 2388 uterque
311 2304 467 2366 vestrum
489 2294 520 2365 si
540 2302 661 2365 nosset
685 2315 755 2387 que
781 2292 816 2363 in
838 2303 931 2365 statu
956 2316 1048 2367 nunc
1069 2295 1223 2365 maxime

145 2418 228 2488 dum
246 2418 367 2509 loquor
382 2436 440 2487 res
459 2424 542 2486 sunt
558 2418 672 2486 meae‘l
688 2414 867 2507 Siquidem
883 2416 1074 2489 coniuratis
1091 2436 1160 2487 nou
1177 2414 1224 2488 ad

146 2536 290 2619 imbrem
311 2536 374 2608 sed
390 2536 437 2609 ad
453 2536 624 2609 diluvium
641 2537 775 2610 cunetis
791 2536 870 2609 coeli
887 2536 1076 2621 sideribus,
1096 2537 1223 2632 hyeme

144 2680 270 2753 aspera
288 2670 325 2731 et
343 2658 549 2731 intractabili
576 2659 724 2730 transire
749 2658 810 2729 tibi
830 2666 866 2729 et
890 2657 975 2728 mihi
994 2657 1223 2729 familiarissi-

144 2801 220 2859 mas
244 2778 352 2874 Alpes
373 2801 490 2872 cogor.
512 2779 583 2851 Sed
602 2802 624 2852 a
647 2782 740 2872 quo‘l
760 2779 876 2851 forsan
903 2780 1108 2871 interroges.
1129 2781 1175 2851 Et
1200 2800 1221 2849 a

144 2926 214 2997 quo
233 2913 336 2999 putes
356 2905 424 2976 nisi
444 2926 465 2976 a
485 2924 542 2975 me
568 2903 658 2998 ipso,
679 2902 739 2995 qui
766 2903 816 2974 sic
841 2903 986 2976 alterius
1010 2904 1121 2975 laetus
1142 2926 1221 2976 sum

145 3033 183 3095 ut
202 3025 322 3098 dulces
342 3046 475 3119 preces,
493 3037 606 3119 atque,
626 3035 664 3095 ιιι
684 3024 809 3096 Liberii
831 3025 941 3097 verbo
962 3034 1051 3110 utar,
1073 3026 1142 3097 viri
1157 3048 1222 3098 ex-

143 3147 298 3220 cellentis
310 3147 485 3220 submissa
502 3147 636 3243 placida
655 3147 917 3241 blandiloquens
933 3146 1043 3219 oratio
1055 3147 1147 3241 apud
1163 3170 1220 3220 me

144 3268 367 3343 inexorabilis
394 3271 465 3344 vim
492 3268 656 3365 praeeepti
683 3269 951 3365 imperiosaeque
975 3268 1089 3341 vicem
1115 3269 1221 3343 maie·

143 3391 242 3464 statis
263 3391 461 3465 obtineant?
481 3393 531 3466 lta
552 3392 637 3463 nibil
658 3412 738 3464 sese
757 3392 862 3462 vilius
883 3401 939 3462 est
960 3388 1113 3477 homini,
1135 3391 1220 3463 nibil

142 3513 302 3586 venalius
323 3512 492 3586 libertate.
513 3512 634 3586 Amico
651 3535 736 3586 sane
752 3512 852 3586 alteri
868 3511 951 3585 viva
968 3533 1070 3599 voce,
1090 3513 1120 3586 si
1141 3513 1222 3586 illuc

143 3634 247 3707 vivus
267 3635 473 3729 integerque
499 3658 691 3730 pervenero
712 3636 872 3730 (quaestio
890 3637 983 3709 enim
1004 3634 1220 3708 subdifficilis

141 3747 178 3828 et
197 3756 232 3826 ni
252 3758 350 3828 lallor
375 3756 468 3829 utilis
493 3758 685 3830 eommunis
711 3768 767 3831 est
792 3758 839 3830 illi
865 3756 991 3850 tecum)
1019 3755 1079 3827 tibi
1104 3767 1220 3829 autem

143 3878 271 3972 scripto
293 3878 485 3974 trepidante
505 3880 714 3974 respondeo,
738 3904 807 3954 non
827 3879 990 3973 equidem
1012 3887 1050 3947 ut
1070 3899 1222 3950 excuser

138 4001 236 4094 quod
256 4000 331 4072 fieri
352 4021 421 4071 nen
447 4020 552 4095 posse
579 4001 645 4070 iam
669 4022 746 4071 sum
767 4004 904 4082 lassus,
932 3997 995 4069 sed
1021 4008 1073 4082 ut,
1096 4000 1125 4070 si
1150 4022 1221 4092 quo

141 4132 243 4216 pacto
265 4121 339 4194 lieri
360 4133 486 4216 potest,
509 4144 577 4194 non
599 4123 706 4212 vulgo
731 4120 831 4193 inerti
856 4131 892 4191 et
917 4119 1080 4192 illaudato
1098 4133 1135 4193 et
1158 4122 1221 4193 ob

141 4266 260 4329 seuro,
284 4246 349 4318 sed
368 4244 553 4315 illustrium
573 4243 738 4316 comitum
764 4241 874 4334 gloria
894 4264 936 4314 ac
960 4243 1143 4335 splendore
1165 4266 1220 4316 me

140 4378 334 4460 contegam.
356 4365 447 4451 Quid
468 4365 572 4457 igitur
589 4365 717 4435 Paulus
740 4364 927 4458 Apostolus
948 4366 1103 4459 undique
1125 4390 1220 4439 sum·
1356 4356 1360 4361 ’

143 4510 222 4561 mus
240 4489 302 4573 vir,
318 4486 401 4582 quid
415 4486 475 4569 ait,
490 4509 552 4559 oro
566 4490 622 4558 te‘?
635 4485 711 4556 Noa
727 4488 815 4559 enim
829 4487 935 4581 inquit
946 4488 1032 4580 qood
1044 4493 1117 4561 uolo
1134 4492 1229 4579 socio·
