2738 5062
147 687 185 747 36
491 703 532 749 nu
553 701 653 749 uncus
674 699 896 748 rnuurunrnus

145 827 251 890 aestas
272 818 398 890 indicio
423 827 488 889 est.
520 818 617 887 Nunc
643 814 784 908 quidem
809 837 1008 886 muscarum
1034 815 1159 888 domus
1184 839 1227 890 ac

145 941 308 1034 culicum,
330 962 479 1034 quorum
501 962 657 1010 murmur
677 938 857 1010 admonuit
875 937 1045 1009 maturius
1066 961 1086 1010 e
1105 939 1226 1011 eonvi-

145 1063 204 1134 vio
223 1063 446 1155 fugiendum3
468 1074 503 1134 et
522 1083 685 1132 ranarum
705 1059 882 1131 exereitus
903 1072 1113 1144 accesserat,
1134 1082 1224 1153 quas

144 1182 234 1255 inter
261 1207 396 1257 emnam
430 1207 451 1255 e
478 1183 596 1254 caveis
630 1183 810 1273 ingressas
842 1191 878 1251 et
913 1203 976 1275 per
1006 1185 1223 1254 coenaculum

144 1306 375 1379 nundinantes
396 1327 570 1378 cerneres.
593 1304 701 1375 Evasi
719 1304 753 1373 in
774 1303 973 1375 cubiculum
993 1326 1063 1375 non
1082 1304 1225 1397 quidem
1275 1340 1280 1348 ¹

144 1427 226 1499 solis
240 1427 375 1511 sabulis,
392 1439 429 1498 ut
442 1426 536 1520 apud
548 1426 709 1496 Milonem
724 1426 858 1518 Hypate
871 1425 952 1495 olim
965 1422 1143 1517 Apuleius,
1157 1415 1224 1500 sed

143 1552 347 1623 lautissimis
378 1560 536 1624 coenatus
558 1550 661 1632 cibis;
681 1558 717 1619 et
736 1570 945 1642 quamquam
968 1571 1128 1621 somnum
1148 1572 1221 1622 nox

143 1672 352 1745 brevissima
378 1673 555 1756 suaderet,
583 1673 656 1762 egit
686 1682 802 1742 tamen
829 1670 895 1741 viri
916 1671 1020 1743 huius
1046 1694 1158 1758 amor,
1186 1684 1225 1744 ut

143 1819 271 1889 graves
305 1799 423 1868 oculos
449 1820 489 1868 ao
514 1796 670 1868 defessos
703 1796 831 1888 digitos
861 1795 906 1866 ad
939 1796 1015 1866 haec
1040 1795 1224 1869 scribenda

143 1922 395 2014 compellerem.
422 1921 486 1990 Est
511 1918 567 1991 hie
592 1920 682 1990 enim
710 1917 794 1989 mihi
815 1917 1030 2002 carissimus,
1058 1930 1096 1990 ut
1115 1919 1221 2004 nosti,

143 2042 192 2113 tui
213 2064 353 2134 quoqne
374 2041 499 2112 avidus
521 2041 740 2133 miratorque,
759 2039 819 2133 qui
833 2039 878 2111 ad
896 2048 929 2109 te
952 2049 1067 2134 tamen
1088 2063 1225 2133 prome·

143 2162 290 2233 rendum
311 2185 348 2232 se
365 2161 526 2232 amicitiae
543 2172 672 2233 nostrae
690 2162 825 2235 viribus
843 2163 997 2234 adiutum
1016 2174 1128 2259 putet;
1144 2165 1224 2237 hinc

143 2283 188 2354 de
209 2293 243 2354 te
263 2305 418 2377 sperans,
438 2295 474 2354 et
494 2284 541 2354 tui
564 2306 655 2354 nunc
676 2285 817 2376 indigus
837 2286 982 2369 favoris,
1004 2288 1057 2358 lae
1076 2309 1162 2371 oro,
1176 2287 1223 2358 mi

143 2406 242 2490 Laeli,
269 2417 308 2477 ut
331 2406 425 2499 quod
450 2405 624 2477 ominatur
650 2406 750 2490 sciat,
778 2407 872 2500 quod
905 2418 1023 2500 sperat
1055 2410 1222 2494 inveniat,

143 2529 236 2621 quod
269 2529 355 2624 petit
378 2529 537 2623 accipiat,
571 2548 641 2621 quo
677 2528 810 2621 indiget
836 2532 1045 2624 perfruatur,
1080 2543 1115 2604 et
1144 2533 1223 2606 vale

143 2650 253 2721 nostri
272 2673 415 2721 memor.

284 2795 433 2865 Luciariae,
448 2796 503 2851 llll
519 2797 579 2852 Kal.
596 2798 697 2868 lulius,
714 2803 793 2853 nocte
810 2798 910 2853 media.

640 2992 720 3003 0-—

562 3208 741 3274 aristote
761 3211 807 3273 ΧΙ.

195 3398 389 3450 FRANCISGUS
410 3399 580 3449 PETRARCA
601 3401 768 3453 utcotoslo
789 3404 1025 3456 nlnruotoumt
1046 3407 1073 3456 S.
1094 3408 1122 3458 P.
1144 3409 1175 3458 l).

216 3544 253 3618 Se
267 3563 346 3617 illurn
361 3562 429 3617 facie
442 3564 567 3634 ignotum
583 3563 619 3618 ob
633 3564 742 3620 virtutis
757 3565 868 3621 laudem
882 3573 909 3622 et
922 3567 1025 3622 sarnam
1041 3585 1149 3639 amare,

259 3657 287 3707 et
299 3652 442 3725 epistolam
457 3669 489 3707 ex
504 3657 575 3708 nutu
587 3653 743 3709 communis
757 3655 837 3709 amici
850 3654 885 3710 ad
898 3656 977 3711 illum
991 3657 1111 3713 mittere.

178 3993 181 3999 Ι
240 3901 335 3971 'luas
372 3899 428 3970 hic
467 3910 502 3971 et
535 3900 703 3973 bonorum
738 3902 892 3972 omnium
927 3901 1078 3986 amiens,
1115 3910 1220 3996 atque

140 4021 1221 4118 honestarnmamicitiarumdiligentissimusproxenetasum·

139 4167 197 4217 mo
218 4146 334 4218 studio
353 4144 486 4230 institit,
508 4156 547 4216 ιιι
569 4145 629 4216 tibi
650 4147 780 4240 aliquid
802 4145 1001 4218 scriberem.
1020 4148 1122 4231 Quod
1139 4169 1218 4219 cum

139 4264 351 4359 aliquamdiu
376 4288 590 4352 recusarem,
627 4267 771 4359 ignarus
805 4265 897 4337 unde
931 4269 1131 4362 inciperem,
1160 4279 1220 4341 aut

140 4385 268 4480 quibus
290 4386 408 4458 verbis
429 4389 603 4461 hominem
625 4388 732 4462 solius
758 4390 861 4460 lamae
882 4391 1079 4464 testimonio
1100 4393 1220 4485 cogni-

139 4518 212 4580 tum
233 4510 437 4602 alloquerer,
460 4510 565 4582 evicit
585 4511 737 4595 tandem,
761 4520 799 4581 ut
820 4514 989 4583 calamum
1010 4513 1216 4609 arriperem,
