2738 5062
1012 412 1019 420 α

359 727 451 776 LIBER
471 728 764 787 Quantusnncttttts.
777 752 809 761 -
826 732 979 781 EPISTULA
1001 734 1040 782 lv.
1177 721 1234 784 287

161 859 254 931 neris
274 881 418 931 avarum
437 861 539 945 vidit,
558 863 618 954 qui
634 886 713 935 cum
732 865 833 937 dives
852 886 934 937 esse
955 878 1087 960 posset,
1107 889 1238 963 pauper

159 1003 240 1055 esse
260 983 445 1053 maluerit?
465 983 570 1076 Atqui
588 1008 716 1077 cupere
736 997 771 1056 et
793 1008 958 1081 spernere
975 987 1127 1058 adversa
1145 997 1237 1060 sunt.

159 1104 230 1176 Sed
248 1103 379 1175 invidia
399 1106 483 1175 caeci
503 1107 675 1177 contraria
695 1108 786 1200 loqui
810 1129 933 1179 senon
955 1109 1085 1193 vident,
1104 1120 1140 1182 et
1154 1133 1237 1183 oon-

159 1234 362 1317 temptorem
385 1226 538 1298 vocitare
560 1228 664 1313 soliti,
683 1229 844 1322 quotiens
866 1229 972 1302 libido
992 1229 1161 1302 labiorum
1186 1241 1239 1303 tu-

159 1347 209 1432 lit,
230 1352 378 1419 avarum
398 1347 528 1420 dicunt.
550 1350 641 1434 Quid
659 1352 702 1423 ad
720 1355 802 1422 me?
820 1352 938 1424 dicant
957 1354 1015 1423 vel
1035 1353 1161 1436 furem,
1182 1356 1238 1424 vel

160 1483 347 1563 raptorem,
374 1472 431 1543 vel
457 1481 742 1544 testamentorum
772 1484 999 1566 captatorem,
1026 1497 1094 1545 non
1126 1477 1238 1566 magis

160 1589 239 1663 ideo
272 1591 350 1664 talis
383 1590 479 1677 liam,
515 1616 619 1685 quam
645 1594 711 1687 ipsi
738 1595 831 1677 iusti,
862 1596 1086 1686 magnanimi,
1116 1595 1237 1680 sobrii,

160 1714 350 1807 prudentes
373 1712 470 1798 fient,
494 1716 524 1785 si
544 1737 611 1805 ego
630 1715 662 1788 id
683 1716 729 1789 de
752 1716 805 1787 eis
831 1717 947 1789 dicere
973 1718 1145 1789 voluerim
1170 1741 1238 1791 non

103 1878 107 1886 ·
160 1835 283 1909 minori
304 1837 458 1930 quidem,
482 1836 545 1910 sed
565 1836 755 1910 honestiori
777 1838 967 1911 mendacio.
992 1839 1100 1910 Vetus
1117 1838 1184 1909 ista
1199 1839 1241 1907 li-

160 1956 272 2028 centia
304 1955 518 2030 obtrectandi
551 1958 594 2030 iis
627 1958 846 2051 quosmodo
874 1959 1108 2031 laudaverint:
1137 1968 1239 2032 vetus

160 2076 237 2149 baec
254 2077 477 2171 impudentia,
494 2089 595 2151 vetus
614 2079 831 2152 incuriositas
845 2079 1049 2165 mentiendi,
1063 2102 1105 2152 eo
1121 2082 1246 2157 forsan.

159 2200 394 2272 excusabilior
414 2203 521 2295 quod,
543 2203 688 2274 canibus
709 2223 848 2295 quoque
869 2223 944 2274 mos
966 2213 1035 2284 est,
1054 2202 1182 2295 quibus
1203 2203 1238 2273 hi

160 2321 323 2393 simillimi
345 2322 418 2394 fieri
440 2325 593 2408 student,
617 2324 766 2418 qualiter
789 2325 915 2396 latrent
942 2347 1005 2397 seu
1032 2348 1137 2418 quam
1165 2326 1241 2396 uni-

160 2442 313 2515 formiter
334 2467 400 2515 non
422 2467 556 2517 curare.
583 2445 657 2516 Nisi
682 2448 767 2517 sorte
795 2445 853 2518 illa
881 2445 1004 2519 iustior
1030 2446 1240 2519 insimulatio

161 2562 228 2637 dici
249 2575 378 2658 potest,
401 2565 509 2658 quod,
533 2586 612 2638 curn
632 2567 703 2641 duo
728 2566 798 2639 sint
821 2568 979 2641 avaritiae
999 2569 1111 2661 capita
1136 2578 1171 2638 et
1196 2569 1241 2640 sit

160 2687 306 2759 alterum
336 2688 521 2760 immodico
553 2688 719 2782 appetitu,
755 2692 901 2760 alterum
928 2688 1032 2759 nimia
1059 2687 1240 2759 tenacitate

160 2808 370 2894 damnabile,
393 2831 462 2881 non
485 2809 586 2905 primi
611 2833 754 2901 arguor,
782 2810 845 2882 sed
871 2809 1030 2892 secundi,
1052 2808 1154 2900 quasi
1180 2829 1242 2880 vo·

162 2930 318 3021 ruginem
350 2931 530 3003 curialium
565 2931 801 3023 impensarum
827 2932 884 3002 vel
911 2933 1000 3002 terre
1020 2952 1090 3001 non
1110 2928 1239 3013 ausim,

161 3051 219 3122 vel
243 3073 313 3122 non
338 3052 490 3145 possim:
511 3074 660 3144 quorum
686 3054 858 3134 ultimum,
884 3052 952 3122 etsi
981 3073 1104 3122 verum
1130 3061 1239 3135 esset,

162 3194 231 3245 uon
256 3174 359 3244 animi
387 3173 451 3245 sed
475 3177 622 3246 tortunae
647 3173 778 3245 crimen
811 3183 918 3244 esset.
952 3171 983 3242 A
1015 3171 1116 3265 primi
1149 3182 1241 3242 certe

162 3295 358 3388 suspicione
378 3318 432 3367 me
449 3295 572 3366 liberat
588 3296 782 3388 patrimonii
796 3295 864 3366 mei
878 3296 1021 3378 modus,
1035 3316 1104 3366 non
1117 3303 1241 3365 auctus

164 3423 331 3510 tempore,
355 3417 417 3489 sed
443 3418 557 3511 potius
581 3416 798 3498 imminutuS,
823 3438 865 3487 ea
891 3414 1018 3489 fiducia
1042 3415 1137 3509 quod
1162 3437 1241 3486 curn

164 3559 301 3631 semper
331 3538 462 3634 paucis,
496 3550 567 3610 tum
594 3539 639 3609 ad
666 3538 850 3610 terminum
883 3536 1124 3633 propinquanti
1157 3558 1243 3630 pau·

163 3662 315 3733 oloribus
334 3683 424 3757 opus
444 3672 508 3732 est.
531 3661 675 3732 lnbaesit
694 3660 835 3731 ossibus
855 3659 1111 3731 ciceronianum
1139 3656 1241 3729 illud:

164 3784 308 3855 avaritia
341 3783 460 3854 senilis
494 3782 578 3876 quid
612 3783 677 3854 sibi
711 3782 796 3854 velit
827 3803 897 3854 non
928 3783 1103 3872 intelligo:
1128 3787 1243 3874 potest

163 3905 256 3976 enim
276 3904 465 3998 quidquam
487 3926 568 3975 esse
588 3903 791 3989 absurdius,
813 3926 917 3995 quam
943 3902 1149 3995 quominus
1176 3901 1243 3971 viae

164 4034 282 4109 restat,
305 4049 348 4097 co
368 4029 445 4118 plus
468 4025 582 4097 viatici
602 4028 788 4117 quaerere?
813 4024 976 4095 Fidenter
1001 4022 1066 4092 buc
1090 4020 1241 4091 dixerim

138 4144 300 4223 0h0stilis
320 4156 355 4218 et
373 4147 560 4239 exquisitae
580 4144 762 4217 calumniae
788 4152 1018 4214 commentum
1045 4162 1136 4212 esse.
1163 4141 1241 4214 llius

164 4268 283 4339 ultima
304 4269 404 4340 testis
423 4269 500 4352 crit,
517 4267 657 4360 quando
675 4265 721 4334 nil
739 4265 890 4347 auterre,
910 4262 955 4332 nil
977 4264 1150 4335 occultare
1167 4285 1243 4356 per-

164 4391 310 4462 mittitur
326 4390 484 4473 abeunti;
505 4390 589 4482 quin
609 4398 644 4457 et
665 4385 886 4456 conscientiae
906 4394 942 4457 et
957 4384 1121 4459 delatoris
1139 4386 1244 4456 intre-

164 4513 279 4605 pidus,
313 4537 419 4585 unum
445 4515 511 4584 hoc
537 4532 616 4581 cum
640 4505 754 4578 inlidis
776 4509 1037 4580 accusatoribus
1058 4507 1148 4580 bona
1174 4504 1243 4574 tide
