2738 5062
146 621 204 682 tle
482 636 522 683 nn
544 634 643 682 nnnes
664 632 883 681 annuntiamus

144 775 255 848 carior
280 776 389 857 ltalia,
425 775 535 846 carior
565 774 732 845 bonorum
765 775 865 867 quies
899 781 1002 866 atque
1036 775 1214 845 securitas.

144 900 195 969 Ea
219 899 349 991 itaque,
372 909 411 969 ut
430 897 669 969 defunctorum
690 920 730 968 ac
752 896 943 967 viventium
971 918 1056 989 paee
1078 898 1214 990 loquar,

144 1043 251 1092 causa
270 1020 347 1104 luit,
370 1042 431 1090 cur
451 1020 485 1088 in
507 1019 596 1091 hane
616 1018 889 1110 magnitudinem
917 1016 1013 1088 urbis
1039 1040 1109 1089 una
1135 1040 1217 1090 eon-

145 1153 326 1213 senserunt
342 1143 443 1225 Deus
463 1141 585 1224 virtus,
605 1139 703 1211 labor
720 1139 859 1233 pariter,
879 1149 914 1210 et
931 1141 1075 1223 fortuna,
1094 1149 1134 1212 ut
1151 1142 1217 1212 Ec-

143 1264 260 1335 clesiae
289 1275 323 1334 et
352 1262 487 1356 lmperii
520 1273 622 1356 caput
653 1273 761 1346 esset,
797 1283 864 1332 non
888 1272 927 1333 ut
948 1283 1095 1353 regnum
1117 1260 1217 1333 lieret

143 1408 331 1480 paucorum
351 1387 492 1472 ciuium,
507 1387 611 1458 immo
623 1406 720 1468 vero,
745 1385 773 1455 si
788 1408 909 1456 verum
922 1385 1028 1477 petita
1045 1386 1150 1456 venia
1167 1388 1217 1456 lo-

142 1510 202 1601 qui
214 1510 302 1594 lioet,
318 1533 382 1581 nec
398 1511 526 1581 civium
544 1507 683 1601 quidem
702 1529 938 1593 romanorum,
953 1531 1016 1580 nec
1034 1529 1215 1580 romanum

142 1656 265 1705 nomen
287 1634 485 1704 amantium.
513 1633 588 1704 Non
622 1632 781 1701 insistam
815 1631 849 1700 in
882 1630 1068 1722 utriusque
1101 1631 1215 1723 gentis

141 1757 274 1849 origine
295 1754 518 1838 recensenda,
540 1763 695 1825 notares
715 1765 780 1835 est,
807 1763 843 1823 et
867 1753 977 1825 Rheni
1004 1753 1157 1825 vallibus
1181 1766 1216 1826 et

141 1882 326 1977 Spoletinis
335 1880 438 1951 etiam
449 1878 628 1950 decantata
639 1877 1215 1974 pastoribus.ltadominagentium

141 2004 175 2073 in
195 2026 317 2076 omnes
338 2005 434 2098 lapsa
456 2002 628 2084 miserias,
651 2000 803 2094 nullique
825 1998 1047 2083 miserabilis,
1071 2020 1156 2084 non,
1178 2010 1216 2070 nt

140 2126 324 2219 quondam,
346 2125 502 2219 propriis,
526 2125 588 2197 sed
609 2124 732 2195 alienis
753 2122 913 2194 manibus
932 2125 1091 2208 lacerata,
1113 2134 1215 2196 vetus

140 2247 224 2319 illud
246 2249 403 2319 solatium
426 2247 572 2340 perdidit
593 2248 771 2328 malorum,

380 2467 567 2481 .......
591 2418 691 2480 ltultos
709 2420 866 2482 admittere
884 2438 984 2500 reges,

379 2516 435 2579 Sed
451 2516 512 2577 civi
528 2517 646 2579 servire
663 2534 730 2579 suo.

141 2720 184 2788 Et
216 2741 260 2790 an
288 2719 368 2790 huie
388 2719 521 2791 iniuriae
542 2720 791 2793 occurrendum
810 2722 872 2800 sit,
892 2720 1107 2812 ambigitur?
1127 2722 1213 2793 lllud

143 2851 255 2914 autem
273 2843 452 2928 omittitur,
475 2844 569 2937 quod
585 2857 663 2917 ante
679 2845 792 2915 omnia
813 2845 955 2936 dignum
976 2856 1063 2930 erat,
1086 2846 1214 2939 quibus

143 2988 206 3037 seu
227 2989 329 3058 quam
349 2967 533 3059 exquisitis
554 2969 797 3063 suppliciorum
823 2967 1010 3059 generibus
1031 2969 1214 3064 praedones

140 3088 264 3183 publici
285 3090 460 3183 puniendi,
483 3102 543 3160 aut
560 3094 679 3161 saltem
703 3091 737 3158 in
759 3088 867 3160 libera
884 3089 1025 3161 civitate
1045 3089 1213 3163 libertatis

139 3212 260 3284 hostes
280 3234 383 3304 quam
404 3214 523 3307 proc-ul
543 3236 563 3282 a
581 3212 782 3283 muneribus
801 3214 945 3307 publicis
964 3214 1033 3285 sint
1049 3215 1214 3288 arcendi?
1298 3259 1300 3269 ·

141 3337 179 3407 ld
201 3356 291 3404 nunc
310 3335 486 3427 quaeritur,
507 3335 714 3427 stupendum
732 3335 839 3421 dictu,
858 3359 901 3407 an
919 3336 1116 3419 dominator
1132 3338 1213 3410 olim

142 3458 293 3529 omnium
315 3459 516 3551 populorum
538 3460 686 3550 populus
707 3481 870 3531 romanus
898 3481 940 3531 eo
974 3482 1087 3551 usque
1113 3463 1214 3533 resti-

142 3583 190 3653 tui
211 3581 336 3653 debeat
356 3581 518 3664 libertati,
540 3583 626 3652 utin
646 3583 900 3675 Capitoliumn,
923 3585 1015 3656 unde
1036 3586 1211 3656 Senonum

141 3705 296 3775 flammas
317 3714 421 3797 atque
442 3726 538 3775 arma
564 3704 751 3788 submovit,
774 3705 833 3775 ubi
860 3728 961 3797 reges
987 3717 1107 3799 captos
1134 3718 1214 3778 ante

142 3828 364 3920 triumphales
382 3847 505 3900 currus
523 3827 620 3910 vidit,
640 3827 698 3898 ubi
716 3830 848 3920 legatos
863 3829 1017 3920 gentium
1037 3832 1213 3924 supplices

140 3949 283 4035 audivit,
316 3952 407 4022 unde
440 3951 658 4045 praecipitans
694 3952 921 4045 superborum
952 3952 1080 4023 civium
1109 3963 1214 4049 atque

140 4073 291 4145 hostium
312 4078 397 4148 colla
417 4077 595 4169 confregit,
614 4076 717 4149 hodie
736 4077 847 4167 possit
864 4099 932 4147 una
949 4100 1027 4149 eum
1047 4078 1216 4151 domesti-

139 4197 189 4268 cis
211 4200 366 4292 tyrannis
400 4209 531 4292 partem
566 4202 667 4271 ullam
699 4201 886 4294 provinciae
906 4201 1215 4274 administrationis

140 4322 335 4412 attingere?
356 4323 383 4391 Ο
404 4322 493 4393 hone
518 4324 610 4407 lesu,
637 4324 776 4395 ubinam
804 4324 959 4416 gentium
985 4323 1216 4397 habitamus?

139 4440 274 4535 Aspicis
296 4441 370 4525 ista,
394 4444 559 4527 Salvator,
583 4455 640 4514 aut
663 4467 824 4536 quonam,
849 4445 992 4536 piaculis
1013 4447 1145 4518 nostris
1163 4448 1213 4519 ol-
