2738 5062
350 686 441 733 ursan
464 684 981 735 surrurrsnsonrus.-uersrnus
1003 688 1045 735 ιιι.
1176 674 1230 734 tel

155 821 346 901 Thessalia,
369 820 426 891 ubi
462 841 501 889 se
534 819 643 913 ipsam
662 817 810 911 propriis
829 818 989 891 manibus
1011 820 1093 892 vicit
1114 822 1232 893 Roma.

153 945 239 1026 Qnae
266 942 295 1011 si
317 942 544 1011 antefactum
567 939 601 1008 in
623 940 774 1009 animum
794 941 988 1024 venissent,
1009 943 1233 1019 scivissemus

152 1067 346 1136 etlanuam
374 1038 466 1132 vinci
497 1083 612 1156 posse.
648 1060 716 1131 Sed
750 1061 798 1137 ita
824 1071 897 1132 est:
926 1084 1046 1134 amara
1070 1066 1233 1157 cogitatio

153 1189 292 1272 gustum
312 1199 420 1268 aegrae
437 1178 562 1248 mentis
587 1176 737 1248 offendit.
760 1179 829 1247 Vix
849 1180 982 1272 estqui
1003 1180 1150 1251 libenter
1174 1202 1234 1252 co·

153 1304 238 1393 giret
261 1299 354 1392 quod
388 1310 559 1392 torqueat;
586 1299 767 1389 cogitantis
793 1299 892 1371 lacile
922 1301 1059 1373 animus
1085 1302 1130 1373 ad
1154 1303 1233 1373 dul·

153 1425 244 1494 ciora
263 1423 486 1493 convertitur.
507 1422 583 1511 Ego
603 1420 743 1512 quidem
765 1421 810 1492 de
831 1445 885 1493 me
906 1424 1021 1505 fateor,
1045 1446 1111 1495 non
1137 1425 1232 1516 cogi-

119 1563 123 1572 ·
154 1557 304 1616 laveram
326 1545 416 1616 diem
440 1545 532 1614 hunc
552 1544 693 1627 videre,
718 1568 786 1614 non
814 1547 908 1638 quod
939 1549 1109 1618 nescirem
1133 1552 1231 1620 volu-

150 1667 252 1737 bilem
281 1668 427 1737 lortunae
458 1674 586 1747 rotam,
626 1664 689 1736 scd
723 1665 852 1738 virtute
877 1668 1005 1740 eximia
1039 1668 1228 1740 sistendam

150 1787 263 1871 rebar,
291 1798 326 1858 et
350 1788 484 1858 collatis
514 1787 672 1857 externis
699 1787 896 1859 nationibus
922 1810 1002 1880 quae
1020 1811 1114 1861 mare
1131 1773 1230 1862 aece-

149 1913 236 1992 lunt,
259 1908 472 2002 spondebam
495 1909 578 1977 mihi
605 1918 792 2001 perpetuos
810 1932 1009 1981 successus.
1043 1912 1115 1981 Hoc
1145 1932 1228 2003 spe·

149 2031 223 2100 ravi
242 2033 362 2113 fateor,
389 2031 454 2101 hoc
474 2029 563 2112 dixi,
589 2030 653 2099 hoc
673 2029 825 2121 denique
845 2031 981 2126 scriptis
1003 2009 1144 2103 inserui.
1165 2032 1228 2103 Vis

148 2151 269 2222 audire
290 2173 453 2244 magnam
489 2151 667 2245 scriptoris
688 2152 898 2223 audaciam‘.l
930 2154 1000 2225 Nec
1033 2154 1115 2225 dum
1144 2153 1229 2225 scri-

148 2274 264 2365 psisse
290 2296 345 2344 me
371 2267 526 2368 poenitet,
555 2297 635 2345 cum
664 2285 778 2344 lamen
808 2276 933 2346 salsum
961 2298 1018 2345 me
1044 2273 1227 2367 scripsisse

146 2399 272 2467 salsum
295 2417 457 2490 sperasse
475 2419 530 2468 res
554 2405 689 2489 arguat.
711 2397 802 2482 Quid
824 2397 951 2489 igitur?
972 2396 1025 2468 An
1047 2399 1226 2469 mentitum

146 2541 316 2590 essenon
336 2519 467 2615 pudet?
491 2518 642 2589 Puderet
661 2520 793 2611 utique,
816 2519 851 2590 si
878 2520 1059 2589 mentitum
1078 2541 1134 2589 me
1152 2540 1228 2588 cre-

145 2644 283 2724 derem;
302 2665 395 2713 nunc
425 2664 510 2714 vero
534 2643 579 2713 ita
610 2641 748 2712 demum
784 2642 867 2711 mihi
900 2641 1063 2711 victorias
1091 2658 1228 2731 semper

144 2776 180 2836 et
199 2765 613 2858 felicitatemperpetuam
633 2761 833 2857 pollicebar,
856 2763 885 2831 si
903 2761 1016 2832 civilis
1038 2763 1152 2833 unitas
1175 2766 1226 2834 in-

145 2891 263 2958 lractae
292 2885 487 2958 concordiae
519 2908 587 2956 non
624 2885 778 2956 deesset:
809 2903 890 2975 quae
923 2883 1076 2975 prolecto
1104 2884 1224 2956 deluit.

146 3010 234 3082 Sunt
250 3007 309 3100 qui
326 3007 406 3080 odio
418 3007 517 3078 ducis
532 3005 643 3078 victos
665 3028 728 3076 sua
751 3014 873 3100 sponte
896 3003 1021 3074 milites
1037 3004 1224 3088 affirment3

146 3127 291 3220 quodsi
320 3129 365 3200 ita
385 3141 450 3212 est,
482 3151 612 3200 novum
641 3149 707 3199 non
727 3137 793 3198 est.
813 3128 893 3197 Tale
918 3127 1000 3198 olim
1026 3126 1155 3218 aliquid
1177 3148 1225 3197 ex

145 3250 303 3322 historiis
320 3251 463 3322 scimus.
490 3253 578 3320 Sunt
598 3250 656 3342 qui
678 3249 758 3322 odio
784 3250 928 3320 militum
957 3252 1047 3320 ultro
1072 3248 1224 3320 cessisse

144 3375 268 3444 ducem
290 3376 423 3454 lerant3
444 3372 539 3464 quod
560 3372 589 3442 si
609 3373 785 3443 credimus
800 3373 997 3464 exemplum
1015 3369 1138 3462 flagitii
1155 3392 1223 3441 non

144 3498 303 3568 occurrit.
324 3494 440 3566 Unum
461 3502 517 3565 est
542 3494 636 3587 quod
669 3496 805 3588 penitus
835 3505 961 3567 moesto
993 3516 1048 3566 me
1081 3501 1223 3586 stupore

144 3616 387 3699 circumdedit,
409 3617 503 3708 quod
521 3617 566 3689 ad
587 3615 735 3711 primum
750 3618 897 3688 fortunae
919 3619 1046 3688 vulnus
1067 3623 1223 3688 conster-

143 3750 244 3812 natos
268 3742 466 3832 fractosque
487 3741 621 3810 animos
641 3737 758 3821 video,
782 3759 871 3830 quos
897 3738 1059 3832 putabam
1081 3759 1151 3809 una
1171 3737 1222 3806 in-

142 3883 232 3952 gens
251 3862 281 3932 si
308 3861 407 3933 ruina
428 3862 553 3933 coelum
574 3882 676 3933 omne
704 3863 912 3933 convelleret
934 3880 1144 3951 oppressura
1164 3880 1222 3930 es·

142 3993 195 4054 set
225 3983 410 4054 interritos.
445 3983 733 4079 Quandoquidem
766 3983 833 4053 huc
862 4003 882 4052 e
912 3979 1071 4072 proximo
1096 3980 1218 4071 raptim

141 4107 286 4177 nuntius
306 4107 403 4177 venit
423 4109 551 4179 infelix.
575 4106 653 4177 Nox
675 4112 750 4172 erat
766 4113 801 4172 ct
817 4114 902 4173 atrae
918 4102 1010 4171 nocti
1027 4103 1219 4174 accessisse

140 4231 225 4299 mihi
251 4230 339 4301 visae
365 4241 446 4301 sunt
472 4228 639 4300 tenebrae:
666 4233 737 4298 toto
762 4245 907 4319 corpore
932 4231 1073 4315 totoque
1104 4223 1218 4295 animo

140 4353 314 4425 cohorrui.
344 4355 389 4425 Ut
415 4375 470 4423 me
496 4348 668 4440 recollegi,
695 4349 865 4418 calamum
899 4356 1047 4418 moeslus
1079 4345 1217 4439 arripui.

139 4473 261 4566 Longa
276 4475 450 4547 scribendi
462 4472 604 4542 materia
612 4470 741 4552 aderat,
756 4469 863 4539 multa
875 4469 981 4551 dolor,
996 4467 1218 4539 multadicta-
