2738 5062
139 622 196 682 too
475 631 515 678 nr:
537 631 639 679 nauus
661 629 883 679 rnnrnrnnruus

142 795 158 831 n
184 776 220 837 et
238 774 377 857 paretur
399 764 531 845 statim;
553 766 700 860 imperat
718 764 855 836 animus
877 763 953 847 sibi,
974 774 1012 836 et
1031 763 1228 837 resistitur.

143 917 156 949 n
186 886 337 981 Imperat
355 884 493 956 animus
511 895 550 956 ut
569 897 749 956 moveatur
766 904 904 993 manus,
922 895 960 955 et
979 893 1077 957 tanta
1096 896 1158 957 est
1175 887 1230 958 ia·

143 1042 158 1075 a
187 1011 310 1094 ollitas,
328 1010 440 1081 utrix
453 1031 474 1080 a
488 1009 632 1079 servitio
648 1008 867 1080 discernatur
884 1007 1087 1100 imperium:
1100 1008 1229 1081 etaui-

143 1162 159 1198 n
187 1154 266 1202 mus
286 1132 423 1203 animus
447 1143 517 1214 est,
548 1151 671 1202 manus
697 1141 812 1201 autem
837 1150 965 1225 corpus
984 1140 1051 1203 est.
1073 1130 1229 1226 Imperat

144 1283 159 1318 n
187 1255 324 1325 animus
338 1262 376 1323 ut
388 1253 473 1323 volit
486 1252 638 1334 animus,
654 1273 719 1323 nec
736 1254 824 1323 alter
835 1258 905 1337 est,
919 1273 983 1323 nec
998 1254 1080 1324 lacit
1091 1266 1226 1327 tamen.

144 1408 159 1442 n
189 1376 287 1448 Unde
300 1378 365 1448 hoc
379 1384 571 1447 monstrum
585 1387 620 1446 et
632 1397 742 1468 quare
754 1374 872 1445 istud?
885 1376 1047 1468 Imperat,
1063 1376 1224 1470 inquam,

144 1530 158 1559 »ι
190 1509 227 1569 ut
243 1499 335 1579 velit,
353 1498 411 1589 qui
430 1519 500 1568 non
518 1497 705 1589 imperaret
720 1496 788 1569 nisi
806 1497 920 1583 vellet,
938 1508 974 1570 et
990 1520 1060 1570 uon
1073 1496 1113 1570 lit
1127 1498 1226 1593 quod

145 1650 160 1685 n
188 1623 344 1715 imperat.
370 1648 385 1682 n
415 1620 496 1690 llaec
514 1630 569 1690 est
588 1620 775 1711 Augustini
795 1619 978 1693 admiratio
997 1620 1043 1692 de
1068 1642 1110 1693 se
1133 1621 1224 1713 ipso.

140 1743 241 1827 Quod
255 1742 284 1814 si
300 1743 333 1813 in
347 1762 389 1813 eo
402 1741 512 1834 potuit
525 1741 695 1824 accidere,
710 1742 794 1834 quid
812 1743 845 1812 in
859 1765 916 1815 me
931 1746 1000 1815 tale
1013 1743 1147 1837 aliquid
1159 1744 1225 1815 rui-

141 1869 279 1939 ramur‘?
292 1865 416 1936 Adhuc
429 1875 555 1948 umen,
571 1875 609 1935 ut
621 1864 730 1948 vides,
746 1865 964 1959 subterfugio
975 1875 1012 1937 et
1023 1874 1146 1959 vagor,
1159 1886 1225 1939 uec

140 1993 224 2064 dum
239 1999 299 2061 aul-
313 1998 393 2059 tuus
409 1996 538 2082 stupor,
556 1996 616 2058 aut
628 1985 728 2060 amici
745 1988 845 2071 illius,
861 1998 921 2059 aut
933 2009 1033 2060 meus
1048 1988 1118 2083 (me
1130 1986 1222 2059 euim

140 2115 254 2205 ipsum
286 2131 494 2202 erroresque
527 2130 626 2181 meos
657 2119 761 2203 atque
794 2110 899 2180 animi
931 2111 1000 2181 mei
1026 2120 1221 2181 monstrum

140 2232 232 2305 aliud
257 2232 406 2303 volentis
426 2240 461 2302 et
486 2231 579 2302 aliud
599 2233 735 2323 agentis
756 2234 835 2304 nolo
855 2231 1011 2303 aestimes
1032 2254 1089 2303 me
1111 2230 1222 2325 magis

140 2354 287 2447 aliquem
316 2350 491 2443 admirari)
519 2353 618 2422 brevi
651 2355 765 2448 aliqua
790 2366 825 2426 et
849 2363 967 2448 aperta
993 2354 1222 2447 responsione

140 2472 388 2568 comprirnitur.
410 2473 502 2557 Quid
519 2496 604 2566 ergo
621 2476 715 2567 quod
728 2477 868 2561 Paulus,
882 2476 976 2570 quod
990 2477 1220 2569 Augustinus,

139 2596 233 2691 quod
251 2594 522 2669 innumerabiles
540 2597 609 2683 alii,
624 2607 659 2668 et
672 2607 711 2669 ut
724 2609 843 2669 nostra
860 2620 1124 2692 prosequamur,
1137 2598 1221 2694 quid

138 2731 206 2804 est,
229 2720 384 2813 inquam,
409 2720 503 2813 quod
523 2719 656 2792 amicus
678 2721 746 2805 ille,
768 2720 863 2814 quod
881 2742 957 2812 ego,
979 2720 1074 2814 quod
1096 2729 1135 2792 tu
1155 2722 1220 2793 ior-

139 2845 229 2916 sitan
250 2866 358 2915 unum
379 2846 542 2915 volumus
563 2843 657 2916 aliud
677 2844 829 2936 agimus
860 2866 939 2915 cunr
971 2844 1018 2916 ad
1050 2842 1087 2915 id
1120 2864 1220 2915 nemo

139 2966 385 3059 proculdubio
405 2987 470 3037 nos
490 2969 696 3062 compellat?
720 2966 776 3039 Ad
801 2966 867 3038 hoc
890 2968 1020 3038 Paulus
1043 2965 1121 3060 ipse
1144 2966 1221 3061 qui·

139 3088 219 3160 dem
241 3088 426 3160 obscurius
448 3100 485 3160 ut
504 3087 595 3160 dixi:
623 3090 686 3161 sed
718 3088 917 3184 simplicitas
945 3088 1084 3160 veritati
1110 3100 1148 3162 et
1170 3091 1220 3161 ia·

138 3212 329 3284 miliaribus
346 3212 456 3285 amica
472 3211 663 3304 colloquiis.
685 3212 802 3307 lpsum
825 3212 930 3302 igitur
945 3213 1132 3285 audiamus
1148 3211 1219 3285 Au·

140 3334 331 3423 guatinum,
350 3346 386 3406 ct
405 3356 557 3427 quonam
578 3335 608 3406 is
630 3345 805 3429 stuporem
828 3334 922 3406 illum
944 3356 1045 3405 suum
1068 3333 1139 3407 fine
1158 3336 1220 3409 de·

141 3456 309 3527 terminet.
334 3486 350 3521 (ι
372 3458 442 3529 Sed
462 3480 532 3527 non
552 3457 678 3550 inquit,
699 3480 746 3527 ex
769 3468 840 3529 toto
862 3460 935 3529 vult
956 3456 1124 3551 (unimus).
1145 3458 1220 3530 Nou

145 3606 159 3641 n
187 3597 274 3668 ergo
297 3599 344 3647 ex
370 3586 441 3646 toto
466 3579 621 3670 imperat.
656 3580 742 3650 Nam
777 3580 812 3649 in
845 3588 977 3650 tautum
1011 3578 1162 3673 imperat
1184 3580 1221 3652 iu

146 3730 160 3763 tl
187 3708 354 3794 quantum
377 3700 464 3784 vult,
486 3710 522 3769 et
541 3701 575 3770 in
599 3712 731 3773 tantum
753 3722 820 3774 non
842 3701 881 3773 fit
900 3702 995 3796 quod
1016 3702 1168 3798 imperat
1186 3703 1220 3773 in

146 3854 160 3887 n
188 3831 354 3917 quantum
376 3845 443 3894 non
466 3827 556 3909 vult;
577 3824 739 3916 quoniam
761 3826 923 3898 voluntas
942 3824 1091 3918 imperat
1117 3835 1156 3897 ut
1176 3826 1222 3897 sit

63 3996 70 4009 .
145 3975 160 4010 n
187 3952 350 4022 voluntas
371 3971 435 4022 noo
455 3949 534 4033 alia,
558 3947 621 4020 sed
641 3947 727 4043 ipsa.
755 3949 830 4021 Non
851 3949 969 4042 utique
990 3949 1092 4042 plena
1111 3946 1222 4043 impe·

146 4098 161 4131 n
188 4080 255 4155 rat,
277 4072 356 4144 ideo
376 4095 445 4145 non
465 4082 520 4144 est
540 4072 635 4165 quod
660 4070 821 4163 imperat3
845 4092 923 4140 narn
951 4068 981 4140 si
1001 4072 1104 4162 plena
1125 4078 1224 4141 esset

147 4222 160 4255 n
189 4214 253 4265 nec
276 4195 462 4287 imperaret
488 4208 525 4268 ut
548 4203 657 4278 esset,
685 4193 766 4287 quia
791 4194 858 4264 iam
884 4200 989 4265 esset.
1016 4191 1093 4263 Non
1115 4192 1225 4285 igitur

148 4344 162 4377 l
190 4325 381 4386 monstrum
406 4319 529 4411 partim
551 4320 655 4401 velle,
678 4315 932 4412 partim-nolle:
959 4313 1023 4386 sed
1047 4315 1225 4407 aegritudo

148 4468 162 4500 l
190 4436 293 4509 animi
313 4447 380 4515 cst,
402 4437 483 4530 quia
504 4461 571 4511 non
592 4450 685 4512 totus
711 4440 865 4531 assurgit
885 4438 1032 4512 veritate
1054 4439 1224 4514 subleva-
