2738 5062
308 700 400 749 LIBER
420 700 712 760 ouunrttsbeclnus
726 722 760 731 -
773 702 927 753 EPISTULA
948 706 967 753 l.
1112 691 1170 756 259

101 832 259 906 omnibus
292 835 358 907 ista
389 838 637 930 contingerent.
671 841 759 924 Quae
788 849 902 912 autem
929 840 963 909 in
990 840 1065 934 ipsa
1090 843 1171 913 vitm

99 959 202 1030 ianua
228 968 322 1043 sunt,
351 961 431 1032 licet
456 960 629 1033 interdum
655 963 769 1056 aliqua
789 985 835 1034 ex
856 973 952 1055 parte
977 964 1085 1035 solius
1110 964 1172 1036 Dei

99 1104 242 1155 munere
271 1082 500 1168 declinentur,
528 1085 763 1156 indifferenter
787 1094 901 1156 tamen
931 1099 1012 1158 sunt
1037 1085 1171 1160 obiecta

99 1206 331 1278 nascentibus.
358 1207 526 1290 Quaenam
548 1228 633 1278 vero
657 1206 724 1279 ista
749 1217 844 1292 sunt,
871 1209 1093 1301 interrogas?
1117 1208 1172 1281 di·

99 1348 225 1417 gnare,
258 1348 319 1398 oro
353 1336 405 1412 te,
438 1327 621 1419 Virgilium
657 1339 737 1400 ante
770 1330 888 1400 oeulos
921 1338 1000 1401 tuos
1035 1330 1169 1416 venire,

99 1449 158 1542 qui
178 1450 375 1522 luvenalem
395 1451 463 1521 iam
481 1461 560 1522 ante
576 1451 741 1544 dignatus
754 1473 805 1525 es
827 1451 902 1523 Etsi
921 1452 1013 1524 enim
1031 1461 1172 1545 propter

98 1571 369 1644 innumerabiles
392 1583 428 1644 et
447 1572 634 1645 altissimas
660 1573 904 1669 occupationes
931 1583 1009 1645 tuas
1035 1573 1097 1644 tibi
1120 1575 1173 1645 fa-

99 1693 241 1766 miliaris
253 1715 334 1766 esse
347 1696 553 1788 nequiverit,
570 1718 718 1789 magnus
732 1707 846 1769 tamen
860 1698 915 1768 vir
930 1696 1102 1788 Virgilius
1118 1698 1170 1767 in·

98 1815 201 1907 genio
232 1816 322 1888 inter
353 1819 494 1912 primos,
519 1819 602 1890 nulli
628 1819 804 1891 secundus
828 1819 979 1911 eloquio,
1005 1826 1041 1888 et
1065 1840 1170 1910 quem

99 1938 128 2009 si
141 1937 328 2031 degustare
340 1942 622 2035 coeperis,lorsan
635 1940 814 2012 dulcedine
826 1941 972 2034 capiaris
982 1940 1172 2032 doleasque

97 2083 165 2132 non
182 2071 263 2133 ante
281 2062 341 2135 tibi
358 2063 545 2156 cognitum.
565 2064 610 2133 Et
625 2062 717 2155 quiS,
736 2083 806 2147 oro,
823 2062 946 2133 melius
966 2061 1171 2137 sententiam

98 2182 188 2254 banc
219 2185 294 2256 aliis
327 2186 445 2257 verbis
470 2184 706 2277 expresserit?
738 2183 796 2256 llle
833 2183 893 2255 tibi
918 2206 1003 2276 ergo
1028 2206 1172 2278 respon-

99 2304 157 2376 det
175 2306 230 2379 bis
250 2306 430 2379 versibus:

216 2477 404 2543 Vestibulum
421 2485 489 2541 ante
506 2477 621 2557 ipsum,
639 2477 808 2558 primisque
825 2479 856 2540 in
877 2477 1014 2541 faucibus
1031 2475 1102 2542 Oroi

214 2583 341 2658 Luctus,
359 2591 388 2646 ct
406 2584 528 2647 ultrices
544 2588 675 2663 posuere
692 2583 801 2647 cubilia
819 2583 926 2660 Cune3

214 2688 419 2768 Pallentesque
433 2689 566 2752 habitant
582 2690 691 2766 Morbi,
709 2688 865 2766 tristisque
882 2688 1039 2763 Senectus,

216 2794 252 2856 Et
270 2793 364 2857 lletus
381 2801 412 2857 et
428 2794 598 2858 malesuada
615 2794 721 2857 Fames
738 2799 768 2858 ct
783 2792 882 2872 turpis
898 2794 1021 2869 Egestas
1031 2813 1041 2867 ;
1124 2832 1128 2838 -

216 2898 379 2964 Terribiles
396 2898 465 2961 visu
483 2899 604 2974 formae,
623 2897 807 2975 Letumque,
826 2896 999 2974 Labosque:

215 3003 293 3066 Tum
309 3003 551 3089 consanguineus
568 3002 633 3069 Leti
649 3001 761 3081 Sopor,
780 3005 809 3062 et
825 2999 904 3061 mala
921 2999 1031 3062 mentis

216 3106 342 3186 Gaudia,
360 3108 614 3188 mortiferumque
630 3107 760 3169 adverso
778 3105 809 3167 in
825 3103 931 3166 limine
946 3098 1093 3168 Bellum.¹

98 3288 224 3375 Sentis,
256 3292 357 3363 Pater
383 3291 519 3388 inclyte,
544 3310 649 3384 quam
680 3287 807 3360 durum
833 3287 1043 3383 quantisque
1067 3290 1170 3363 malis

97 3414 283 3487 obsessum
308 3417 373 3487 iter
398 3415 548 3508 ingressi
576 3434 714 3497 sumus,
737 3423 773 3483 et
796 3434 900 3506 quam
925 3409 1171 3482 inexorabilem

97 3537 284 3610 difficilium
311 3561 426 3610 rerum
451 3537 586 3613 turbam
617 3535 757 3608 obviam
784 3533 955 3605 habemus
981 3533 1015 3603 in
1041 3532 1169 3636 limine.

97 3661 187 3731 Nihil
208 3661 350 3732 divitem
371 3672 490 3732 natum
511 3682 591 3731 esse
612 3659 799 3754 profuerit:
820 3657 905 3727 nibil
925 3656 1092 3749 profuerit
1117 3677 1172 3727 re-

99 3804 177 3873 gem
197 3756 291 3854 ¹nasci
309 3811 315 3851 :
336 3783 438 3855 etiam
463 3781 593 3855 divitiis
618 3781 813 3874 ingentibus
837 3788 1024 3876 paupertas
1052 3780 1171 3854 ultima

98 3906 265 3990 succedit,
280 3918 315 3977 et
332 3928 439 4001 saepe,
459 3907 552 3999 quod
572 3906 619 3977 ait
638 3906 835 3987 Psalmista,
850 3904 977 3975 divites
997 3913 1171 3995 eguerunt

97 4040 132 4100 et
151 4028 368 4100 esurierunt:
390 4028 493 4098 etiam
516 4047 707 4122 purpureos
730 4025 897 4095 thalamos
918 4027 1030 4094 luctus
1052 4024 1170 4115 ingre-

97 4151 201 4237 ditur,
225 4151 329 4222 etiam
351 4152 384 4220 in
408 4172 506 4221 arces
534 4146 784 4220 munitissimas
805 4166 902 4229 cura,
930 4156 1057 4229 metus,
1081 4167 1172 4216 mor-

97 4272 183 4359 bus,
217 4273 315 4345 labor
349 4272 584 4345 adscendunt:
613 4268 717 4340 etiam
751 4265 1032 4358 opulentissimos
1066 4287 1168 4358 reges

98 4395 186 4469 bella
206 4397 427 4468 concutiunt:
445 4395 546 4465 etiam
565 4387 839 4482 vigilantissimis
857 4389 982 4462 animis
1001 4391 1035 4460 in
1056 4390 1170 4461 medio

191 4553 199 4585 ⁶
214 4552 300 4616 virgil.
315 4550 410 4602 renero.
425 4549 464 4599 vr.
