2738 5062
146 587 205 648 aab
482 599 523 647 un
543 597 644 649 nunus
665 598 885 649 unnummnus

145 735 289 820 credidi,
311 758 390 806 cum
412 736 505 808 aliud
526 735 630 808 modo
648 735 743 829 quod
770 732 956 807 scriberem
973 752 1044 804 non
1060 731 1213 815 adesset

144 861 231 931 sorte
249 858 340 930 enim
359 857 482 929 accidit
498 868 549 942 ul,
568 880 647 928 cum
667 879 745 929 sero
763 859 858 928 solus
875 855 964 926 inter
981 859 1094 928 sontes
1112 858 1217 928 multa

144 980 300 1071 cogitans
312 978 559 1063 constitissem,
576 999 801 1069 murmurque
818 976 903 1048 illud
915 975 1136 1060 immensum,
1149 998 1218 1070 quo

145 1125 184 1173 se
210 1100 407 1173 carceribus
433 1099 601 1172 emissum
627 1098 782 1190 gaudens
807 1098 928 1190 Sorgia
959 1098 1057 1170 cavis
1090 1098 1217 1171 circum

145 1224 289 1318 rupibus
307 1224 457 1308 insultat,
473 1221 615 1294 auribus
636 1222 850 1306 hausissem,
869 1232 1011 1317 repente
1028 1221 1074 1293 ad
1090 1243 1221 1294 memo·

145 1347 229 1418 riam
248 1345 377 1418 rediret
396 1346 452 1417 ille
473 1345 639 1440 strepitus
656 1343 714 1437 qui
736 1365 838 1415 aures
859 1354 938 1414 tuas
959 1339 1095 1436 absque
1116 1343 1220 1415 inter-

144 1468 308 1541 missione
328 1468 566 1570 ciroumtonal.
600 1468 719 1560 ltaque
752 1487 888 1536 mecum
913 1464 1004 1536 dixi:
1029 1465 1084 1535 Eu
1110 1464 1219 1538 babes

144 1590 237 1662 unde
257 1591 386 1683 aliquid
405 1590 482 1663 viro
503 1589 548 1660 illi
569 1588 711 1681 egregio
733 1586 881 1670 scribas
899 1608 970 1679 quo
986 1588 1153 1679 perlecto,
1173 1586 1220 1659 si-

143 1724 201 1784 cut
221 1722 258 1784 tu
279 1714 447 1808 speciosae
469 1713 627 1785 servituti
648 1731 724 1783 suae
744 1710 962 1804 compateris,
986 1710 1037 1781 sic
1057 1711 1135 1806 ipsc
1152 1719 1220 1782 luae

144 1833 306 1907 solitariae
326 1836 542 1927 congaudeat
561 1834 717 1906 libertati.
737 1833 921 1925 Reliquum
939 1841 995 1904 est
1014 1842 1067 1918 ut,
1088 1832 1119 1904 si
1137 1854 1219 1906 ocu-

143 1959 195 2029 los
214 1965 292 2029 tuos
313 1956 508 2030 artificiosis
528 1958 720 2055 litterarum
745 1954 912 2027 tractibus
938 1949 1109 2029 ‘assuetos
1135 1957 1220 2030 scri·

142 2078 243 2169 plura
263 2078 420 2149 incultior
439 2079 589 2164 offendit,
611 2089 811 2152 montanum
829 2076 1029 2150 claudicans
1048 2076 1165 2163 sedile,
1182 2090 1218 2151 et

142 2210 339 2270 concretum
352 2210 592 2286 atramentum,
606 2213 641 2273 et
654 2201 816 2294 palustris
829 2221 995 2294 papyrus,
1009 2211 1045 2272 et
1062 2212 1218 2293 pastora-

143 2321 185 2391 lis
205 2306 358 2394 calamus
379 2324 576 2415 culpentur:
597 2346 662 2416 ego
682 2334 799 2394 autern
834 2343 1000 2407 excuser,
1033 2324 1217 2418 digitisque

145 2444 231 2515 meis
253 2451 311 2516 tua
332 2455 448 2537 parcat
469 2444 658 2516 urbanitas.
679 2446 768 2515 Vive
786 2452 823 2513 et
843 2444 932 2515 vale.

284 2589 327 2644 lld
340 2590 444 2645 lculem
457 2591 573 2661 Sergiae,
589 2590 651 2646 IIII.
668 2589 733 2645 Idus
747 2587 828 2643 lunii.

565 3083 743 3149 EPlS'lOLrl
764 3085 797 3148 ll.

221 3274 415 3325 FlllllllClSCUS
435 3275 606 3325 PE'l'lldllCll
627 3276 803 3327 Fatuclsco
825 3276 931 3328 Putem
952 3279 1144 3332 SdNCTORUH

489 3381 719 3431 APOSTOLORUM
741 3382 767 3430 S.
789 3383 817 3431 P.
839 3384 868 3432 b.

175 3552 281 3619 Quibus
295 3552 402 3609 artibus
416 3555 519 3610 amicos
534 3573 599 3612 suos
611 3556 706 3612 fallere
721 3561 855 3629 poluem'l,
870 3561 918 3632 qui
932 3578 997 3616 eum
1011 3562 1047 3618 ab
1060 3565 1179 3637 epistolis

298 3649 438 3707 Pontificis
452 3651 563 3707 Maximi
577 3652 733 3708 renunciari
748 3654 823 3710 omni
839 3655 902 3711 nisu
916 3656 1061 3714 curabant.

237 3910 402 3983 Flebilem
416 3911 665 4008 ridiculamque
680 3941 752 3990 rem
771 3919 904 3992 audies.
926 3922 1075 3992 Vocatus
1093 3919 1138 3992 ad
1154 3941 1212 3991 cu-

140 4030 226 4119 riam
246 4035 343 4120 veni,
365 4034 495 4108 curiam
517 4037 607 4110 hanc
627 4061 706 4133 quae
723 4040 766 4112 de
784 4043 892 4113 Roma
910 4042 993 4113 nihil
1010 4054 1138 4136 praeter
1153 4061 1214 4112 no-

140 4174 221 4224 men
241 4157 379 4241 retinet;
400 4169 435 4230 et
454 4159 536 4230 veni
556 4162 709 4233 omnium
731 4184 811 4257 qnae
835 4187 920 4257 erga
946 4187 1002 4236 me
1026 4173 1213 4258 agerentur

138 4275 298 4369 ignarus,
322 4302 515 4373 nunquam,
545 4284 574 4355 si
600 4283 683 4376 quid
715 4286 798 4357 mihi
827 4287 991 4374 creditur,
1025 4270 1205 4369 venturos,

141 4397 263 4470 sciens.
286 4400 330 4470 Et
354 4402 452 4494 quid,
479 4404 629 4498 inquies,
658 4407 762 4499 igilur
795 4418 827 4477 te
860 4409 1039 4482 trahebat?
1057 4411 1210 4482 Proiecto
