2738 5062
148 638 187 700 22
483 653 524 702 ur
546 652 645 702 arnus
664 652 884 704 summamus

45 799 48 805 “
74 845 83 873 .
146 819 245 880 uum,
267 817 379 889 quem
399 794 429 866 si
447 795 524 888 quis
546 796 682 888 penitus
700 806 866 888 agnoscat
890 819 994 890 quam
1019 798 1136 873 multis
1153 824 1217 899 pe

146 919 264 991 riculis
286 917 330 989 sit
354 920 514 1000 refertus,
541 940 585 988 ne
610 917 707 989 humi
738 921 878 1015 quidem
903 922 1070 996 iacentem
1096 926 1217 1001 tolera

146 1044 260 1114 vellet.
279 1041 347 1113 Sed
363 1037 429 1112 hoc
441 1041 603 1112 Hadriani
617 1042 736 1126 Quarti
756 1042 886 1117 dictum
906 1048 1021 1118 minus
1034 1049 1216 1141 vulgatum

146 1174 211 1248 est,
233 1164 326 1257 quod
345 1165 432 1235 inter
453 1163 613 1257 sophicos
634 1186 747 1256 nugas
767 1165 898 1258 legiis
918 1190 1004 1261 ergo
1024 1168 1139 1243 dicere
1161 1192 1218 1242 so-

146 1288 239 1360 lebat
257 1286 350 1379 quod
370 1307 512 1356 romano
523 1283 687 1357 Pontifice
699 1309 801 1359 nemo
815 1289 1045 1364 miserabilior
1057 1303 1120 1377 est,
1134 1316 1218 1365 cou-

145 1410 274 1483 ditioue
293 1408 368 1479 eius
389 1409 481 1479 nulla
497 1407 670 1493 miserior,
693 1419 729 1480 et
748 1409 777 1480 si
797 1411 881 1483 nihil
906 1412 1000 1486 aliud
1024 1415 1136 1497 laedat,
1153 1438 1216 1487 ne-

144 1555 244 1608 cesse
262 1540 318 1604 est
336 1538 375 1602 ut
394 1529 560 1602 citissime
582 1532 637 1600 vel
655 1532 728 1601 solo
740 1529 856 1604 labore
871 1533 1015 1607 deficiat.
1030 1535 1216 1611 Fatebatur

144 1657 236 1730 enim
256 1655 292 1727 in
308 1677 350 1726 ea
371 1654 452 1725 sede
473 1662 585 1724 tanes
606 1675 645 1725 se
665 1653 824 1726 miserias
844 1655 1035 1742 invenisse,
1063 1667 1102 1728 ut
1125 1659 1215 1732 sacta

144 1778 323 1851 collatione
344 1776 513 1872 principii,
533 1785 605 1848 tota
625 1775 690 1847 sibi
715 1777 915 1871 praecedens
941 1773 1135 1853 amaritudo
1159 1781 1214 1852 iu-

143 1902 301 1977 cunditas
322 1913 357 1973 et
374 1900 444 1971 vita
464 1899 660 1971 felicissima
680 1901 868 1972 videretur.
883 1901 1063 1994 Spinosam
1077 1901 1214 1976 dicebat

143 2023 341 2096 cathedram
374 2023 505 2094 romani
534 2020 719 2108 Pontificis,
746 2032 782 2094 et
814 2032 967 2095 mantum
1001 2026 1212 2098 acutissimis

145 2165 394 2239 usquequaque
431 2155 628 2214 consertum
662 2145 803 2232 aculeis,
837 2157 1008 2241 tantaeque
1040 2148 1148 2233 molis,
1174 2157 1214 2219 ut

143 2267 405 2341 robustissimos
426 2276 528 2351 terat·
537 2279 671 2360 premat
694 2279 730 2340 et
753 2281 942 2343 concurret
957 2270 1138 2352 humeros;
1155 2293 1214 2342 co

143 2414 261 2464 ronam
281 2400 316 2464 et
339 2390 478 2482 frigium
502 2393 594 2462 clara
627 2394 748 2463 merito
777 2394 899 2478 videri,
933 2394 1094 2487 quoniam
1112 2394 1213 2485 ignea

143 2523 233 2586 sunt.
255 2514 342 2586 illud
360 2512 554 2609 saepissime
575 2514 739 2586 adiiciens
761 2514 862 2604 quod,
884 2537 963 2585 cum
985 2515 1028 2585 de
1054 2514 1164 2603 gradu
1177 2515 1212 2584 in

74 2660 76 2664 ·
142 2640 288 2732 gradum
303 2662 322 2711 a
339 2639 514 2711 claustrali
527 2639 650 2711 clerico
662 2660 724 2732 per
737 2637 852 2708 omnia
864 2637 975 2707 officia
988 2637 1022 2706 in
1037 2660 1211 2708 summum

139 2762 337 2836 Pontificem
350 2764 598 2849 adscendisset,
610 2761 690 2833 nihil
704 2784 856 2855 unquam
869 2760 1037 2833 felicitatis
1051 2772 1111 2831 aut
1120 2769 1213 2830 tran-

141 2888 256 2981 quillae
277 2888 401 2982 quietis
422 2890 505 2961 vitae
525 2887 630 2985 priori
651 2885 821 2959 adiectum
838 2894 935 2957 esset
953 2907 1000 2957 ex
1020 2885 1210 2958 adscensu:

145 3041 159 3076 u
188 3012 223 3081 in
240 3012 376 3098 incude,
395 3012 522 3097 aiebat,
544 3025 578 3083 et
598 3014 720 3083 malleo
744 3033 882 3103 semper
901 3008 1058 3079 dilatavit
1078 3030 1133 3077 me
1149 3007 1213 3095 do-
1241 3106 1245 3112 Ι

145 3163 160 3198 1
189 3136 312 3218 minus,
336 3135 398 3206 sed
415 3156 506 3204 nunc
519 3133 614 3201 oneri
626 3130 921 3222 quod-infirmitati
935 3151 1024 3198 meae
1038 3130 1209 3220 imposuit,

145 3284 160 3319 r
190 3257 219 3326 si
237 3259 355 3347 placet,
379 3262 549 3344 supponat
566 3251 755 3333 dexteram,
776 3251 938 3341 quoniam
953 3249 1035 3318 mihi
1049 3249 1213 3342 importa-

146 3401 162 3439 »
189 3373 256 3446 hile
268 3385 334 3446 est.
352 3404 367 3438 r
391 3374 472 3442 Haec
489 3373 620 3443 eisdem
638 3393 738 3465 paene
756 3369 873 3440 verbis
887 3369 930 3441 ad
942 3377 1142 3442 contextum
1156 3395 1212 3444 re-

143 3497 204 3568 tuli
224 3496 351 3591 quibus
372 3494 417 3567 ab
436 3496 494 3567 illo
515 3495 641 3590 scripta
663 3499 743 3564 sunt
761 3492 819 3586 qui
833 3515 879 3564 ex
892 3514 952 3565 ore
965 3492 1137 3585 loquentis
1151 3517 1212 3566 au-

142 3621 263 3693 dierat.
281 3619 372 3705 Quid
392 3619 518 3703 dicam,
540 3617 607 3690 nisi
628 3616 832 3690 acerrimum
846 3625 949 3709 atque
963 3614 1210 3707 gravissimum

141 3745 266 3838 proprii
281 3733 391 3815 status
404 3742 648 3838 aestimatorem
670 3740 884 3834 dignumque
899 3740 960 3834 qui
985 3742 1147 3813 velociter
1166 3742 1212 3814 ad

141 3877 292 3939 aeternas
313 3868 426 3952 sedes
449 3865 548 3959 gravi
566 3866 622 3938 illo
639 3867 732 3938 fasce
748 3864 915 3958 deposito,
942 3865 1211 3936 transferretur?

142 3990 211 4062 Sed
227 4000 266 4061 ut
286 3992 331 4064 ad
351 4001 384 4063 te
401 3989 549 4072 redeam,
568 3988 613 4060 da
633 3987 770 4060 veniam
802 3987 1012 4059 familiariter
1037 3986 1209 4081 glorianti.

141 4112 176 4181 Si
197 4120 308 4185 status
329 4113 377 4185 tui
398 4111 570 4185 desiderio
591 4119 759 4202 tangerer,
781 4108 865 4202 quid
881 4130 972 4180 nunc
997 4128 1210 4202 possemne-
1256 4178 1257 4184 ,

131 4237 228 4308 scio:
250 4235 312 4307 sed
332 4257 424 4329 saepe
442 4257 503 4328 per
523 4235 587 4306 hos
608 4254 717 4306 annos
738 4232 831 4327 potui
851 4255 921 4304 non
938 4231 1041 4303 modo
1061 4240 1131 4301 tuae
1150 4251 1208 4322 pa-

140 4375 221 4445 rem,
245 4359 308 4430 sed
327 4357 574 4452 opulentiorem
595 4358 714 4431 sedem
740 4355 921 4436 scandere;
946 4375 1048 4446 quem
1063 4354 1209 4425 adscen-

142 4505 218 4556 sum
242 4502 379 4574 semper
399 4502 467 4552 non
484 4479 595 4555 dicam
616 4480 748 4575 sprevi,
772 4479 836 4554 sed
853 4475 1031 4550 exhorrui:
1045 4475 1146 4551 cuius
1159 4474 1209 4549 rei
