2738 5062
317 702 408 751 unsa
429 702 721 761 octavusdecimus.
732 720 772 734 ·-
782 702 936 751 nulsione
957 703 977 751 l.
1123 689 1180 752 267

114 837 263 909 sentiant
281 836 355 908 sine
377 837 630 910 intermissione
650 834 872 933 providerint,
890 856 1036 908 necesse
1052 844 1108 906 cst
1123 857 1185 928 per

113 958 422 1053 impurissimorum
451 959 625 1030 hominum
652 980 714 1030 ora
741 962 952 1042 volutentur,
974 957 1068 1051 quod
1092 959 1185 1029 nulla

112 1102 264 1173 unquam
288 1081 432 1153 felicitas
454 1080 565 1152 vitare
584 1082 706 1174 quivit.
729 1081 837 1153 lmmo
855 1083 974 1176 inopes
992 1091 1027 1153 et
1046 1080 1185 1154 obscuri

110 1203 268 1277 homines
286 1204 378 1276 taciti
398 1225 498 1299 paene
518 1205 632 1276 omnia
652 1204 687 1273 in
709 1202 860 1276 tenebris
881 1212 1004 1296 agunt:
1026 1201 1185 1275 laboibus

110 1329 213 1399 nullae
235 1335 318 1399 sunt
333 1325 489 1411 latebrae,
512 1327 604 1397 nulla
625 1327 771 1398 silentia.

493 1491 650 1555 Secretum
666 1491 769 1555 divitis
786 1491 885 1554 ullum

248 1599 320 1662 Esse
336 1597 443 1677 1111151
460 1597 544 1661 servi
561 1602 595 1659 ut
610 1603 740 1674 taceant,
758 1596 893 1659 iumenta
910 1597 1090 1675 loquuntur,

245 1703 283 1766 llt
298 1703 381 1767 canis
398 1707 428 1765 et
443 1707 545 1781 postes
563 1708 592 1765 et
608 1716 773 1766 marmora.
790 1700 899 1765 Claude
915 1700 1077 1776 fenestras,

246 1807 316 1871 llela
332 1813 432 1886 tegant
449 1806 557 1883 rimas,
575 1805 668 1884 iunge
684 1804 775 1880 ostia,
794 1803 889 1867 tollito
903 1804 1006 1866 lumen

247 1913 270 1975 E
288 1911 403 1987 medio,
421 1917 536 1974 taceant
552 1926 672 1987 omnes,
690 1926 785 1990 prope
802 1924 892 1971 nemu
910 1907 1066 1971 recumbat
1072 1930 1082 1984 ;

151 2002 153 2006 ’
245 2015 333 2090 Quod
349 2024 449 2079 tamon
467 2014 502 2077 ad
520 2019 642 2078 cantum
659 2012 727 2092 galli
744 2012 814 2076 lacit
829 2012 877 2077 ille
894 2013 1019 2077 secundi

245 2120 408 2185 Proximus
425 2128 494 2184 ante
511 2119 593 2184 diam
609 2135 705 2199 caupo
722 2111 826 2182 51111ι

109 2303 209 2386 Quod
241 2304 283 2375 iis
317 2305 434 2376 verbis
468 2328 488 2377 a
523 2305 673 2400 satyrico
704 2303 849 2390 dictum,
883 2307 913 2377 si
941 2307 1010 2378 nllo
1030 2325 1182 2399 unquam

110 2439 263 2520 tempure
283 2449 405 2499 verum
426 2428 503 2513 suit,
529 2440 649 2501 nostra
668 2437 771 2500 aetate
796 2429 1019 2501 verissimum
1039 2428 1186 2500 11181-

107 2549 225 2622 lebant
247 2551 380 2622 romani
402 2560 544 2624 senatus
569 2554 639 2623 alta
658 2551 801 2625 consilia
825 2551 995 2646 profundo
1022 2560 1112 2624 tecta
1137 2550 1186 2622 si-

107 2673 212 2745 lentio
237 2695 305 2745 non
329 2673 425 2766 prins
445 2696 626 2767 emergere
652 2699 757 2769 quam
782 2675 877 2768 quod
903 2684 1084 2747 tractatum
1110 2685 1186 2746 erat

107 2794 142 2866 in
162 2798 313 2869 thalamo
337 2795 530 2888 magnificis
551 2797 685 2869 actibus
712 2799 921 2891 impleretur.
949 2797 1068 2889 ltaque
1088 2817 1185 2890 stepo

106 2896 259 2990 maxima
285 2918 373 2991 bella
398 2918 473 3010 geri
498 2918 594 3012 prius
621 2918 809 2991 audiebant
837 2929 959 3010 gentes
985 2939 1091 3010 quam
1123 2939 1184 3008 ge-

108 3039 215 3114 renda
248 3040 462 3124 sensissent,
496 3041 546 3113 sic
577 3043 703 3112 laruam
737 3039 849 3113 bellici
882 3050 1070 3133 apparatus
1102 3039 1185 3112 belli

107 3162 218 3258 ipsius
250 3165 340 3235 lama
371 3172 613 3257 praecesserat.
646 3162 850 3234 Nostrorum
883 3184 968 3235 vero
1001 3173 1183 3233 senatuum

107 3307 176 3357 nou
209 3309 252 3359 ea
283 3288 498 3359 taciturnitas
524 3309 615 3359 nuuc
638 3295 715 3358 est:
740 3296 864 3358 cuncta
889 3285 986 3379 prius
1011 3285 1048 3356 in
1073 3282 1184 3356 triviis

108 3409 386 3481 muliercularum
400 3409 523 3482 audias
536 3408 708 3481 celebrata
722 3408 959 3493 sermunculis,
968 3430 1073 3503 quam
1086 3404 1183 3478 liant:

109 3541 145 3601 et
168 3531 263 3624 quod
282 3541 338 3604 est
357 3532 498 3617 vaniuS,
528 3534 635 3603 multa
667 3552 747 3624 qnae
777 3553 955 3624 nunquam
988 3529 1082 3602 fient.
1118 3527 1185 3603 Sed

109 3652 154 3725 ad
170 3654 343 3747 inceptum
362 3655 474 3727 redire
492 3654 616 3726 melius
630 3654 741 3738 suerit,
756 3676 860 3748 quam
877 3677 971 3746 vaga
987 3652 1183 3725 narratione

109 3779 241 3847 nullum
274 3777 468 3868 corrigere,
496 3780 622 3849 multos
647 3774 831 3849 offendere.
863 3776 1013 3847 Plurima
1045 3773 1184 3868 quidem

111 3907 201 3981 sunt,
222 3896 352 3991 optimc
370 3896 534 3983 virorum,
557 3919 638 3991 quae
659 3920 778 3970 secum
799 3899 865 3968 sert
885 3896 957 3968 vita
977 3896 1145 3979 mortalis,
1164 3915 1185 3964 a

109 4018 238 4111 quibus
260 4041 329 4090 non
350 4018 567 4091 mediocritas
594 4029 719 4102 status,
742 4040 810 4089 uon
833 4017 1024 4099 humilitas,
1051 4037 1120 4087 non
1145 4017 1185 4087 li-

100 4139 209 4213 ·berat
233 4140 397 4224 altitudo;
433 4141 494 4213 sed
527 4141 561 4211 in
595 4139 650 4210 his
678 4161 796 4212 amara
820 4140 929 4210 multo
954 4140 1054 4232 plura
1079 4161 1184 4231 quam

109 4262 237 4348 dulcia,
273 4273 312 4335 ut
336 4286 401 4335 uec
432 4263 600 4335 immerito
625 4262 692 4336 dici
717 4271 820 4357 putes
844 4264 879 4333 in
906 4261 1078 4334 vestibulo
1102 4262 1185 4333 vitae

109 4382 179 4458 duo
204 4383 295 4457 dolia
328 4407 430 4457 esse:
463 4386 564 4457 dulce
591 4393 697 4458 duum
725 4385 789 4456 sed
815 4384 1000 4478 exiguum,
1027 4405 1182 4457 amarum

204 4543 212 4574 ⁴
229 4543 339 4595 luvenal.
352 4542 404 4594 Sat.
421 4541 471 4593 Vll.
