2738 5062
360 660 450 708 urunu
473 657 934 707 uouusnucurus.-rrursruuu
959 660 1008 706 ru.
1162 647 1216 706 ‚3:31

555 912 731 976 urtstotu
754 913 808 974 ili.

221 1082 417 1133 FRANCISGUS
438 1084 605 1132 PETRARCA
626 1085 802 1134 Fuuuctsco
823 1085 928 1136 Putout
949 1087 1138 1137 sauciorum

489 1189 722 1239 Auosuotouurt
743 1190 769 1238 S.
792 1192 818 1238 P.
842 1191 870 1238 Ι).

291 1351 327 1404 Se
342 1355 452 1404 nortem
468 1351 598 1420 praeferre
612 1351 675 1404 diei.
693 1351 726 1405 Et
740 1368 791 1422 pro
806 1352 893 1406 amico
908 1353 1067 1407 humaniter

525 1446 636 1511 recepto
652 1441 753 1510 gratias
771 1441 835 1511 agit.

238 1650 345 1721 Seous
366 1648 490 1720 accidit
510 1650 717 1743 mihiquem
739 1653 866 1723 diantio
886 1654 1021 1744 pictori,
1048 1653 1108 1747 qui
1140 1675 1219 1727 cum

144 1781 310 1845 venustas
332 1771 500 1863 imagines
518 1794 622 1844 manu
641 1795 706 1845 sua
722 1774 844 1866 pictas,
861 1784 979 1866 turpes
997 1786 1112 1846 autem
1131 1773 1220 1847 filios

142 1893 300 1981 haberet,
323 1895 572 1988 interrogatae,
595 1896 679 1989 quid
705 1897 751 1968 ita
785 1897 907 1968 melius
934 1898 1092 1990 pingeret
1114 1919 1219 1991 quam

141 2017 303 2120 fingeret,
318 2020 444 2111 lepidae
457 2020 642 2112 quaestioni
656 2020 821 2090 festivum
835 2019 986 2091 reddidit
998 2041 1219 2113 responsum:

141 2143 221 2235 quia
241 2140 446 2213 intenebris
469 2140 576 2233 fingo,
600 2141 722 2234 inquit,
745 2143 823 2213 tuoe
844 2151 960 2213 autem
990 2144 1105 2234 pingo.
1131 2143 1221 2213 Con·

142 2277 193 2337 tra
210 2287 277 2356 ego
297 2284 378 2357 quae
399 2264 433 2334 in
453 2264 604 2335 tenebris
625 2264 730 2334 animi
750 2264 913 2337 manibus
931 2263 1024 2357 fingo
1040 2275 1075 2336 et
1095 2265 1219 2358 cogito,

141 2390 197 2460 vel
218 2386 421 2461 formosiora
443 2389 499 2457 vet
533 2386 647 2458 miuus
676 2398 770 2460 certe
800 2385 968 2460 deformia
993 2398 1087 2472 sunt,
1115 2409 1219 2482 quam

140 2530 222 2603 quae
247 2510 324 2580 luce
344 2509 458 2580 media
479 2508 534 2578 his
551 2508 706 2600 digitulis
727 2510 845 2602 pingo:
863 2534 931 2582 non
965 2511 1058 2603 quod
1087 2530 1149 2602 per
1181 2530 1221 2580 se

141 2631 250 2725 ipsum
274 2627 356 2699 mihi
378 2631 440 2700 tux
460 2641 595 2714 noceat,
618 2652 698 2723 quae
719 2653 787 2702 non
809 2630 875 2700 nisi
893 2631 949 2699 vel
964 2629 1063 2720 tippis
1077 2630 1133 2699 vel
1148 2650 1220 2700 ma-

141 2751 248 2826 leficis
268 2750 390 2824 odiosa
406 2763 476 2836 est,
499 2751 562 2825 sed
581 2753 663 2847 quia
682 2751 804 2822 invisis
821 2749 1105 2846 occupationibus
1123 2750 1219 2820 viam

141 2874 271 2970 pandit,
294 2898 383 2970 quas
403 2876 514 2947 amica
534 2885 570 2945 et
596 2875 703 2947 silens
728 2882 824 2945 arcet
858 2871 1023 2967 opacitas.
1060 2871 1152 2956 Quid
1185 2883 1220 2944 te

142 3003 279 3071 morer?
296 3000 382 3071 Cum
400 2999 444 3070 ad
471 3008 504 3069 te
525 3002 631 3069 multa
664 3019 727 3090 per
759 3007 893 3067 noctem
926 2994 1070 3066 memori
1103 2996 1220 3067 auimo

140 3121 341 3204 dictassem,
365 3124 442 3193 tuce
459 3143 614 3205 reversa,
634 3123 767 3193 calamo
783 3140 932 3190 exarare
949 3117 1012 3188 vix
1029 3117 1218 3210 quidquam

141 3243 213 3315 tuit.
235 3243 298 3314 Tot
314 3241 418 3313 ianua
438 3252 602 3333 personat
618 3241 754 3324 ictibus,
778 3250 827 3310 tot
848 3238 998 3333 undique
1013 3236 1218 3310 diurnarum

141 3366 233 3438 acies
249 3386 429 3446 curarum,
449 3374 498 3436 tot
516 3365 706 3436 amicorum
725 3384 857 3456 preces,
880 3371 930 3434 tot
951 3383 1134 3434 servorum
1168 3363 1219 3434 la-

142 3498 258 3561 menta
286 3487 586 3581 circumstrepunt.
620 3485 722 3579 Piger
750 3484 815 3557 iste
844 3484 962 3557 multis
991 3484 1075 3556 mihi
1105 3485 1219 3556 ventis

141 3613 236 3685 ocior
254 3614 381 3684 Bootes
400 3620 468 3683 tum
491 3610 610 3704 rapido
631 3611 727 3682 flexu
748 3609 924 3682 bisetium
946 3609 1107 3682 noctibus
1122 3611 1219 3704 ptau·

142 3742 214 3807 stra
233 3744 325 3806 rotat
340 3734 500 3826 algentia.
534 3734 677 3806 Noctem
706 3756 870 3820 curarum
903 3733 1071 3806 nutricem
1107 3731 1220 3801 maxi·

142 3876 234 3926 mam
254 3855 428 3927 aitNaso:
456 3853 539 3924 mihi
573 3855 635 3923 tux
667 3874 829 3925 curarum
863 3852 1049 3925 difficilium
1087 3872 1128 3921 ac
1159 3852 1240 3952 tri-⁸

142 3976 247 4049 stium
281 4000 408 4071 pareus
439 3985 507 4047 est:
537 3996 608 4047 uox
632 3973 757 4045 silentii
779 3986 815 4045 et
837 3974 974 4067 quietis.
1008 3975 1052 4043 Et
1081 3971 1219 4044 miraris

141 4101 238 4192 quod
254 4100 373 4194 paucis
390 4102 510 4195 placeo
525 4098 582 4171 cui
597 4121 677 4169 oum
695 4094 815 4190 paucis
835 4094 1010 4180 convenit,
1030 4097 1085 4166 cui
1103 4096 1219 4167 omniu

142 4223 212 4295 tere
229 4225 329 4296 aliter
345 4223 509 4296 videntur
525 4245 565 4295 ac
578 4225 737 4313 vulg0,u
762 4241 831 4314 quo
857 4240 993 4312 semper
1020 4219 1113 4311 quod
1146 4222 1219 4290 lon·

142 4346 288 4436 gissime
307 4347 409 4419 abest
427 4346 463 4416 id
491 4347 629 4438 penitus
653 4353 783 4416 rectum
808 4342 874 4412 iter
901 4344 1052 4413 censeo?
1079 4341 1149 4412 Sed
1175 4362 1218 4411 ne

142 4489 263 4543 omnes
282 4480 467 4542 nocturnos
484 4478 672 4560 conceptus
692 4466 756 4537 diui
779 4463 906 4534 matitia
924 4464 1076 4552 coegerit
1091 4461 1217 4532 aborti-
