2738 5062
403 660 495 710 treen
517 662 921 714 enunciare-eumeni
945 668 974 714 n.
1170 657 1223 719 tot

573 919 748 984 EPISTULA
771 922 801 985 il.

210 1081 413 1133 runuctscus
434 1083 601 1134 Purutnclt
622 1087 755 1137 tottnuttt
774 1089 816 1137 DE
839 1090 1007 1141 cautando
1031 1093 1056 1142 S.
1074 1094 1102 1142 P.
1120 1094 1150 1143 l).

314 1241 448 1308 Quaedam
463 1242 584 1297 earmina
597 1243 623 1297 ei
638 1244 738 1300 mittit:
759 1245 902 1302 adversam
917 1247 1057 1305 fortunam

345 1338 374 1386 et
388 1330 490 1385 eaedom
504 1331 596 1387 Jaeebi
612 1331 638 1387 11
653 1332 836 1390 Carrariensis
851 1337 1029 1392 lamentatur.

241 1548 409 1639 Magnum
427 1556 563 1641 tempus
578 1548 714 1619 etlluxit
730 1570 775 1619 ex
789 1571 858 1641 quo
871 1570 1012 1620 carmen
1027 1558 1123 1621 tuum
1138 1571 1225 1623 onu-

140 1680 238 1742 stum
257 1667 484 1762 querimoniis
504 1669 548 1740 ad
570 1692 624 1741 me
645 1671 750 1744 venit.
770 1670 890 1755 Cuius,
912 1682 1081 1764 quantum
1103 1674 1225 1746 merni-

140 1794 241 1865 nisse
252 1792 363 1874 valeo‚
378 1812 514 1863 summa
528 1806 611 1876 erat,
627 1793 729 1887 quod,
744 1817 822 1864 cum
837 1793 926 1863 inter
939 1796 1103 1886 vulgares
1116 1797 1222 1869 etiam

140 1917 376 2011 profanosque
402 1913 522 1987 erebra
547 1915 606 1988 otii
632 1917 700 1988 mei
725 1916 955 2008 vulgarentur
980 1918 1163 2009 opuscula,
1186 1928 1224 1990 tu

133 2060 255 2124 unus,
277 2061 348 2132 quo
368 2060 471 2109 nemo
492 2061 605 2110 rerum
627 2024 782 2111 mearum
804 2038 1031 2133 appetentior,
1055 2062 1158 2111 nemo
1178 2061 1226 2111 ex

144 2162 198 2233 eis
212 2163 367 2234 solamen
385 2162 518 2252 gratius
536 2172 776 2256 pereepturus,
795 2185 922 2257 expers
940 2163 1058 2234 talium
1076 2162 1225 2236 habere-

148 2281 211 2353 ris.
231 2283 291 2353 Cui
310 2292 393 2354 tuno
412 2282 543 2376 aliquot
562 2285 755 2357 versiculos
773 2285 919 2370 reddidi,
942 2286 1128 2357 festinante
1148 2286 1225 2380 qui-

149 2402 231 2475 dem
251 2402 391 2488 mlamo,
415 2426 485 2477 non
505 2404 607 2478 aliam
633 2406 678 2480 ob
702 2428 844 2478 eausam
869 2407 936 2479 nisi
961 2429 1005 2477 ne
1031 2409 1222 2480 lamentum

147 2538 245 2598 tuum
264 2528 465 2620 neglexisse
485 2550 539 2600 me
559 2530 734 2616 crederes,
755 2530 968 2623 eosdemque
989 2531 1052 2601 vix
1078 2532 1123 2603 ad
1147 2531 1223 2602 exi-

144 2657 219 2720 tum
240 2648 427 2742 perductos
460 2651 549 2722 inter
584 2654 748 2725 contusos
782 2653 1031 2748 seripturarum
1065 2655 1223 2725 cumulos

142 2770 297 2871 perdidi:
310 2774 380 2867 qui,
400 2774 478 2845 licet
498 2796 592 2870 saepe
614 2799 683 2848 non
705 2776 804 2867 segni
827 2776 944 2847 studio
964 2775 1117 2868 quaesiti,
1136 2797 1225 2844 nun-

142 2917 249 2989 quam
269 2905 393 2990 postea
414 2896 481 2968 sub
501 2897 619 2969 oeulos
640 2917 738 2967 meos
764 2896 965 2978 redierunt,
992 2918 1083 2965 nunc
1109 2906 1224 2968 tamen

145 3018 261 3091 subito
279 3028 408 3114 praeter
429 3042 527 3116 spem
549 3039 628 3091 sese
647 3016 764 3110 agenti
788 3017 881 3088 atiud
906 3016 1141 3107 ingesserunt.
1168 3018 1224 3089 ln-

144 3142 390 3236 tempestivum
411 3145 522 3236 primo
544 3143 658 3216 visum
677 3151 732 3213 est
751 3161 813 3212 eos
838 3138 883 3211 ad
915 3150 948 3211 te
982 3138 1128 3211 mittere.
1156 3141 1225 3212 Sed

142 3265 321 3359 quoniam,
345 3274 382 3336 ut
402 3287 470 3358 ego
490 3265 610 3350 sentio,
629 3274 665 3336 et
681 3263 748 3360 ipsi
767 3262 869 3336 etiarn
887 3263 923 3335 in
943 3262 1015 3335 line
1035 3271 1222 3345 testantur,

142 3398 265 3460 nostra
278 3386 338 3458 tibi
351 3388 466 3459 omnia
478 3387 644 3484 placitura
657 3370 872 3473 confidimus,
889 3397 1021 3459 mutare
1038 3384 1222 3458 consilium

139 3510 257 3595 tibuit,
281 3511 383 3582 simul
403 3519 442 3582 ut
461 3532 516 3582 me
536 3511 669 3603 pridem
689 3509 756 3593 tibi,
776 3510 861 3582 dum
878 3509 1032 3604 perditos
1047 3507 1221 3592 nunciavi,

144 3655 212 3707 uon
233 3630 314 3706 fieta
335 3636 486 3706 locutum
508 3632 729 3725 intelligeres.
744 3633 856 3705 Unum
875 3644 969 3704 tanto
987 3631 1153 3724 temporis
1172 3631 1224 3699 in-

148 3759 292 3831 tervallo
305 3758 504 3831 nominatim
518 3757 708 3843 addidisse,
724 3780 768 3829 ne
780 3779 849 3851 qua
862 3780 907 3829 ex
922 3766 1019 3852 parte
1034 3766 1066 3826 te
1080 3756 1220 3835 lateam,

146 3902 253 3975 prope
282 3879 515 3953 neeessariam
547 3879 720 3951 duxerim.
752 3880 787 3950 Si
808 3878 947 3972 quidem
974 3898 1118 3949 carmen
1139 3874 1223 3946 illud

146 4025 260 4076 meum
282 4005 364 4076 olim
383 4003 443 4075 tibi
461 4003 641 4097 seriptum,
661 4027 752 4076 nune
772 4004 913 4076 demum
936 4000 980 4071 ad
1002 4011 1036 4071 te
1056 3998 1220 4078 veniens,

144 4149 200 4198 me
217 4150 296 4199 eum
309 4127 447 4198 sortuna
459 4148 559 4221 paene
576 4127 688 4220 aequis
708 4125 841 4196 viribus
859 4143 1090 4215 congressum
1110 4133 1145 4193 et
1161 4143 1224 4192 ve-

146 4252 197 4322 lut
216 4251 251 4323 in
272 4252 347 4325 acie
368 4249 580 4322 laborantem
600 4249 659 4320 tibi
680 4248 814 4331 offeret,
836 4269 905 4319 non
929 4259 1042 4318 tamen
1063 4245 1139 4317 siue
1160 4265 1221 4336 spe

150 4396 273 4466 magna
294 4371 460 4443 victoriae.
480 4373 550 4442 lar'n
569 4391 625 4441 me
641 4369 736 4440 haud
753 4368 858 4439 dubie
876 4368 1058 4451 victorem,
1077 4364 1144 4436 nisi
1162 4366 1224 4433 fal-

147 4495 209 4580 lor,
226 4494 303 4567 dies
322 4495 457 4586 longior
480 4493 569 4564 feeit.
591 4491 749 4562 Vivende
767 4490 869 4562 didici
890 4491 972 4560 vitae
992 4489 1080 4560 bella
1099 4495 1223 4558 tracta-
