2738 5062
433 717 525 767 nrnen
546 718 869 769 nonus-nmsrom
893 724 920 770 v.
1175 710 1212 774 27

144 858 293 942 habebo,
315 861 487 934 interdum
507 862 611 933 etiam
631 864 720 934 3113
741 864 870 955 lingua,
888 874 923 936 31
939 865 1089 956 gratuito
1106 870 1216 941 laces-

141 994 261 1057 sentes
282 984 355 1078 pari
377 1008 538 1057 mucrone
559 986 799 1079 repercutiam
826 1009 936 1081 eoque
964 987 1121 1060 validiori
1146 1013 1216 1083 quo

139 1109 239 1180 lacile
271 1107 506 1202 obtusumquc
539 1108 754 1182 mendacium
785 1119 853 1195 est,
888 1122 1050 1202 peracuta
1083 1111 1215 1183 veritas

139 1229 361 1303 adamantina
382 1231 471 1301 acie:
485 1253 608 1325 meque
623 1233 736 1326 ipsum
751 1232 899 1318 solabor,
914 1235 1069 1326 cogitans
1083 1235 1118 1307 id
1131 1237 1214 1307 mihi

140 1375 361 1448 nequaquam
381 1364 601 1440 eventurum,
624 1355 690 1427 nisi
707 1358 903 1449 plusculum
920 1359 1067 1429 sortasse
1086 1359 1216 1452 aliquid

140 1500 244 1571 quam
266 1498 358 1561 sum,
382 1499 446 1548 scu
465 1488 558 1549 certe
584 1500 687 1572 quam
713 1501 768 1550 me
788 1501 869 1551 esse
889 1481 1040 1574 cupiunt,
1064 1482 1166 1577 lippis
1178 1491 1215 1552 et

140 1598 289 1692 obliquis
310 1600 418 1670 oculis
440 1601 588 1672 viderer.
609 1603 776 1673 Extrema
794 1624 871 1674 sors
890 1611 945 1675 est
961 1627 1066 1697 quam
1085 1603 1215 1675 invidia

141 1745 210 1795 non
232 1724 375 1817 attingit.
396 1726 572 1796 Platonem
592 1727 715 1812 lerunt,
737 1749 816 1798 cum
840 1727 873 1797 ei
893 1728 1113 1801 aooaetaneis
1126 1728 1216 1799 invi-

139 1846 289 1931 deretur,
306 1848 482 1918 Socralem
497 1848 739 1940 interrogasse,
758 1848 887 1943 quibus
908 1851 1044 1923 artibus
1062 1849 1108 1921 ab
1127 1850 1216 1921 invi-

140 1971 196 2043 dia
213 1983 309 2043 tutus
329 1982 434 2043 esset.
451 1972 512 2042 Cui
527 1972 700 2043 Socrates:
720 1973 818 2055 Vive,
838 1974 955 2065 inquit,
972 1984 1010 2044 ut
1023 1973 1212 2044 Thersites.

140 2095 290 2186 Elegans
324 2096 425 2187 plane
456 2096 635 2188 responsio
669 2093 738 2165 laeti
763 2095 923 2186 doctique
943 2095 1091 2166 hominis
1112 2095 1157 2166 ad
1179 2095 1213 2166 id

140 2221 234 2313 quod
250 2220 440 2314 discipulus
458 2217 645 2311 quaerebat.
664 2218 755 2289 Vere
772 2227 888 2289 autem
907 2219 1016 2291 salius
1034 2221 1141 2291 multo
1157 2229 1213 2290 est

141 2339 283 2412 Achillis
314 2363 392 2412 cum
426 2340 556 2412 invidia
588 2340 758 2426 virtutem,
782 2364 886 2436 quam
920 2343 1051 2435 absque
1082 2342 1213 2413 invidia

143 2464 306 2536 Thersitis
327 2462 501 2554 ignaviam
522 2464 656 2535 imitari.
683 2463 728 2536 lt
759 2465 819 2558 qui
853 2469 971 2559 procul
1004 2466 1048 2537 ab
1081 2465 1212 2536 invidia

141 2587 247 2659 vitam
268 2608 371 2679 agere
392 2585 550 2668 instituit,
578 2587 610 2658 ei
641 2591 713 2660 3313
738 2599 776 2659 nt
801 2587 950 2661 arbitror
975 2590 1033 2662 via
1058 2598 1115 2659 est
1136 2597 1173 2659 ut
1193 2609 1213 2656 a

139 2711 253 2784 studio
274 2708 412 2780 virtutis
433 2709 610 2794 abscedat3
637 2711 700 2782 sed
725 2711 806 2782 dum
834 2734 875 2782 eo
900 2713 986 2782 calle
1012 2713 1100 2802 sugit
1125 2711 1215 2781 invi-

139 2833 246 2916 diam,
268 2854 413 2903 necesse
431 2842 485 2904 est
506 2832 632 2905 incidat
653 2832 687 2902 in
708 2843 952 2927 contemptum.
971 2833 1021 2903 113
1039 2853 1123 2902 vere
1140 2832 1212 2902 vita

140 2955 270 3026 homini
289 2967 354 3039 331,
374 2966 412 3027 31
431 2958 595 3027 alterutro
616 2955 843 3026 laborandum
865 2955 920 3023 311.
941 2953 1089 3023 Proinde
1104 2961 1141 3023 ut
1156 2976 1214 3025 ne-

143 3078 284 3150 cessarii
316 3078 417 3150 huius
444 3077 555 3169 magis
583 3098 687 3170 quam
714 3075 852 3145 iucundi
880 3075 1037 3165 colloquii
1058 3073 1136 3144 linis
1159 3077 1211 3161 sit

141 3201 264 3272 horum
283 3224 348 3295 ego
368 3201 596 3295 questionem
617 3199 727 3285 rideo,
743 3197 1006 3290 responsionem
1019 3196 1212 3268 abominor:

140 3347 252 3420 neque
271 3326 455 3408 immerit03
478 3327 581 3397 stulta
600 3323 692 3394 enim
712 3321 874 3417 quaestio,
902 3320 1084 3417 responsio
1109 3343 1215 3393 vene-

141 3470 225 3520 nosa
244 3458 308 3518 est.
333 3450 440 3518 Tuam
462 3470 546 3519 vero
566 3446 808 3540 quaestionem,
831 3446 861 3515 si
882 3445 1040 3515 fortassis
1067 3447 1215 3516 331313-

141 3573 199 3655 cis,
215 3583 416 3642 reverenter
428 3571 571 3666 accipio,
586 3579 621 3641 et
635 3568 694 3640 tibi
708 3567 890 3639 notissima
903 3567 1051 3638 veritate
1069 3589 1214 3659 respon·

143 3694 214 3767 deo.
236 3694 325 3779 Quid
345 3696 429 3767 lacis
456 3695 491 3764 in
510 3694 629 3765 curia‘l
649 3694 811 3785 langueo
834 3691 983 3774 crucior,
1003 3690 1214 3780 3111193313-

145 3815 275 3907 dignor,
306 3828 342 3889 et
373 3840 442 3912 qna
470 3819 562 3888 nulla
594 3818 725 3887 iactura
757 3815 911 3907 gravior,
939 3811 994 3884 hic
1020 3823 1088 3883 lam
1119 3814 1213 3884 nulla

145 3934 366 4021 comminuor,
390 3944 523 4030 tempus
545 3935 664 4031 perdo,
686 3932 784 4004 cuius
806 3931 1032 4024 parcissimus
1051 3951 1132 4000 3333
1150 3928 1212 4000 (13-

143 4077 328 4128 creveram.
361 4058 430 4130 Sed
454 4059 538 4130 tanti
562 4067 617 4129 331
641 4057 829 4128 amicorum
856 4055 946 4126 votis
972 4074 1012 4122 33
1048 4050 1209 4147 precihus

143 4198 206 4250 non
238 4179 374 4252 deesse.
404 4181 559 4274 Denique
586 4180 615 4250 si
640 4180 725 4273 quid
748 4176 869 4248 faciam
895 4196 1010 4266 roges,
1041 4196 1109 4245 non
1141 4184 1211 4244 tam

142 4302 237 4373 lacile
263 4303 394 4397 possim
420 4303 630 4397 respondere
655 4301 738 4394 quid
762 4299 885 4370 faciam
909 4320 1014 4392 quam
1039 4297 1123 4390 quid
1144 4317 1212 4365 non

144 4424 274 4495 laciam.
295 4427 450 4497 Proiecto
474 4446 539 4516 ego
565 4424 647 4493 nulli
672 4441 794 4504 noceo,
821 4420 887 4490 nisi
913 4419 1018 4490 mihi:
1047 4418 1212 4488 3311133-

144 4520 222 4620 cere
247 4549 414 4633 meditem
440 4547 500 4620 tibi
526 4555 642 4618 autem
667 4564 736 4615 non
759 4542 862 4616 modo
886 4564 955 4617 non
980 4562 1114 4622 nocere,
1149 4534 1211 4609 sed
