2738 5062
170 653 228 711 :3:311
507 667 547 712 ιιι)
569 667 669 713 nunus
691 664 913 714 memssus

171 801 347 874 latibulum
371 822 473 872 suum
496 821 535 873 se
557 800 733 894 recipiunt.
756 802 806 871 Tu
833 773 972 894 quodue
999 803 1130 873 nullum
1151 805 1260 896 quie-

171 926 214 995 tis
234 946 277 995 ac
298 923 409 996 solatii
430 926 541 994 locum
563 933 635 994 toto
655 923 738 994 orbe
756 925 934 1017 mperiens
952 924 1042 994 intra
1059 924 1185 997 cubilis
1203 927 1257 997 tui

170 1049 273 1119 limen
293 1059 330 1119 et
348 1047 438 1118 intra
459 1056 494 1119 te
515 1047 627 1139 ipsum
655 1046 745 1130 redi,
773 1056 885 1118 tecum
912 1045 1031 1137 vigila,
1060 1059 1174 1118 tecum
1202 1050 1259 1118 lo-

169 1192 291 1263 quere,
314 1183 426 1240 tecum
450 1171 526 1251 sile,
546 1179 660 1239 tecum
679 1167 833 1252 ambula,
853 1179 964 1240 tecum
984 1182 1049 1239 sta:
1068 1190 1112 1240 ne
1128 1168 1258 1243 dubita

171 1296 265 1364 solus
286 1315 379 1376 esse,
404 1294 433 1363 si
454 1302 566 1364 tecum
586 1314 643 1362 es:
664 1291 761 1384 quod
780 1290 810 1362 si
832 1303 946 1362 tecum
968 1311 1035 1362 non
1053 1313 1108 1374 eS,
1128 1292 1197 1364 etsi
1216 1293 1257 1364 in

171 1418 296 1509 populo
315 1416 436 1499 fueris,
460 1417 555 1487 solus
580 1415 661 1486 eris.
684 1416 751 1486 Fac
782 1413 843 1483 tibi
875 1413 911 1483 in
936 1413 1049 1484 medio
1074 1413 1181 1483 animi
1204 1417 1254 1487 tui

170 1539 282 1609 locum
305 1537 362 1609 ubi
384 1538 506 1620 lateaS,
530 1534 589 1606 ubi
615 1535 783 1628 gaudem,
806 1533 865 1605 ubi
891 1537 985 1607 nullo
1011 1535 1256 1628 interpellante

169 1658 385 1751 requiescas,
409 1657 466 1729 ubi
489 1670 600 1729 tecum
623 1656 782 1727 Christus
801 1654 932 1727 habitet
951 1657 1012 1748 qui
1034 1664 1067 1727 te
1087 1656 1254 1728 iuvenem

170 1783 393 1853 secretarium
426 1790 531 1874 atque
564 1780 751 1852 convivam
784 1800 885 1851 suum
917 1778 1110 1851 sacerdotio
1130 1792 1254 1855 sancto

169 1904 258 1976 fecit.
277 1907 321 1977 Et
337 1905 473 2000 quibus,
489 1905 633 1998 inquies,
650 1903 684 1974 id
702 1902 836 1975 artibus
853 1903 1024 1977 efficiam?
1046 1906 1163 1977 Virtus
1177 1910 1255 1981 sola

170 2038 292 2120 potens
312 2041 367 2100 est
396 2030 473 2099 haec
498 2029 614 2099 omnia
640 2037 823 2122 praestare:
845 2028 1020 2121 perillam
1046 2031 1252 2123 assequeris

170 2164 208 2223 ut
228 2152 356 2242 ubique
377 2154 477 2222 laetus
499 2172 539 2221 ac
564 2151 648 2221 feiix
674 2152 788 2233 vivas,
815 2160 852 2220 et
877 2149 911 2219 in
938 2150 1052 2222 medio
1077 2154 1250 2224 malorum

168 2273 283 2341 nullus
304 2271 349 2341 ad
370 2279 404 2342 te
423 2270 539 2342 aditus
561 2273 651 2341 malo
673 2271 730 2355 sit,
754 2270 837 2342 nihil
857 2281 957 2364 optes
977 2273 1045 2343 nisi
1062 2273 1157 2366 quod
1175 2273 1251 2346 feli·

168 2412 258 2473 cem,
273 2392 356 2461 nihil
370 2389 513 2462 horreas
530 2393 597 2463 nisi
615 2392 710 2485 quod
727 2393 893 2463 miserum
911 2393 1002 2464 facit.
1020 2394 1120 2466 Nulla
1132 2404 1250 2466 autem

170 2535 206 2584 re
228 2513 295 2584 nisi
316 2515 431 2584 animo
451 2513 584 2585 felioem
606 2524 667 2585 aut
686 2515 852 2585 miserum
874 2513 950 2585 fieri
972 2516 1082 2587 scias:
1102 2527 1251 2589 externa

169 2637 332 2729 quaelibet
352 2658 432 2707 esse
450 2658 518 2708 non
537 2638 688 2733 propria:
708 2646 766 2708 tua
783 2637 899 2709 omnia
917 2647 1030 2709 tecum
1049 2660 1145 2722 esse3
1164 2640 1249 2713 nihil

169 2760 319 2831 alienum
342 2760 402 2831 tibi
428 2761 504 2832 dari
529 2783 647 2856 posse,
671 2760 753 2830 nihil
781 2763 881 2832 tuum'
904 2761 1009 2853 eripi:
1033 2783 1138 2855 quem
1163 2764 1247 2836 vitae

168 2906 310 2957 cursum
331 2886 441 2977 eligas
461 2885 496 2957 in
518 2895 577 2956 tua
598 2905 703 2957 manu
724 2884 828 2955 situm
849 2905 944 2955 esse:
966 2884 1149 2976 fugiendas
1173 2886 1249 2981 opi-

169 3007 290 3079 niones
311 3010 515 3102 populorum
534 3018 569 3080 et
589 3031 777 3102 paucorum
797 3006 993 3099 sequendas
1011 3028 1091 3080 esse
1108 3017 1252 3080 senten·

169 3129 246 3215 tias;
269 3130 529 3224 despiciendam
550 3134 619 3202 alto
639 3131 755 3202 animo
780 3131 967 3214 fortunam,
996 3130 1252 3226 sciendumque

168 3256 246 3347 plus
268 3254 359 3324 illam
381 3254 531 3345 impetus
552 3252 682 3325 habere
702 3276 807 3347 quam
827 3254 970 3337 virium,
989 3264 1025 3326 et
1042 3255 1165 3327 minari
1182 3277 1251 3328 sae·

168 3377 246 3468 pius
266 3397 370 3466 quam
392 3377 505 3458 ferire,
526 3386 562 3447 et
582 3378 696 3449 rarius
714 3376 958 3468 obessequam
978 3386 1146 3470 strepere;
1164 3376 1252 3449 nihil

168 3498 257 3568 illam
280 3496 315 3565 in
341 3497 488 3590 propriis
515 3499 584 3568 tuis
610 3497 711 3570 bonis
737 3518 856 3592 posse3
883 3499 917 3567 in
944 3498 1018 3570 suis
1044 3520 1113 3570 non
1139 3497 1252 3572 fiden-

167 3620 251 3693 dum
273 3618 447 3690 blanditiis
468 3630 503 3690 et
522 3620 692 3715 quidquid
712 3621 769 3692 illa
789 3620 972 3693 donaverit
991 3623 1149 3714 precario
1168 3644 1252 3718 pos-

169 3744 364 3816 sidendum.
386 3743 442 3816 Ad
462 3743 551 3827 haec,
572 3753 610 3815 ut
630 3745 659 3814 si
682 3766 834 3836 unquam
848 3743 951 3814 altius
965 3745 1181 3829 ascenderis,
1197 3745 1253 3817 di-

168 3865 262 3937 vinae
281 3867 472 3939 clementiae
492 3867 687 3952 adscribaS,
713 3867 742 3936 si
762 3868 877 3938 minus
897 3889 1001 3960 aequo
1021 3868 1137 3938 animo
1156 3889 1251 3961 θερι-

167 3987 254 4073 cias,
277 3990 312 4059 in
332 4011 441 4082 regno
461 3991 609 4062 fortunae
629 3990 739 4062 bonos
755 3989 916 4083 opprimi,
935 3990 1107 4083 pessimos
1124 3990 1250 4061 attolli:

168 4111 378 4206 intelligens,
402 4123 441 4186 ut
460 4115 508 4185 ait
526 4112 723 4196 Psalmisla,
747 4112 782 4183 in
802 4112 1004 4185 novissimis
1022 4132 1157 4197 eorum,
1178 4134 1252 4183 me·

167 4255 312 4328 morque
333 4235 425 4306 viam
447 4237 539 4308 hanc
557 4235 715 4308 laborum
737 4256 830 4319 esse,
853 4255 923 4304 non
942 4234 1089 4329 patriam
1108 4232 1251 4306 merito·

168 4379 255 4428 rum.
278 4358 372 4427 Vale.
