2738 5062
323 679 415 728 tttttttt
436 662 906 730 commonetans-utrorum
928 681 990 730 vill.
1129 671 1188 730 533

106 837 199 890 nunc
219 816 270 887 sic
286 815 320 884 in
340 813 496 908 epistolis
516 816 601 885 meis
628 814 717 885 sicut
741 825 778 884 et
815 815 849 885 in
881 813 1047 885 memoria
1075 816 1188 886 locum

105 938 250 1034 quaeris,
269 958 333 1008 nec
353 935 502 1008 attendis
526 937 629 1028 quale
662 915 708 1007 sit
740 935 926 1030 hospitium
960 934 1018 1007 ubi
1039 935 1186 1023 habiles,

107 1061 171 1134 sed
187 1060 267 1153 quis
289 1060 426 1152 hospes.
449 1060 492 1129 Et
508 1059 662 1153 prolecto
682 1057 784 1128 nimis
805 1056 1012 1129 ambitiosus
1037 1071 1106 1142 est,
1128 1060 1189 1152 qui

106 1205 176 1255 nou
193 1181 358 1253 libentius
379 1183 436 1253 vel
456 1182 634 1274 proprium
663 1182 720 1250 vel
750 1180 912 1275 pauperis
946 1181 1046 1252 amici
1067 1182 1186 1266 limen,

105 1326 214 1399 quam
233 1303 342 1396 ignoti
360 1303 453 1394 regis
471 1304 597 1374 atrium
619 1302 824 1393 ingreditur.
845 1303 967 1373 Cernis
999 1313 1037 1374 ιιι
1063 1301 1188 1397 cupide

108 1428 286 1520 tugurium
308 1447 410 1498 suurn
425 1436 559 1519 pastor,
579 1424 698 1496 nidum
714 1424 878 1510 volucris,
897 1426 1076 1498 cuniculos
1095 1430 1186 1510 ferae,

109 1551 246 1623 stabula
266 1569 394 1640 greges
414 1558 548 1640 petant,

267 1743 366 1822 thue
383 1744 455 1822 ipsae
472 1757 626 1805 memores
644 1744 765 1807 redeant
783 1745 812 1806 in
830 1752 912 1824 septa
929 1745 1064 1824 capellm;

109 1922 201 2018 quod
218 1923 267 1994 ait
283 1923 392 2005 Maro,
410 1936 607 2015 quaerentes
629 1946 696 1996 non
717 1924 914 2016 pulchriora
940 1924 1003 1996 sed
1036 1923 1186 2017 propria,

110 2057 147 2116 ut
163 2065 267 2136 quem
285 2064 353 2114 uon
376 2041 505 2113 homini
533 2052 679 2127 tantum,
703 2043 766 2115 sed
790 2044 923 2115 cunetis
954 2043 1188 2115 animantibus

109 2165 250 2238 insitum
269 2164 451 2248 videmus,
485 2176 617 2235 naturae
650 2186 720 2236 non
752 2163 954 2266 dubitemus
988 2165 1188 2237 instinctum

110 2307 191 2358 esse
211 2306 316 2378 quem
338 2285 509 2377 sequeris,
534 2295 571 2356 ιιι
604 2285 733 2357 scilicet
762 2307 830 2357 non
863 2285 1043 2358 doctorum
1076 2287 1189 2378 magis

110 2405 288 2480 hominum
310 2426 415 2500 quam
436 2406 625 2478 amicorum
644 2409 782 2502 scriptis
803 2417 900 2481 tuum
922 2429 1048 2480 nomen
1079 2411 1189 2481 inser-

111 2541 183 2602 tum
204 2529 303 2599 velis.
324 2528 431 2599 Cuius
448 2537 482 2599 te
500 2528 571 2599 voti
592 2540 784 2623 compotem
805 2542 840 2602 et
869 2530 948 2613 leci,
983 2542 1018 2600 et
1052 2531 1080 2599 si
1116 2530 1187 2598 vita

110 2672 227 2725 eomes
244 2651 318 2734 erit,
338 2650 472 2736 faciam,
492 2653 657 2744 praelatus
677 2651 750 2734 tibi,
769 2650 864 2743 quod
882 2650 1007 2742 hospiti
1025 2650 1106 2720 olim
1125 2670 1190 2721 suo

111 2796 175 2847 rex
193 2773 371 2856 Evander,
388 2773 447 2867 qui
469 2795 548 2844 cum
571 2772 706 2864 inopem
728 2773 762 2841 in
776 2774 891 2843 aulam
910 2771 1072 2843 invitaret
1085 2771 1189 2842 AEue·
1263 2772 1265 2776 ’

110 2916 179 2980 am,
212 2916 376 2987 magnum
399 2894 446 2966 ibi
468 2894 637 2986 hospitem
658 2894 761 2966 alium
797 2894 865 2965 iam
899 2893 1008 2965 luisse
1041 2915 1191 2966 comme·

111 3030 240 3092 morat:

471 3113 539 3176 Haec
558 3113 681 3194 (iuquit)
699 3114 802 3176 limina
821 3112 920 3174 victor

312 3209 427 3273 Alcides
446 3211 551 3286 subiit,
570 3212 633 3274 haec
651 3211 736 3274 illum
754 3212 836 3289 regia
853 3211 940 3288 cepit.

110 3385 217 3469 Quasi
232 3383 377 3468 diceret,
391 3407 435 3456 ne
452 3386 624 3480 despicias
644 3395 881 3480 paupertatem
897 3398 1062 3475 nostram,
1079 3407 1192 3480 neque

111 3503 311 3597 dedigneris
329 3503 562 3579 habitaculum
580 3507 674 3600 quod
685 3507 848 3599 dignatus
862 3520 917 3579 est
930 3511 1107 3582 Hercules.
1119 3511 1193 3603 Ego

112 3624 204 3700 idem
227 3625 286 3698 tibi
308 3628 497 3721 amicisque
518 3628 604 3713 aliis,
632 3640 671 3700 ut
694 3651 817 3702 omnes
842 3632 945 3704 modo
972 3645 1084 3704 tecum
1110 3634 1194 3705 allo-

111 3772 214 3843 quar,
236 3772 385 3843 quorum
416 3751 555 3823 nomina
585 3752 721 3845 scriptis
752 3753 899 3839 inserui,
930 3764 1076 3826 testatus
1104 3774 1193 3824 sum.

110 3874 243 3945 Parcite
263 3883 299 3943 et
315 3874 555 3967 aequanimiter
571 3875 674 3957 ferte,
694 3896 830 3965 precor,
855 3877 884 3946 si
907 3897 974 3945 non
995 3873 1193 3966 pargleriae

110 4004 239 4066 vcstrae
259 3997 354 4066 locus
376 4006 441 4079 est,
467 3992 524 4065 ubi
550 4015 615 4064 vos
637 3993 787 4065 includo:
808 4016 920 4086 neque
953 3993 1076 4065 sordes
1110 4014 1194 4086 ege·

110 4125 307 4211 etatemque
341 4118 511 4189 sermonis
539 4119 605 4188 mei
631 4117 795 4188 horreant
818 4138 920 4187 aures
947 4116 1107 4209 oculique
1133 4139 1195 4190 ve·

112 4240 186 4312 stri.
202 4241 292 4311 Esse
309 4240 467 4332 quidem,
482 4239 575 4333 quod
589 4263 690 4312 neme
703 4238 860 4330 ambigit,
876 4237 1032 4311 nobiliori
1051 4240 1085 4311 in
1098 4250 1196 4336 parte

109 4362 305 4444 meremini;
326 4372 361 4432 at
381 4383 451 4431 non
473 4364 636 4434 meritum
660 4373 836 4447 vestrum,
855 4361 924 4434 imo
944 4366 1089 4436 facultas
1102 4363 1196 4436 aesti-

111 4493 226 4556 metur
248 4505 335 4554 mea.
358 4483 434 4554 Non
454 4481 510 4562 ιὼί
537 4484 647 4568 decet,
668 4482 729 4555 sed
750 4483 806 4554 ubi
831 4506 972 4577 possum
1007 4506 1070 4555 vos
1101 4484 1197 4556 exci-
