2738 5062
184 725 242 785 538
522 733 564 782 un
586 734 687 782 annes
707 732 928 782 trutinamus

183 873 227 946 ht
242 874 450 966 quantulum
471 870 519 941 illi
539 868 731 941 vivendum
750 878 836 954 crat,
856 880 894 941 ut
911 870 944 941 in
958 870 1108 942 eundern
1129 872 1197 942 ista
1210 894 1266 945 rc-

184 995 373 1079 llecterem,
394 1001 576 1065 nocentem
603 1002 692 1064 teste
723 996 793 1066 lato
824 995 1048 1079 convincens,
1082 995 1142 1087 qui
1175 1007 1265 1069 teste

182 1118 500 1192 latoinnocentiam
519 1114 742 1190 adstruebat?
760 1117 884 1189 Paucis
901 1125 982 1188 ante
997 1116 1128 1187 obitum
1140 1115 1266 1190 diebus

180 1243 351 1313 litterulas
372 1261 468 1312 meas
486 1249 667 1334 acceperat
684 1240 865 1311 aculeosas
879 1241 1002 1324 fatcor,
1017 1241 1136 1332 plenas
1150 1248 1266 1312 tamen

180 1364 365 1434 affectuum
386 1359 608 1455 optimorum,
630 1358 761 1452 quihus
782 1359 830 1433 ita
852 1382 891 1433 se
912 1360 1025 1443 torsit,
1047 1359 1096 1431 ita
1116 1382 1266 1454 respon·

183 1485 291 1558 sionis
311 1483 427 1556 studio
443 1482 614 1568 elierhuit,
634 1484 725 1555 sicut
745 1493 866 1575 postea
886 1485 1086 1568 retulerunt,
1101 1484 1162 1576 qui
1176 1503 1266 1576 prae·

180 1616 299 1681 sentes
315 1615 430 1690 erant,
448 1606 551 1698 quasi
573 1627 709 1677 summo
723 1605 846 1698 pudori
857 1604 1001 1679 duceret
1019 1628 1085 1679 non
1098 1626 1264 1698 aequasse

180 1733 311 1814 stilum,
332 1728 428 1820 quod
448 1749 556 1799 uuum
577 1727 776 1800 facillimum
798 1729 846 1799 illi
865 1739 954 1813 erat,
969 1728 1121 1801 litterato
1138 1729 1173 1798 in
1191 1731 1263 1821 pri-

180 1857 246 1926 mis
266 1851 468 1943 disertoque
487 1850 628 1922 homini.
647 1848 686 1923 ld
705 1851 813 1935 enim,
833 1863 931 1944 puto,
952 1850 1048 1944 quod
1079 1862 1155 1924 erat
1173 1848 1262 1923 diffi-

178 1975 344 2047 cillimum
364 1994 434 2045 non
455 1970 613 2056 curabat,
636 1970 822 2045 retundere
851 1974 986 2046 scilicet
1014 1984 1050 2045 et
1081 1977 1262 2047 confutare

179 2098 380 2171 sententias.
402 2093 526 2167 Verbis
547 2080 711 2188 equidem
732 2107 836 2189 atque
854 2094 992 2169 dicendi
1012 2097 1177 2169 exercitio
1202 2118 1261 2168 or·

177 2229 291 2303 natus,
314 2216 503 2290 verborum
525 2217 714 2290 certamina
727 2238 797 2289 non
811 2217 967 2303 timebat;
981 2217 1141 2311 sedquid
1154 2217 1259 2290 rehus

177 2341 262 2435 ipsis
283 2340 389 2412 iacias
410 2348 515 2433 atque
531 2341 764 2433 apertissimae
786 2342 923 2413 veritati
936 2341 1020 2434 quid
1035 2338 1259 2436 respondeas,

176 2462 243 2535 nisi
266 2473 303 2533 ut
324 2471 439 2534 taceas
460 2471 522 2532 aut
541 2459 980 2535 confirmes‘lllerhaenim
993 2484 1185 2556 compares,
1200 2474 1261 2537 aut

174 2609 239 2683 par
255 2596 315 2659 aut
335 2583 496 2680 superior
511 2607 592 2657 esse
612 2595 728 2677 potes,
751 2583 857 2655 rehus
878 2585 1019 2658 inferior
1040 2585 1091 2657 sis
1111 2595 1258 2681 oportet

175 2711 277 2803 Saepe
301 2709 516 2801 phaleratam
537 2708 768 2801 eloquentiam
790 2708 883 2779 nuda
904 2710 1035 2781 veritas
1055 2710 1173 2781 vincit.
1191 2711 1259 2782 lta·

175 2854 339 2925 querum
358 2852 397 2903 se
417 2834 565 2903 multum
585 2832 714 2903 frustra
741 2831 913 2917 torsisset,
936 2832 1084 2927 septimo
1113 2832 1256 2906 demum

173 2953 231 3026 die
255 2955 414 3025 nuntium
447 2975 562 3025 meum
596 2952 672 3026 sine
705 2955 826 3026 litteris
851 2953 998 3040 dimisit,
1033 2976 1254 3049 responsum,

173 3075 420 3169 propriumque
440 3076 598 3147 nuntium
625 3075 812 3169 pollicitus,
833 3098 937 3169 quem
959 3096 1027 3147 non
1048 3077 1155 3163 misit,
1190 3099 1255 3149 nec

173 3195 301 3268 deinde
322 3197 516 3292 respondit,
539 3194 659 3268 morbo
682 3217 745 3267 seu
766 3194 921 3289 corporis
943 3218 1005 3268 seu
1027 3196 1134 3269 animi
1166 3219 1256 3292 prae·

172 3328 315 3403 ventus,
337 3319 432 3412 quod
452 3340 593 3412 percos
611 3318 687 3390 dies
707 3328 827 3390 contra
848 3340 949 3391 suam
973 3331 1077 3412 atque
1100 3320 1253 3392 omnium

173 3462 270 3534 spem
285 3441 542 3515 animosissime
554 3441 600 3514 ad
613 3442 694 3513 litus
708 3443 895 3527 venetum,
911 3442 987 3537 ipsa
1000 3443 1134 3528 eadem,
1147 3464 1250 3536 quam

171 3563 310 3658 penitus
331 3565 459 3635 victam
472 3576 578 3657 atque
594 3565 798 3637 exterritam
810 3565 1018 3649 aestimabat,
1032 3567 1253 3638 lanuensium

170 3684 294 3757 classis
315 3686 478 3768 accessit,
502 3687 557 3758 cui
580 3688 741 3758 tumultui
766 3689 847 3758 Dux
867 3687 942 3780 ipse
968 3699 1097 3780 praeter
1121 3710 1253 3761 morem

169 3816 326 3879 armatus
351 3806 515 3878 interluit.
537 3807 609 3877 Nec
628 3819 708 3901 post
727 3831 808 3880 eum
830 3810 922 3883 diem
943 3814 1016 3882 lero
1029 3809 1162 3903 aliquid
1175 3832 1254 3903 ges·

169 3930 228 4012 sit,
249 3929 351 4024 quasi
372 3929 541 4001 festinans
567 3928 848 4024 impendentibus
872 3943 977 4028 eaput
996 3932 1098 4004 malis
1119 3943 1253 4004 matura

168 4061 277 4125 morte
298 4052 504 4126 subducere.
528 4051 602 4123 Etsi
635 4050 776 4144 quidam
798 4057 909 4126 lerant
928 4053 1154 4149 respondisse
1171 4075 1251 4126 eum

168 4172 286 4242 nescio
301 4175 400 4265 quid,
422 4173 517 4268 quod
536 4197 757 4268 nequaquam
775 4175 820 4247 ad
839 4197 905 4261 me,
922 4187 1033 4248 morte
1054 4177 1131 4271 ipsa
1148 4176 1251 4248 Ducis

167 4292 283 4360 forsan
304 4292 570 4381 interveniente,
594 4298 762 4390 pervenit.
785 4298 867 4370 Post
891 4320 974 4393 quac
1007 4298 1123 4370 statim
1158 4295 1250 4391 apud

167 4411 309 4483 Achaiae
338 4414 501 4504 insulam,
528 4421 583 4492 cui
606 4421 793 4514 Sapientiae
818 4443 945 4495 nomeu
971 4432 1041 4505 est,
1064 4421 1184 4493 Veneti
1204 4417 1250 4490 ah

166 4533 286 4606 eadem
309 4533 366 4606 illa
386 4556 478 4627 vaga
498 4541 610 4613 classe
629 4543 853 4615 lanuensium
872 4541 1083 4639 deprehensi
1101 4541 1250 4635 ingenti-
