2738 5062
361 649 455 699 nmxu
477 648 946 699 commonemus-uersuum
965 648 1006 696 ru.
1133 630 1138 639 '
1167 635 1227 699 525

144 792 244 880 larga
263 785 409 859 materia
420 796 477 857 est
488 785 532 858 dc
546 782 738 878 prudentia,
758 780 803 854 de
823 781 901 867 fide,
919 784 965 856 de
983 782 1170 868 industria,
1180 782 1227 854 de

144 908 318 993 facundia,
345 907 389 980 de
408 904 715 997 circumspectione
736 903 915 997 multiplici
928 906 1135 998 oratorisque
1155 903 1226 975 vir-

144 1030 278 1105 tutibus
303 1027 455 1101 hominis
482 1027 585 1098 huius
607 1026 716 1117 loqui,
744 1025 811 1097 nisi
832 1026 913 1118 quia
938 1035 1048 1097 totum
1071 1024 1147 1110 tihi,
1171 1046 1227 1096 sa·

143 1149 361 1250 pientissimo
378 1147 582 1244 principum,
596 1157 701 1239 atque
718 1148 965 1221 existimationi
983 1157 1053 1219 tuae
1070 1145 1227 1217 commit·

144 1273 289 1347 tendum
322 1270 473 1354 credidi,
508 1264 568 1362 q'ui
604 1291 702 1353 eum,
735 1269 770 1339 in
808 1290 879 1360 quo
917 1270 1018 1341 stilus
1049 1268 1107 1339 hio
1139 1270 1226 1340 torte

143 1392 405 1477 succumberet,
432 1390 586 1463 metieris
612 1391 754 1472 eximie,
787 1391 816 1460 si
847 1390 1020 1484 respicere
1049 1412 1091 1462 ac
1121 1410 1226 1462 nosse

143 1513 345 1609 dignaberis
376 1513 546 1607 pmiundo
578 1522 614 1584 et
644 1512 810 1583 infallibili
843 1523 903 1585 tuo
936 1513 1066 1585 divinae
1100 1511 1225 1585 mentis

144 1634 281 1711 iutuitu.
312 1636 386 1706 Tuo
406 1633 513 1726 igitur
533 1634 647 1705 virum
678 1634 772 1707 hunc
799 1633 942 1707 arbitrio
962 1634 1162 1707 aestimahis.
1190 1635 1226 1705 Si

143 1780 215 1855 qna
231 1757 317 1829 mihi
337 1757 430 1850 apud
460 1764 509 1840 te,
532 1758 650 1829 Caesar
675 1757 917 1842 invictissime,
939 1756 1029 1829 fides
1053 1768 1116 1840 est,
1139 1755 1226 1828 scito

143 1883 261 1953 virum
292 1877 423 1951 honum
447 1900 542 1964 esse,
571 1879 758 1972 multisque
787 1882 845 1952 vel
875 1890 1010 1952 naturae
1041 1881 1099 1951 vel
1120 1880 1225 1952 studii

144 1999 286 2075 dotibus
306 2010 480 2084 ornatum,
506 2010 555 2084 et,
577 2009 616 2072 ut
635 1998 747 2074 dicam
769 1996 938 2086 breviter,
960 2003 1075 2072 virum
1101 2023 1162 2095 per
1188 2021 1227 2073 se

145 2125 276 2218 ipsum,
298 2121 365 2194 nisi
385 2123 473 2194 sorte
499 2145 555 2193 me
584 2144 682 2195 amor
709 2122 807 2208 tollit,
829 2124 942 2216 gratia
961 2132 997 2195 et
1016 2123 1228 2196 benevolen-

146 2243 193 2316 tia
212 2243 357 2336 dignum
386 2255 456 2314 tua.
476 2241 621 2316 Accedit
652 2243 748 2336 quod
770 2254 807 2315 et
833 2245 923 2316 sacri
948 2244 1082 2339 imperii
1108 2243 1228 2338 tuique

144 2364 295 2439 nominis
316 2365 565 2438 devotissimus
591 2388 732 2459 semper
750 2367 814 2439 suit
833 2375 869 2438 et
889 2366 1044 2462 apprime
1065 2365 1228 2439 fidelibus

148 2489 215 2561 tuis
239 2507 354 2561 carus.
380 2485 558 2579 Siquidem
583 2490 826 2581 magnanimus
852 2488 933 2561 olim
959 2489 1015 2558 vir
1042 2498 1078 2560 et
1097 2509 1227 2558 memo·

147 2609 266 2681 rabilis
295 2607 492 2703 Stephanus
516 2608 562 2681 de
587 2608 767 2694 Columna,
787 2610 887 2683 cuius
913 2630 997 2699 erga
1017 2607 1228 2698 gloriosissi-

147 2753 243 2803 mum
275 2752 381 2803 avum
412 2740 509 2801 tuum
538 2731 729 2801 Romanum
757 2732 1003 2823 Imperatorem
1034 2727 1122 2798 fides
1155 2736 1227 2800 toto

146 2852 231 2926 orbe
251 2851 435 2924 notissima
455 2862 523 2936 est,
538 2861 573 2922 et
593 2851 653 2944 qui
672 2851 765 2923 diem
788 2862 882 2923 tuum
906 2861 1018 2943 teque,
1032 2871 1136 2942 quem
1157 2872 1226 2923 non

147 2976 247 3049 aliter
263 2996 367 3069 quam
394 2972 571 3044 Christum
589 2973 725 3045 Simeon
742 2972 964 3066 expectabat,
985 2972 1106 3044 videre
1130 2972 1228 3045 senio

146 3098 262 3170 victus
282 3106 318 3167 et
337 3106 541 3188 praeventus
562 3104 671 3166 morte
692 3117 760 3166 non
780 3095 904 3189 potuit,
932 3094 1025 3166 hunc
1045 3093 1169 3165 dilexit
1188 3105 1226 3192 ut

147 3216 272 3290 hlium:
290 3226 361 3288 tota
380 3215 457 3288 eius
476 3237 647 3308 generosa
667 3215 794 3288 familia
817 3216 908 3287 hunc
927 3225 964 3286 ut
986 3218 1127 3286 tratrem
1148 3236 1227 3305 ger-

147 3361 288 3412 manum
309 3359 448 3431 semper
467 3359 587 3411 amore
606 3341 789 3430 complexa
809 3346 874 3409 est.
900 3336 1071 3409 lohannes
1091 3336 1136 3409 de
1161 3337 1226 3408 Co-

147 3463 266 3533 lamna
294 3460 385 3531 illiue
419 3460 583 3556 Stephani
617 3460 735 3553 magni
760 3481 884 3554 nepos,
915 3459 1154 3532 nobilissimus
1186 3480 1228 3531 ac
1303 3474 1305 3478 ’

147 3581 358 3656 fortissimus
379 3581 595 3666 adolescens
618 3582 682 3654 sed
708 3582 849 3655 inlausti
872 3583 991 3655 exitus
1011 3592 1047 3655 et
1066 3582 1151 3655 vitae
1175 3581 1228 3652 ni·

146 3704 253 3776 mium
277 3702 408 3788 brevis,
427 3726 531 3797 quem
552 3704 674 3797 quanti
691 3706 824 3778 laceres
843 3706 873 3776 si
886 3705 1026 3779 aliunde
1044 3704 1225 3789 nescirem,

146 3846 194 3897 ex
213 3846 256 3896 eo
276 3823 393 3908 didici,
412 3826 506 3919 quod
527 3827 690 3898 antehoc
711 3829 819 3899 ferme
840 3828 1068 3922 septennium,
1090 3847 1168 3895 cum
1192 3833 1227 3894 te

147 3946 297 4039 primum
333 3945 452 4018 divina
485 3947 703 4039 providentia
740 3946 785 4017 ad
818 3948 1011 4016 Romanum
1042 3943 1226 4037 imperium

145 4067 344 4152 erexisset,
378 4080 483 4160 tuque
516 4069 562 4140 ad
591 4069 781 4140 Romanam
808 4066 953 4150 curiam,
980 4085 1060 4158 quae
1086 4064 1227 4140 deserto

147 4187 262 4260 liberi
282 4213 374 4262 nunc
395 4188 600 4262 Rhodanum
623 4191 718 4274 colit,
739 4211 782 4262 eo
804 4198 955 4280 tempore
976 4181 1151 4273 venisses,
1167 4189 1227 4261 uhi

149 4317 229 4380 tunc
243 4309 303 4381 tibi
320 4311 399 4383 licet
413 4311 608 4403 incognitus
621 4312 807 4405 degebam,
824 4309 895 4382 vidi
913 4311 946 4381 in
963 4310 1101 4405 publico
1119 4310 1226 4382 maie-

148 4440 273 4503 statem
296 4445 388 4506 tuam
430 4433 519 4505 illius
545 4433 701 4507 humeris
721 4431 932 4505 familiariter
949 4432 1102 4504 innixam
1122 4431 1224 4502 strin-
