2738 5062
359 570 451 619 tinen
472 572 968 623 necinusrnnrrus.-errentur
990 575 1020 623 n.
1163 566 1220 628 tlt

150 705 341 789 dissimulo,
360 726 428 788 mo,
443 705 526 778 durn
549 706 614 776 sibi
635 708 763 778 anxius
785 708 925 800 invigilo
945 720 1138 806 cunctaque
1157 716 1224 786 oir-

148 825 352 919 oumspicio,
371 827 418 896 nil
440 828 551 919 magis
572 851 676 921 quarn
695 840 729 900 to
749 839 896 923 tuasque
914 832 1061 927 virtutes
1088 833 1224 907 intuen-

148 961 230 1031 tem,
251 970 334 1019 oum
355 949 420 1019 alia
444 971 599 1042 possem,
624 973 818 1023 veronense
838 952 883 1022 illi
903 954 1136 1029 habitaculum
1154 961 1223 1029 ele-

148 1070 252 1163 gisse.
272 1072 370 1143 Vale.

289 1216 334 1271 Ad
350 1217 452 1272 sontem
468 1219 585 1289 Sergio,
599 1219 633 1274 V.
649 1219 715 1275 Idus
730 1220 818 1275 lunii:
833 1238 916 1292 quarn
926 1222 1098 1295 festinanter,
1108 1226 1168 1298 ipsa
1179 1227 1221 1282 lit·

343 1310 464 1360 terarum
479 1306 561 1361 tocies
576 1307 675 1363 indicio
689 1315 740 1364 est.

658 1576 734 1587 -—-..

564 1789 741 1853 uristotn
762 1792 805 1854 lll.

227 1980 422 2031 Fuetnctscus
443 1981 611 2032 PETRARCA
633 1983 792 2033 eontentio
812 1984 990 2037 tunonensi
1011 1987 1036 2036 S.
1059 1990 1086 2037 P.
1109 1991 1139 2037 n.

174 2146 241 2202 Huic
256 2162 368 2218 quoqne
382 2145 583 2200 adolescentem
598 2162 680 2200 suum
696 2146 832 2202 Veronam
846 2147 993 2204 adeuntem
1009 2152 1192 2208 commendat.

240 2412 351 2483 lluius
369 2410 599 2483 adolescentis
617 2411 790 2504 ingenium
808 2416 986 2510 Raynaldo
1004 2427 1123 2489 nostro
1140 2441 1219 2512 per-

146 2535 324 2608 colendum
347 2532 482 2618 tradidi,
509 2555 623 2605 mores
649 2535 723 2618 tibi;
749 2535 911 2629 quamvis
940 2547 1126 2630 utrumque
1152 2538 1216 2610 sibi

146 2657 291 2751 quisque
311 2667 468 2728 vestrum
488 2656 562 2727 iure
583 2677 647 2727 suo
667 2656 837 2741 vindicet,
858 2656 921 2727 sed
939 2657 987 2725 ita
1010 2657 1105 2727 illum
1127 2660 1216 2731 inter

145 2782 231 2853 duos
251 2778 381 2852 amieos
402 2778 520 2873 partiri
541 2777 656 2848 visum
684 2787 749 2848 est.
771 2776 935 2848 Incumbe
968 2779 1029 2860 illi,
1065 2800 1125 2850 oro
1160 2791 1213 2854 te:

144 2902 267 2975 honam
278 2900 425 2973 indolem
439 2901 468 2971 si
482 2900 624 2994 reperiS,
639 2898 782 2979 adiuva3
797 2897 957 2982 siminus,
973 2898 1097 2984 insere,
1112 2922 1217 2992 quam

143 3026 293 3099 adultam
311 3012 471 3108 adiuves,
490 3023 525 3093 in
541 3045 611 3116 qua
630 3021 687 3093 tilii
709 3021 859 3115 placem,
879 3021 972 3111 quod
991 3031 1127 3093 tuorum
1144 3046 1219 3095 ma-

142 3170 248 3220 nuum
269 3168 358 3239 opus
385 3156 494 3218 notes.
523 3147 655 3218 Tenere
688 3144 899 3237 pectusculo,
926 3142 1023 3214 facile
1049 3142 1217 3236 quidlibet

140 3269 377 3365 impresseris3
396 3268 508 3341 diseat
526 3277 560 3338 te
579 3289 708 3352 amaro,
733 3277 765 3337 te
785 3266 912 3349 colere,
936 3276 970 3338 to
991 3264 1128 3349 vereri,
1155 3266 1216 3339 de-

139 3416 233 3464 mum
255 3392 438 3484 virgiliano
457 3390 601 3463 consilio
613 3390 734 3483 primis
761 3401 792 3459 et
815 3400 845 3458 te
872 3391 1011 3459 miretur
1036 3389 1077 3458 ab
1102 3392 1213 3459 annis.

139 3515 229 3599 Quid
249 3517 381 3587 multa?
404 3513 440 3584 Si
468 3536 523 3585 me
550 3535 686 3607 semper
717 3513 857 3584 tratrem
885 3511 1082 3590 aestimasti,
1106 3511 1213 3585 filium

138 3639 229 3713 huno
250 3637 353 3722 habe,
373 3648 407 3709 et
427 3640 515 3710 vale.

279 3784 313 3840 V.
331 3784 398 3840 ldus
412 3784 493 3841 lunii.
