2738 5062
143 664 198 721 ll'tb
473 671 512 718 ΒΕ
535 671 634 719 llElll'S
656 668 878 718 fnusttautues

141 812 207 879 lam
229 806 365 901 petr-eins
386 803 529 888 odisset,
551 802 737 883 sedarent
759 801 965 884 nullosne,
990 811 1080 868 iaetu
1103 800 1206 869 ublato

141 932 268 999 aereiulr
298 928 395 1009 ruba,
422 928 593 995 latrocinii
615 926 753 1014 felicitas
778 935 898 992 nostre
923 923 1012 992 urbis
1041 923 1205 1015 inciperet.

140 1058 205 1137 lim
229 1070 355 1119 «ruinam
377 1047 519 1119 consilio
540 1047 718 1127 valuisset,
739 1045 995 1136 mansissetque
1014 1058 1131 1137 potrus
1151 1065 1207 1115 no

143 1174 194 1243 liis
215 1196 293 1242 euru
316 1171 474 1241 hostibus
494 1182 528 1240 et
548 1192 627 1239 eum
649 1169 871 1258 Carthagine,
894 1190 998 1260 quam
1019 1189 1098 1238 cum
1119 1164 1206 1237 viliis

141 1307 176 1365 et
197 1298 370 1387 voluptate
389 1306 572 1363 certarnen.
595 1292 724 1361 Meliori
745 1294 820 1362 loco
842 1312 899 1361 res
926 1274 1079 1374 sterent:
1093 1300 1132 1360 ul
1150 1312 1208 1382 pu·

143 1432 188 1501 lo,
212 1418 392 1509 rariusque
409 1426 600 1508 pugrlalnm
613 1427 718 1499 esset,
733 1423 768 1485 et
785 1413 940 1485 crebrius
954 1414 1207 1505 triumphatum.

142 1544 299 1625 Quorsus
329 1539 425 1608 hae?
445 1540 559 1607 forsan
581 1537 784 1627 interroges.
806 1536 894 1619 Quia
928 1535 1057 1606 scilicet
1089 1535 1209 1605 mullos

143 1686 293 1751 arrgnror
315 1664 447 1731 loturos
468 1658 594 1750 quibus
616 1657 814 1750 quiescendi
830 1658 897 1727 iam
911 1656 971 1727 tibi
985 1666 1123 1749 tempus
1135 1676 1209 1727 esso

144 1788 312 1857 ritlealur.
331 1783 414 1855 ltili
434 1783 570 1873 penitus
595 1781 734 1852 diversa
759 1803 854 1851 mens
880 1789 947 1850 est:
970 1780 998 1849 si
1021 1800 1076 1850 me
1096 1776 1210 1851 audire

145 1909 309 1985 volneris,
333 1905 422 1977 scies
445 1927 550 1974 unum
572 1926 652 1973 esse
675 1902 802 1973 laboris
827 1911 864 1972 el
882 1901 966 1972 vitae
992 1900 1113 1985 finem,
1140 1899 1212 2001 tibi-

143 2055 210 2123 que
229 2043 265 2101 et.
284 2027 443 2100 omnibus
464 2028 566 2096 claris
586 2026 672 2096 viris
693 2047 804 2117 usque
826 2025 870 2095 ad
891 2030 1089 2096 extremum
1118 2021 1213 2117 spiri-

145 2166 218 2223 tum
241 2152 295 2222 rel
317 2172 396 2220 cum
418 2148 544 2219 risibili
578 2151 634 2218 vel
666 2172 745 2220 eum
779 2147 943 2219 invisibili
964 2149 1066 2219 hoste
1086 2150 1213 2219 lucean-

144 2275 331 2345 elnrnlore.
354 2270 568 2354 Quinetiam
595 2272 688 2363 (vide
713 2283 878 2363 quantum
905 2294 925 2342 a
950 2271 1127 2343 communi
1146 2268 1213 2363 opi·

145 2394 246 2465 niono
266 2393 445 2475 dissentio}
469 2394 680 2484 geminatum
704 2393 762 2462 tibi
790 2393 941 2464 laborem
967 2403 1003 2463 el
1027 2392 1159 2462 senties
1182 2400 1216 2463 et

146 2515 327 2607 gaudebis.
349 2515 449 2585 Nullo
463 2537 614 2608 unquam
633 2527 787 2609 tempore
807 2525 875 2585 tam
894 2536 1020 2607 magno
1036 2514 1213 2586 conamine

146 2638 425 2729 consurgendum
448 2638 521 2722 tibi,
545 2648 683 2730 tamque
704 2659 808 2731 supra
827 2639 991 2732 teipsum
1013 2638 1216 2710 attollendus

147 2763 282 2833 animus
314 2763 386 2833 luit.
421 2762 474 2832 Ad
508 2785 644 2834 summa
668 2761 856 2832 certamina
877 2772 1020 2831 ventum
1047 2770 1113 2831 est.
1141 2760 1217 2832 Uni·

149 2912 272 2961 versns
292 2889 386 2960 orbis
408 2889 574 2981 intelligat
594 2889 628 2958 in
650 2900 794 2979 utraque
816 2890 962 2958 lortnna'
975 2885 1088 2977 qualis
1109 2907 1217 2978 quan·
1253 2926 1256 2931 -

149 3026 250 3084 lusve
270 3013 325 3082 vir
344 3012 464 3083 lucris:
485 3034 598 3104 neque
621 3021 657 3081 lu
692 3022 834 3093 tantum,
858 3009 920 3079 sed
942 3007 1000 3100 qui
1023 3007 1093 3078 tuis
1118 3008 1217 3080 etiam

147 3135 298 3207 consiliis
320 3134 568 3225 obsequuntur.
590 3132 704 3202 Habes
727 3154 843 3223 rogem
865 3133 979 3203 animo
1006 3152 1139 3215 senem,
1161 3152 1219 3202 an-

148 3257 202 3326 nis
224 3256 488 3337 adolescentem,
507 3277 585 3324 cum
606 3277 676 3346 quo
697 3266 786 3325 terra
807 3256 961 3347 marique
988 3255 1134 3326 iactatus
1158 3276 1220 3337 es,

149 3399 253 3467 quem
286 3400 348 3471 per
369 3377 476 3446 multa
494 3377 697 3471 praecipitia,
720 3390 866 3468 cogente
885 3382 967 3462 soto,
991 3377 1024 3446 in
1047 3398 1218 3449 summum

150 3509 262 3570 status
284 3499 424 3570 lnrmani
442 3500 615 3591 fastigium
635 3500 840 3594 perduxisti.
859 3501 1013 3573 Ostende
1030 3500 1077 3570 illi
1094 3498 1220 3593 quibus

149 3622 183 3692 in
206 3623 297 3693 hunc
318 3625 463 3693 lortunce
498 3624 661 3694 vorticem
683 3625 727 3694 sit
752 3635 909 3704 evectus,
938 3623 1064 3716 quibus
1089 3622 1221 3694 artibus

150 3745 409 3817 consistendum
432 3747 484 3818 sit.
511 3748 630 3838 Neque
658 3756 725 3815 tam
752 3746 914 3840 deinceps
935 3746 1159 3828 enitendum,
1187 3753 1222 3817 ut

151 3869 341 3940 adscendet
360 3871 476 3953 altius,
499 3892 602 3961 quam
625 3877 662 3939 ul
682 3869 853 3941 adscensu
873 3891 951 3939 seso
969 3869 1137 3961 approbet
1155 3888 1220 3937 non

149 3993 343 4083 indignum,
366 4006 400 4065 ct
427 3991 682 4063 haereditarium
711 4003 884 4085 sceptrum
911 4014 978 4061 non
1006 3991 1117 4082 magis
1143 4011 1222 4063 san·

150 4117 245 4208 guini
265 4117 432 4200 debitum,
455 4139 559 4208 quam
581 4115 710 4186 virtuti.
733 4117 808 4186 Non
828 4115 908 4185 lacit
929 4115 1052 4194 virum,
1076 4112 1137 4184 sed
1160 4113 1220 4184 de·

153 4237 248 4329 tegit,
271 4237 498 4329 principatns3
520 4250 554 4309 et
575 4238 723 4310 bonores
746 4261 813 4308 non
831 4249 967 4309 mutant
984 4258 1097 4306 mores
1118 4243 1223 4328 alque

150 4359 315 4439 animum,
340 4359 402 4428 sed
428 4359 625 4429 ostendunt.
653 4358 828 4430 Persuade
855 4358 899 4429 illi
927 4356 1040 4427 minus
1066 4377 1148 4426 esse
1168 4374 1222 4425 re-

151 4504 229 4571 gem
247 4479 353 4562 nasci,
377 4503 478 4570 (luam
503 4481 627 4552 iudicio
649 4505 768 4573 regem
790 4481 880 4552 fieri:
902 4502 982 4551 esse
1004 4479 1093 4549 enim
1116 4480 1221 4548 fortu-
