2738 5062
141 672 200 735 ttt
476 685 517 731 nu
537 683 639 733 nunus
660 683 879 735 rnunrnnmus

142 786 300 907 liberum,
324 823 387 895 sed
407 821 564 894 obicibus
578 820 675 892 miris
689 820 902 915 implicitum.
924 822 1009 894 Nam
1027 832 1063 894 et
1077 845 1146 916 ego
1164 834 1215 896 to-

142 954 198 1017 tus
218 945 253 1015 iu
273 953 383 1028 motu,
404 955 440 1015 et
460 946 567 1015 multa
587 943 890 1039 circumstrepunt,
914 945 1085 1039 simulque
1106 945 1217 1019 hicet

142 1068 236 1152 alibi,
258 1084 362 1162 atque
387 1068 433 1139 ita
459 1090 631 1162 nusquam
665 1090 755 1139 sum.
775 1067 960 1139 Familiare
991 1071 1120 1140 maium
1142 1072 1217 1143 loca

141 1191 355 1262 mutantium.
381 1189 557 1286 Babylone
575 1191 693 1262 ultimo
714 1189 897 1284 digressus
917 1191 961 1262 ad
986 1193 1114 1262 iontem
1135 1193 1218 1264 Sor·

141 1313 208 1404 giae
248 1312 401 1398 substiti,
439 1313 621 1385 notissimo
654 1334 809 1385 mearum
842 1315 1067 1407 procellarum
1100 1323 1215 1409 portu.

141 1436 202 1506 Hic
221 1437 290 1508 viae
310 1439 451 1509 comites
470 1437 646 1531 opperior,
660 1445 698 1509 et
710 1435 866 1509 autumni
882 1435 1030 1520 exitum,
1052 1446 1114 1509 aut
1132 1436 1218 1511 iliud

142 1561 262 1629 saitem
285 1581 306 1630 a
325 1560 465 1631 Marone
485 1558 697 1654 descriptum
718 1568 868 1653 tempus,
890 1558 1030 1653 quando
1050 1561 1120 1630 iam
1145 1560 1218 1631 brc-

140 1682 276 1774 oiorpoc
294 1680 362 1753 dics
379 1695 410 1754 et
425 1686 554 1754 mollior
573 1695 676 1754 castos.
698 1683 837 1755 iuterim
853 1706 938 1776 orgo
959 1707 1003 1755 uc
1024 1682 1139 1757 inanis
1159 1707 1218 1756 ru-

39 1850 42 1857 ·
142 1805 277 1878 sticatio
295 1828 372 1878 mea
389 1806 447 1891 sit,
461 1806 706 1898 cogitationum
723 1817 1008 1900 consumptarum
1024 1809 1217 1900 fragmenta

143 1930 315 2021 rocoitigo,
347 1940 385 2001 ut
413 1931 524 2001 omnis
557 1930 646 2014 dies,
679 1929 709 2000 si
739 1927 814 2001 fieri
843 1929 964 2022 possit,
995 1940 1057 2002 aut
1087 1930 1218 2024 aliquid

143 2052 331 2122 maioribus
351 2054 472 2146 coeptis
492 2053 645 2140 adiiciat,
668 2061 729 2127 aut
751 2052 921 2124 minutum
946 2052 1078 2145 aliquid
1102 2051 1219 2125 absci-

143 2183 212 2243 vat.
234 2173 336 2256 Quod
355 2173 561 2244 hodiernum
585 2184 641 2246 est
672 2175 726 2247 his
759 2173 804 2246 ad
835 2186 870 2246 te
902 2176 1073 2270 prolatum
1095 2175 1217 2247 litteris

143 2294 300 2388 accipies.
316 2294 445 2380 Poesis,
461 2295 618 2367 divinum
636 2319 762 2369 munus
775 2308 811 2369 et
824 2318 1012 2390 paucorum
1028 2297 1216 2383 hominnm,

144 2418 210 2488 iam
237 2415 390 2508 vulgari,
425 2440 469 2489 ne
501 2418 671 2512 profanari
699 2418 811 2490 dicam
837 2441 878 2490 ao
901 2420 1077 2515 prostitui,
1103 2393 1217 2513 coepit

143 2538 233 2609 Nihil
254 2551 309 2610 est
327 2538 422 2632 quod
440 2539 676 2632 indignantius
697 2544 820 2623 feram;
840 2552 876 2612 ιιι
893 2543 1016 2628 amice,
1040 2542 1069 2613 si
1091 2553 1218 2614 stoma·

144 2661 247 2732 chum
270 2672 367 2732 tuum
389 2662 483 2746 novi,
505 2663 596 2732 ferre
616 2661 853 2754 indignitatem
874 2662 964 2734 hanc
984 2667 1077 2737 nulio
1094 2685 1218 2757 posses

144 2783 256 2855 modo.
277 2784 460 2877 Nunquam
481 2783 628 2856 Athonis
646 2794 706 2856 ant
721 2787 855 2869 Romae,
877 2808 1054 2880 nunquam
1075 2789 1218 2860 Homeri

144 2906 346 3001 virgiliique
367 2907 579 3000 temporibus
610 2916 727 2980 tantus
758 2930 874 2981 sermo
906 2909 951 2980 de
985 2908 1124 2981 vatibus
1146 2910 1217 2996 tuit,

145 3039 296 3123 quantus
315 3042 370 3102 est
390 3032 435 3103 ad
455 3031 565 3124 ripam
587 3031 744 3104 Rhodani
764 3043 865 3104 aetate
891 3033 971 3113 hac;
996 3054 1076 3103 cum
1103 3043 1220 3104 tamen

146 3157 214 3226 nito
235 3177 387 3245 unquam
410 3156 483 3225 ioco
515 3163 575 3224 aut
608 3163 762 3248 tempore
795 3167 863 3226 tam
891 3156 1019 3225 nuttam
1046 3155 1095 3226 rei
1116 3155 1220 3227 huius

147 3275 300 3347 notitiam
319 3277 429 3346 fuisse
448 3275 604 3346 arbitrer.
626 3276 712 3347 Volo
733 3275 834 3348 bilem
860 3278 932 3347 risu
959 3276 1082 3361 lenias,
1110 3288 1147 3350 et
1170 3277 1222 3350 di-

148 3421 226 3471 scas
247 3398 336 3469 inter
357 3397 467 3471 tristia
486 3398 602 3470 iocari.
624 3398 725 3470 Venit
742 3397 788 3469 ad
806 3398 938 3469 curiam
960 3421 1085 3491 nuper,
1113 3400 1220 3472 immo

149 3543 232 3595 vcro
253 3543 322 3591 non
342 3521 451 3605 vonit,
476 3522 538 3593 sed
558 3523 716 3614 captivus
738 3522 864 3593 ductus
880 3533 935 3594 est
951 3524 1113 3595 Nicotaus
1132 3526 1223 3597 Lau-

149 3644 261 3730 rcutii,
280 3644 359 3715 oiim
382 3645 449 3715 iate
468 3644 672 3716 formidatus
691 3644 849 3716 tribunus
867 3643 964 3717 urbis
981 3646 1111 3732 Romae,
1132 3666 1224 3717 nuuc

148 3767 302 3841 omnium
320 3767 496 3839 hominum
516 3767 744 3853 miserrimus
758 3781 807 3852 et,
822 3769 916 3862 quod
932 3781 1131 3841 extremum
1144 3767 1224 3838 maii

150 3912 261 3983 genus
281 3901 349 3974 est,
369 3888 485 3961 nescio
503 3910 562 3973 an,
583 3897 621 3957 ut
637 3890 738 3961 vaide
757 3890 875 3973 miser,
896 3890 946 3961 sic
962 3890 1102 3960 minime
1120 3889 1225 3962 mise-

151 4013 281 4097 rabilis,
316 4013 376 4108 qui
408 4036 487 4084 cum
520 4015 555 4085 in
589 4013 753 4107 Capitolio
786 4023 879 4085 tanta
907 4035 987 4084 cum
1008 4011 1118 4104 gloria
1138 4010 1224 4083 mori

151 4146 281 4232 posset,
310 4138 533 4210 Bohcmicum
566 4150 601 4211 et
636 4161 719 4212 mon
745 4137 1028 4209 Lomoniceusem
1051 4155 1223 4207 carcerem

153 4259 282 4343 subire,
307 4269 400 4329 tanto
426 4282 490 4330 suo
513 4270 548 4331 et
572 4261 702 4331 romani
724 4257 873 4331 nominis
894 4280 935 4331 ac
954 4256 1154 4352 reipublicae
1172 4257 1224 4327 Ιιι-

152 4379 278 4466 dibrio,
295 4379 467 4452 sustinuit.
487 4380 525 4449 lu
543 4402 611 4472 quo
626 4379 798 4452 laudando
815 4379 1057 4470 monendoque
1073 4387 1223 4471 quantus

155 4506 209 4579 hic
229 4506 381 4578 calamus
404 4500 506 4574 suerit
526 4503 641 4573 notius
662 4512 717 4573 ost
736 4505 823 4574 torto
839 4524 943 4594 quam
962 4502 1098 4573 vollem.
1119 4499 1221 4571 Ama-
