2738 5062
155 655 212 717 1¹28
493 668 532 714 nr
554 666 654 715 nunes
675 665 896 715 ruururaurnus

153 812 312 888 atterere,
336 815 371 873 et
388 802 443 873 his
462 778 586 874 studiis
603 803 772 875 incertum
789 804 894 873 huius
907 802 1129 875 brevissimae
1146 806 1225 879 vita

155 938 291 1019 tempus
315 927 539 1019 impendere‘.>
564 927 695 997 Siccine
720 936 831 997 tutum
851 937 906 995 est
926 948 1006 997 cum
1033 931 1158 1021 pelago
1182 932 1227 1003 si-

153 1051 224 1120 mul
243 1062 278 1120 et
301 1071 380 1120 cum
406 1048 506 1119 hoste
526 1060 672 1131 certare,
696 1048 762 1119 hoe
777 1058 833 1118 est
849 1050 986 1141 gemina
1003 1051 1134 1143 pariter
1149 1074 1226 1124 eum

153 1182 261 1243 morte
282 1171 425 1242 luctari?
455 1171 565 1241 Nemo
597 1171 707 1254 enim,
742 1192 878 1262 quaeso,
917 1193 980 1241 vos
1014 1174 1119 1245 sallat.
1141 1174 1224 1246 Cum

153 1295 342 1387 asperrima
359 1303 461 1386 atque
474 1293 712 1377 invictissima,
727 1304 763 1363 et
778 1294 873 1386 quod
891 1293 1024 1366 tristius
1040 1296 1128 1379 dico,
1147 1320 1225 1369 eum

151 1417 264 1489 italica
291 1427 395 1510 gente
414 1417 542 1487 bellum
565 1416 695 1508 geritis.
717 1417 853 1487 Utinam
871 1417 1020 1488 inimicae
1037 1418 1144 1491 urbes
1165 1442 1226 1493 vo

150 1541 205 1613 bis
226 1553 346 1611 essent
365 1542 556 1611 Damascus
574 1550 633 1610 aut
650 1540 751 1623 Susa,
772 1539 903 1609 utinam
919 1541 1092 1635 Memphis
1109 1542 1224 1637 potius

151 1673 211 1734 aut
231 1665 391 1759 Smyrna,
413 1686 517 1757 quam
539 1663 659 1744 lanua;
682 1661 809 1733 utinam
832 1661 1006 1733 adversus
1022 1663 1148 1735 Persas
1165 1676 1224 1737 aut

150 1784 296 1869 Arabes
319 1786 449 1856 utinam
471 1785 642 1856 adversus
664 1782 814 1855 Thracas
836 1792 896 1854 aut
916 1784 1070 1879 illyricos
1092 1808 1223 1878 pugna·

150 1909 244 1982 retis.
263 1911 361 1980 Nune
395 1930 479 1980 vero
499 1908 584 2001 quid
604 1906 727 2000 agitis?
747 1905 783 1976 Si
801 1929 870 1998 qua
886 1904 982 1976 latini
999 1908 1149 1980 nominis
1169 1932 1224 1981 ra·

149 2031 306 2101 verentia
322 2041 389 2114 est,
411 2054 499 2123 quos
520 2031 635 2102 delere
654 2030 819 2101 molimini
839 2031 964 2102 iratres
985 2042 1080 2115 sunt3
1099 2043 1135 2103 et
1153 2032 1222 2105 heu

150 2176 218 2223 non
239 2162 371 2223 tantum
392 2155 487 2245 apud
506 2154 642 2224 Thebas
664 2156 825 2224 fraternae
845 2153 950 2236 aeieS,
980 2153 1043 2224 sed
1068 2177 1133 2249 per
1156 2156 1223 2227 ltu-

150 2274 228 2345 liam
250 2276 479 2345 instruuutur:
499 2274 617 2345 amicis
631 2275 757 2357 llebile,
777 2277 893 2346 laeturn
910 2275 1072 2347 hostibus
1090 2287 1222 2371 speeta-

149 2398 276 2466 eulum.
297 2395 383 2477 Quis
400 2407 515 2466 autem
537 2395 615 2464 belli
637 2394 738 2466 finis‘?
766 2396 839 2480 Ubi,
863 2420 925 2468 seu
946 2398 1099 2470 victores
1120 2398 1222 2471 lueri·

151 2521 194 2589 tis
216 2541 278 2590 seu
300 2518 380 2589 victi
406 2520 543 2613 (anceps
569 2526 624 2589 est
649 2518 740 2589 enim
774 2522 849 2590 alea
878 2520 1054 2613 fortunae),
1077 2546 1221 2597 neeesse

149 2650 204 2711 est
226 2650 263 2711 ut
282 2644 426 2712 alterurn
448 2663 468 2711 e
489 2643 625 2714 duobus
647 2642 753 2713 ltaliae
773 2643 960 2713 luminibus
980 2643 1219 2735 extinguatur,

148 2761 352 2836 obscuretur
371 2769 525 2837 alterum.
556 2770 605 2837 De
630 2776 725 2837 tanto
747 2766 838 2836 enim
872 2766 972 2837 hoste
1003 2764 1218 2841 incruentam

148 2907 289 2981 sperare
308 2889 500 2976 victoriam,
522 2891 604 2962 vide
628 2913 673 2961 ue
698 2910 765 2959 non
787 2899 853 2960 tam
876 2910 1060 2981 generosae
1081 2890 1219 2966 lidueiae

146 3031 250 3100 quam
271 3010 456 3084 incuriosae
476 3011 660 3083 dementiae
682 3011 820 3102 signnm
843 3010 898 3080 sit.
920 3013 1010 3081 Sane
1034 3035 1099 3085 vos
1122 3014 1220 3087 vide·

145 3114 232 3210 ritis,
255 3132 321 3201 viri
342 3136 549 3225 magnanimi
568 3146 602 3204 et
619 3146 856 3227 praepotentes
870 3136 1003 3230 populi:
1018 3138 1113 3228 quod
1126 3139 1218 3211 enim

144 3255 202 3324 uni
224 3254 301 3323 dieo
322 3255 451 3326 dietum
472 3256 641 3327 ambobus
664 3257 829 3349 intelligo,
851 3259 917 3330 nisi
944 3259 1025 3351 quia
1051 3272 1089 3331 ut
1114 3261 1159 3333 ad
1185 3269 1219 3333 te

144 3376 361 3468 potissimum
384 3378 459 3449 lraec
479 3378 604 3472 scripta
626 3384 839 3472 perveniant,
862 3393 897 3452 et
921 3374 1048 3454 devota
1074 3385 1221 3457 lamilia-

143 3497 240 3581 ritaS,
263 3520 342 3590 quae
363 3500 444 3569 mihi
465 3524 544 3571 euru
565 3502 753 3575 virtutibus
775 3506 842 3576 tuis
868 3518 936 3587 est,
964 3516 998 3577 et
1024 3506 1100 3598 ipsa
1125 3511 1219 3581 loco-

144 3642 219 3689 rum
243 3621 400 3692 uieinilas
418 3646 557 3695 eausam
577 3628 769 3720 praebuere:
788 3651 868 3713 vos,
884 3632 1038 3722 iuquam,
1057 3630 1217 3703 videritis

143 3766 308 3835 quorsum
330 3747 482 3837 pergatis
503 3750 629 3833 auimo,
651 3752 729 3844 quis
751 3753 796 3822 sit
816 3752 944 3823 irarum
968 3752 1112 3841 modus,
1135 3754 1216 3847 quis

143 3866 308 3936 terminus
334 3868 505 3954 odiorum,
532 3873 615 3964 quid
641 3875 685 3945 de
712 3877 822 3946 salute
843 3876 990 3971 propria,
1014 3876 1097 3969 quid
1116 3878 1217 3950 deni—

141 4011 208 4079 que
230 3990 339 4081 (cuius
361 4014 428 4061 nou
451 4016 558 4086 parua
575 3998 686 4090 portio
703 3997 830 4090 pendet
846 4021 892 4069 ex
919 3999 1032 4085 vobis)
1055 4000 1099 4071 de
1120 4013 1215 4073 statu

141 4109 276 4203 publico
296 4116 466 4206 cogitetis:
487 4120 587 4189 rrrodo
610 4143 652 4190 ue
670 4121 751 4191 illud
768 4121 917 4205 excidat,
936 4124 1039 4215 (priori,
1060 4124 1125 4193 nisi
1144 4124 1209 4215 gli-

141 4234 268 4303 scentis
290 4237 366 4307 belli
388 4242 490 4311 ardor
511 4245 602 4313 lento
624 4245 738 4337 aliquo
760 4246 896 4340 pietatis
914 4248 1144 4339 extinguitur,
1167 4249 1214 4321 de

139 4357 341 4429 vulneribus
361 4384 441 4452 qum
463 4377 636 4455 parantur,
660 4391 726 4439 nou
749 4370 972 4441 numantinus
994 4382 1054 4442 aut
1077 4394 1211 4462 piurnus,

138 4479 200 4551 sed
222 4479 355 4552 italicus
377 4486 520 4577 sanguis
543 4488 930 4584 lluel,eteoru1u‚qui,
952 4493 979 4563 si
1001 4516 1071 4586 qua
1090 4516 1211 4589 repen-
