2738 5062
389 621 484 669 cisen
504 621 909 672 menemus-eristum
932 626 982 673 xv.
1169 615 1226 676 ·tt.'›

144 780 210 829 mm
230 774 419 827 memores
446 776 583 841 sumne,
610 755 767 827 amabilis
794 756 894 848 quies
920 765 990 839 est,
1017 768 1052 827 et
1076 759 1226 851 optanda

144 878 326 951 securitas.
349 877 473 967 Longe
494 878 630 971 lateque
649 878 827 971 peruagati
850 901 994 949 sumus:
1017 889 1152 974 tempus
1173 892 1228 953 est.

143 999 384 1075 subsistendi:
406 998 666 1093 advesperascit
684 1001 792 1085 enim,
811 1012 911 1094 pater
928 1001 1071 1093 optime,
1093 1013 1129 1074 et
1148 1019 1226 1076 ante

142 1138 277 1199 noctem
312 1124 360 1196 de
385 1122 536 1215 hospitio
561 1123 782 1214 cogitandum
815 1138 879 1197 est.
914 1127 1008 1197 Hanc
1040 1128 1224 1198 litterulam

142 1249 196 1321 tibi
218 1245 389 1320 redeunti
412 1244 554 1317 obviam
581 1246 750 1340 praemisi,
778 1271 798 1318 e
825 1247 973 1339 vestigio
1000 1262 1223 1343 sequuturus.

142 1371 226 1444 t'ive
245 1370 397 1443 feliciter
416 1378 453 1439 et
473 1370 562 1450 vate,
585 1368 692 1440 decus
714 1380 883 1440 nostrum.

284 1516 363 1571 vltt.
384 1515 483 1569 Kalen.
504 1514 681 1585 Nouembris,
702 1518 851 1571 Aveninne.

557 1952 731 2015 tristem
753 1953 820 2015 Xi'l.

159 2134 355 2185 FRANGISCL'S
376 2134 547 2182 Puteanus
568 2134 716 2193 Qt'ttt'utt
737 2135 966 2184 citantutttet's
988 2133 1209 2183 REFORMANDAE

335 2239 535 2289 {tElPUBLiCAE
556 2241 690 2289 1511}thAE
711 2241 885 2290 ueneratus
907 2242 933 2288 S.
956 2242 982 2289 P.
1005 2242 1034 2289 11.

216 2381 382 2455 Reipublicae
398 2378 530 2450 roganda·
544 2380 720 2450 magistratus
734 2396 788 2434 nou
805 2398 819 2434 e
835 2381 1012 2452 patriciorum
1028 2400 1159 2443 nmuero,

462 2469 507 2523 sed
524 2486 539 2523 e
555 2469 667 2541 plebeiis
681 2488 741 2525 csse
756 2471 906 2543 eligendos.

241 2708 442 2802 Fragilibus
464 2709 618 2781 humeris
639 2711 770 2801 grande
791 2733 880 2781 onus
902 2712 1087 2803 imponitur
1107 2711 1151 2780 ab
1168 2714 1224 2783 iilo

144 2844 181 2905 et
197 2854 261 2929 pro
281 2832 355 2916 itta,
377 2831 506 2925 quibus
527 2855 657 2923 negare
677 2832 724 2901 nit
744 2832 851 2926 potui.
873 2834 922 2903 Ne
939 2832 1022 2924 quid
1039 2855 1124 2924 ergo
1144 2835 1225 2904 reii-

147 2977 261 3027 eerem
297 2956 401 3027 iussit
431 2956 556 3026 animae
584 2953 745 3024 dominus
775 2975 882 3025 amor.
911 2955 998 3025 Meae
1030 2958 1223 3027 eommunis

146 3078 322 3173 patriast
341 3080 493 3172 parentis
522 3076 671 3173 publicae
703 3078 798 3148 salus
820 3075 853 3144 in
874 3075 1040 3168 ambiguo
1066 3078 1222 3149 vertitur.

145 3200 219 3273 Non
237 3209 296 3273 est
315 3198 420 3284 fitius,
443 3221 548 3291 quern
571 3198 636 3292 piae
654 3197 775 3269 matris
795 3220 863 3269 non
879 3198 988 3290 tangit
1005 3197 1137 3269 iniuria.
1157 3198 1224 3271 Ac-

146 3324 236 3399 eedit
255 3323 302 3395 ad
321 3323 461 3395 humani
483 3324 624 3414 generis
645 3323 842 3393 universate
862 3319 1019 3393 debitum
1046 3320 1221 3414 singulare

146 3447 321 3542 quoddam
334 3468 418 3537 erga
435 3466 490 3515 me
507 3447 666 3516 meritum
686 3444 781 3515 urbis
800 3446 931 3531 Rome,
947 3467 1050 3537 quem
1067 3456 1101 3516 et
1118 3467 1221 3517 suurn

146 3568 271 3661 insigni
292 3565 472 3659 privilegio
488 3565 601 3637 civem
623 3576 738 3650 vocat,
761 3576 796 3636 et
815 3569 964 3639 tortasse
981 3589 1049 3638 non
1062 3567 1219 3639 ultimum

147 3690 209 3763 hoc
229 3701 385 3783 tempore
417 3689 566 3760 nominis
599 3689 653 3760 sui
683 3700 719 3761 ct
750 3692 850 3761 iamae
872 3691 1085 3763 senescentis
1105 3693 1139 3762 in
1165 3716 1221 3764 me

147 3813 346 3905 praesidium
373 3812 564 3915 repositpm
596 3812 791 3885 arbitratur.
814 3813 969 3905 Denique
1002 3815 1051 3886 sic
1085 3836 1220 3906 semper

146 3934 188 4007 de
201 3956 258 4007 me
270 3934 410 4017 meruit,
427 3945 475 4020 ut,
496 3934 554 4006 ubi
571 3935 616 4008 de
634 3945 725 4007 statu
740 3937 815 4007 eius
830 3935 1011 4029 quaeritur,
1034 3957 1101 4004 non
1119 3935 1221 4007 modo

147 4066 244 4152 turpe
263 4057 437 4129 silentium
456 4080 570 4129 meum
589 4058 646 4143 sit,
664 4060 726 4130 sed
740 4060 966 4130 inhumanum
983 4067 1019 4127 et
1035 4059 1218 4148 ingratum.

147 4178 226 4253 flaec
238 4180 366 4252 idcirco
386 4181 520 4272 praeiari
539 4179 651 4262 libuit,
671 4202 714 4249 ne
733 4178 812 4272 quis
830 4202 886 4251 me
902 4180 1061 4250 insanum
1080 4190 1139 4251 aut
1152 4183 1219 4251 mei

147 4300 252 4395 ipsius
273 4302 418 4374 oblitum
440 4311 547 4395 putet,
570 4302 630 4395 qui
653 4303 781 4371 maiora
799 4301 933 4374 viribus
955 4303 1042 4373 meis
1069 4304 1133 4374 sim
1160 4325 1220 4391 ag-

147 4444 299 4515 gressus,
315 4436 502 4518 contraque
520 4424 702 4497 consitium
723 4422 897 4516 sapientis,
914 4428 1033 4498 altiora
1052 4448 1107 4496 me
1124 4446 1220 4516 quae-

269 4558 295 4596 ιι,
1038 4549 1067 4595 ¹0
