2738 5062
345 761 437 810 nrnnn
460 760 941 813 murmuremus-nmmum
963 766 1025 815 rur.
1068 731 1076 740 ”
1162 753 1219 816 387

147 894 243 967 dubii
265 895 444 987 superfuit.
472 897 556 987 Figo
576 896 725 987 gradum
745 904 861 967 tamen
887 898 988 988 qnasi
1008 898 1162 986 uescina,
1190 911 1225 971 et

146 1016 282 1106 vulgari
301 1038 362 1087 eas
381 1038 542 1088 sermone
563 1018 763 1087 lllaroneum
784 1017 868 1088 illud
888 1017 1084 1111 interrogo:

467 1194 541 1268 Quae
558 1211 667 1272 genus,
686 1196 765 1259 unde
782 1196 898 1260 domo‘l

144 1389 199 1460 Ad
226 1389 375 1482 primunr
404 1388 527 1460 italice
561 1408 683 1459 sonum
715 1388 812 1460 vocis
845 1392 924 1461 laete
944 1389 1171 1476 subsistunt,
1201 1398 1232 1465 θ’

143 1510 271 1604 quibus
297 1522 379 1581 natn
400 1511 531 1582 maior:
558 1512 732 1593 Romanae,
756 1511 874 1603 inquit,
895 1533 1027 1596 sumus,
1042 1515 1219 1607 Romaque

144 1634 306 1726 prolectae
327 1632 418 1703 imus
437 1634 481 1704 ad
500 1631 684 1725 hispanum
703 1633 815 1703 lacobi
832 1635 947 1704 limen.
967 1635 1015 1704 Tu
1035 1647 1151 1706 autem
1176 1656 1221 1706 an

143 1756 230 1824 torte
243 1776 408 1826 romanus
424 1776 473 1838 as,
492 1766 584 1824 etan
598 1755 740 1826 Romam
755 1757 881 1827 vadis?
893 1757 1052 1840 Prorsus,
1067 1757 1217 1849 inquam,

144 1874 259 1945 animo
281 1895 459 1957 romanus,
489 1874 550 1945 sed
574 1896 664 1943 nunc
685 1874 825 1945 minimo
850 1877 993 1946 Romam
1019 1885 1106 1969 peto.
1133 1878 1220 1950 Tum

144 2018 228 2067 vero
244 1997 447 2068 familiarius
464 1997 685 2067 circumfusae
702 2007 825 2067 cuncta
844 1995 1007 2068 fidentius
1019 2000 1221 2090 colloquun-

144 2128 208 2190 tur.
231 2121 268 2189 lu
290 2121 408 2213 primis
430 2118 628 2212 reipublicae
649 2129 775 2188 statum
798 2116 1229 2210 quaer031aetatristibus'

142 2243 251 2311 mixta
274 2243 493 2337 respondent.
517 2240 581 2312 Ubi
602 2240 646 2311 ad
669 2240 885 2330 particularia
899 2250 1042 2312 ventum
1056 2253 1119 2326 est,
1135 2241 1220 2312 nihil

143 2363 226 2433 mihi
249 2364 312 2432 luit
330 2364 505 2455 antiquius
524 2383 628 2454 quarn
652 2371 688 2431 ut
705 2360 749 2432 dc
768 2370 801 2432 te
817 2382 1024 2452 quaererem.
1042 2364 1137 2434 Bene
1156 2385 1221 2434 va·

142 2487 268 2554 lentem
288 2484 453 2562 nuntiant,
469 2495 678 2576 auctumque
691 2482 847 2553 felicibus
859 2493 895 2554 et
908 2482 1064 2555 honestis
1078 2483 1217 2578 nuptiis,

142 2618 177 2677 et
196 2607 340 2698 pulchra
361 2608 455 2698 prole
478 2615 678 2697 parentem;
699 2625 780 2696 quae
797 2604 881 2675 milri
902 2606 1064 2696 quamvis
1085 2606 1219 2697 pridem
1290 2613 1294 2621 ‘

142 2727 276 2818 singula
309 2739 391 2798 nota
425 2736 557 2810 essent,
585 2749 652 2796 non
678 2725 776 2796 aliter
802 2735 916 2795 tamen
944 2747 1021 2794 sum
1056 2727 1216 2815 gavisus,
1307 2707 1310 2711 ⁵

141 2870 245 2938 quarn
268 2849 296 2917 si
320 2848 456 2919 noviter
476 2847 647 2928 audirem,
671 2867 735 2916 seu
757 2857 788 2915 te
810 2866 925 2914 coram
948 2868 1165 2938 uxoremque
1181 2857 1217 2917 ot

142 2965 249 3035 lilium
276 2965 442 3037 viderem.
464 2965 684 3037 Addiderunt
702 2964 746 3035 de
768 2964 928 3057 periculis
948 2964 1017 3036 tuis
1038 2965 1213 3056 quiddam,

141 3086 236 3181 quod
255 3087 333 3158 licet
354 3088 576 3178 praeteritum,
597 3084 751 3178 trepidus
770 3095 887 3155 tamen
904 3085 1045 3156 audivi:
1065 3085 1115 3155 sic
1132 3085 1213 3154 mihi

141 3208 244 3281 fando
263 3207 478 3279 formidinem
501 3215 722 3278 renovarunt.
742 3205 877 3289 Exitus
893 3208 963 3276 Deo
978 3206 1117 3297 gratias
1133 3203 1217 3275 felix

140 3342 223 3403 erat.
245 3329 332 3400 Hinc
360 3328 590 3401 adolescentis
618 3330 726 3400 nostri
755 3347 920 3420 quaerens
947 3336 1085 3409 statum,
1112 3324 1217 3398 didici

140 3462 269 3545 quanto
295 3451 446 3545 periculo
466 3461 608 3545 ereptus
633 3458 742 3530 esset,
765 3448 848 3519 dum
875 3449 1057 3520 Bertoldus
1080 3458 1218 3520 senator

140 3576 270 3666 collega
289 3577 366 3645 eius
387 3573 475 3645 irato
496 3577 621 3670 populo
642 3573 807 3654 obiectus,
825 3580 861 3641 et
882 3582 918 3642 nt
934 3571 1082 3656 aiebant,
1096 3569 1218 3664 lapidi-

142 3693 208 3765 bus
244 3694 391 3766 0brutus
429 3696 598 3788 periisset.
637 3691 882 3785 Succurritque
917 3692 1097 3765 coelestim
1133 3688 1219 3760 illud

140 3815 286 3888 Lucani:

320 3987 380 4049 llas
396 3985 466 4048 urbi
483 3986 605 4048 miserae
622 3992 725 4047 restro
743 3985 779 4048 de
797 3983 942 4062 sangmne
957 3998 1061 4076 poenas

318 4089 411 4152 Ferre
427 4089 520 4165 datis,
538 4089 621 4150 luitis
639 4089 743 4165 iugulo
762 4089 805 4150 sic
821 4102 908 4150 arma
923 4091 1069 4165 potentes.

139 4294 267 4367 Audita
288 4304 403 4366 autem
424 4316 530 4367 causa
550 4293 635 4365 tanti
655 4313 769 4376 casus,
793 4291 895 4364 rediit
914 4292 948 4363 in
965 4291 1117 4364 animum
1136 4291 1220 4363 illud

139 4418 355 4490 Salomonis:
376 4418 434 4510 qui
451 4413 619 4485 abscondit
636 4418 805 4505 framenta
825 4412 1034 4484 maledicetur
1054 4417 1090 4484 in
1114 4435 1220 4506 popu-

140 4539 190 4605 lis.
212 4538 301 4607 Mate
322 4539 429 4609 miser
447 4535 612 4612 didicerat
630 4539 830 4609 Caesareum
852 4535 957 4607 illud:
979 4558 1106 4604 somme
1124 4538 1219 4621 faun-
