2738 5062
386 667 479 717 amna
499 668 689 719 uanrcraus.
701 666 904 718 -nrrsrona
925 669 978 717 ru.
1166 656 1219 717 ttll

140 824 256 877 eorum
277 803 482 897 praesertim
499 804 557 897 qui
578 826 600 875 a
618 804 785 895 sapientia
805 805 922 897 procul
940 802 1083 884 absunt,
1102 824 1148 873 ex
1166 824 1221 873 me

143 931 212 1003 licet
238 926 433 1017 intelligas.
468 926 578 1019 Coepit
605 948 685 998 ecce
719 928 869 1020 impetus
903 929 1009 998 colles
1035 938 1070 996 et
1095 947 1221 1019 specus

142 1065 172 1124 ct
190 1072 342 1124 nemora
361 1049 545 1121 revidendi
573 1050 765 1143 virentique
785 1072 894 1120 musco
919 1048 1033 1122 obsita
1053 1040 1156 1142 atq‘uc
1177 1049 1222 1121 ad

143 1177 318 1248 famosum
346 1171 482 1263 Sorgiae
513 1174 642 1244 fontem
671 1194 810 1267 semper
841 1195 928 1244 saxa
961 1172 1129 1243 sonantia.
1157 1171 1221 1242 Ubi

144 1321 228 1395 puer
248 1296 350 1379 olim,
367 1305 447 1386 post
463 1295 680 1377 adolescens,
702 1296 815 1367 denuo
832 1296 886 1365 vir
907 1296 1050 1376 sueram,
1069 1316 1136 1386 ego
1154 1295 1221 1365 iam

146 1418 319 1493 senectuti
340 1416 523 1510 proximus
544 1417 640 1501 redii,
664 1439 745 1511 quo,
770 1430 807 1487 ut
824 1419 927 1502 nosti,
950 1439 1128 1509 nunquam
1149 1440 1222 1487 am-

145 1544 235 1639 plius
255 1540 375 1612 redire
394 1539 631 1611 decreveram.
652 1540 803 1612 Dulcedo
822 1538 984 1633 quaedam
1006 1539 1112 1612 subiit
1132 1542 1221 1610 loco·
1297 1577 1299 1581 ν

146 1687 236 1749 rum,
257 1673 298 1734 et
314 1665 424 1733 latens
445 1662 560 1733 animo
579 1666 692 1735 calcar
713 1663 873 1734 incussit:
895 1666 1030 1734 tronare
1050 1663 1145 1733 illum
1167 1683 1223 1732 ra-

148 1786 191 1857 tio
210 1808 285 1857 non
307 1785 428 1878 potuit.
447 1784 521 1854 Non
538 1807 595 1854 me
613 1785 682 1856 buc
702 1789 771 1855 ulla
793 1808 875 1880 spes
894 1786 1052 1869 attraxit,
1072 1805 1140 1855 aon
1162 1807 1222 1856 ne-

147 1909 310 1991 cessitas,
333 1929 402 1979 non
420 1909 593 2001 voluptas,
609 1908 674 1978 nisi
694 1930 818 2002 aspera
832 1908 991 2000 quaedam
1006 1915 1042 1978 et
1054 1905 1220 1997 agrestis,

147 2054 214 2105 non
225 2029 392 2124 denique,
407 2051 488 2123 quae
504 2053 572 2101 una
591 2030 827 2122 temporalium
846 2051 1029 2102 causarum
1048 2029 1223 2101 honestis-

148 2156 235 2229 sima
260 2165 332 2238 est,
356 2153 508 2226 charitas
538 2154 736 2225 amicorum.
770 2154 865 2237 Quos
894 2156 984 2227 enim
1012 2154 1066 2226 bic
1093 2154 1221 2227 amicos
1259 2175 1264 2184 ·

151 2276 305 2363 habeam,
323 2277 381 2349 ubi
397 2300 500 2348 nemo
520 2278 649 2369 estqui
667 2276 780 2370 ipsum
798 2277 956 2350 amicitiae
976 2300 1102 2350 nomen
1125 2278 1224 2351 intel-

153 2402 258 2493 ligat?
275 2401 385 2473 Exilis
407 2401 555 2491 glebulae
575 2409 611 2471 et
631 2400 791 2473 felicioris
812 2402 894 2473 vitis
916 2412 1019 2495 atquo
1040 2407 1128 2475 oleae
1148 2405 1237 2484 culs

151 2522 256 2611 tibus,
279 2526 337 2595 vel
358 2522 530 2594 flumineis
551 2523 663 2595 hamis
690 2547 730 2595 ac
746 2525 877 2596 retibus
896 2526 1025 2597 intenta
1048 2524 1222 2616 plebecula

146 2650 278 2719 nubum
300 2646 384 2718 vitae
404 2648 644 2741 sermonisque
664 2647 908 2719 commercium
936 2647 1064 2718 habere
1087 2670 1220 2717 mecum

144 2779 272 2864 potest.
294 2768 416 2862 Neque
445 2778 557 2840 tamen
590 2793 706 2841 rerum
729 2770 871 2858 ignarus
905 2777 965 2838 aut
992 2791 1077 2840 casu
1109 2768 1224 2859 aliquo

146 2892 285 2965 delatus
308 2912 407 2962 sum:
428 2892 556 2984 quippe
582 2891 639 2962 ubi
663 2891 789 2960 bonam
813 2891 879 2961 aevi
905 2902 1035 2983 partem
1062 2891 1225 2981 exegisse

150 3013 384 3097 memineram,
401 3013 526 3085 indicio
539 3015 654 3107 potius
673 3013 855 3105 sciensque
869 3036 911 3084 ac
925 3015 1045 3084 volens
1063 3024 1225 3115 certusve

149 3136 237 3230 qnid
256 3137 483 3222 dimitterem,
501 3136 585 3230 quid
599 3157 777 3228 sequerer,
792 3157 968 3207 reversus.
985 3135 1019 3204 Si
1033 3135 1224 3228 quidquam

146 3259 353 3343 excusabile
384 3271 440 3332 est
468 3259 503 3330 in
537 3259 602 3332 hac
623 3259 811 3331 mutatione
837 3258 1016 3354 propositi,
1050 3280 1148 3330 amor
1171 3269 1226 3330 cst

149 3404 219 3454 non
239 3381 289 3454 rei
316 3383 456 3455 alterius
482 3382 549 3453 nisi
570 3382 766 3454 solitudinis
794 3393 829 3455 et
861 3385 996 3477 quietis.
1033 3384 1148 3475 Usque
1181 3383 1226 3455 ad

148 3509 344 3580 satietatem
359 3517 462 3577 notus
476 3505 509 3576 in
524 3506 649 3600 patria,
671 3506 879 3599 fugiensque
899 3506 1089 3591 fastidium,
1105 3527 1225 3599 quaere

150 3630 209 3703 ubi
229 3631 355 3701 lateam
377 3630 488 3712 soluS,
514 3627 681 3721 inglorius
705 3638 740 3699 ct
765 3628 913 3722 ignotus.
942 3630 1028 3700 blira
1056 3629 1225 3722 cupiditas

148 3754 240 3824 inter
268 3763 316 3824 tot
339 3752 533 3846 praesertim
565 3753 678 3823 inanis
711 3754 831 3845 gloriae
864 3764 1064 3826 sectatores
1087 3754 1156 3825 Sed
1177 3753 1226 3824 sic

146 3885 217 3959 est;
239 3875 307 3948 boc
328 3897 471 3968 sequor;
492 3877 558 3947 hoc
578 3886 716 3970 appeto;
730 3898 794 3948 nec
808 3899 863 3947 me
882 3878 961 3949 binc
974 3877 1133 3970 quaesitae
1145 3876 1225 3946 olim

149 3998 207 4067 vel
228 4007 380 4091 speratae
401 4001 502 4069 famae
523 3998 662 4070 claritas
684 4021 724 4071 ac
744 3999 942 4070 celebrioris
964 3999 1048 4070 vitae
1069 3999 1226 4070 iucundi·

148 4128 204 4191 tas
224 4119 383 4204 retrahit,
407 4120 486 4193 binc
512 4132 628 4194 autem
653 4121 836 4193 contrariae
855 4130 890 4192 et
910 4130 1077 4213 praetcrea
1104 4121 1226 4191 ruralis

149 4252 247 4315 metu
271 4243 425 4315 deterret
449 4245 644 4316 austeritas.
674 4245 717 4315 Ut
742 4244 830 4315 scias
857 4243 975 4336 quanti
996 4243 1103 4314 otium
1124 4243 1225 4327 facio,

147 4364 233 4436 nihil
257 4366 373 4437 habeo
392 4368 486 4460 quod
510 4391 590 4438 cum
616 4368 673 4439 illo
699 4376 930 4460 permutatum
952 4368 1067 4437 velim.
1091 4366 1228 4458 lmpulit

148 4488 322 4573 animum,
343 4499 381 4560 ut
399 4491 486 4576 dixi,
510 4514 578 4563 non
601 4493 674 4563 sine
695 4491 844 4583 quadam
861 4490 1044 4562 dulcedine
1062 4489 1227 4560 memoria
