2738 5062
140 622 198 683 sti
477 632 519 681 on
540 630 641 681 nesus
663 629 883 681 annullamus

140 790 238 843 amor
258 765 574 861 ingeniosissimus,
602 774 642 836 ut
665 765 802 859 experti
828 764 952 837 sciunt.
974 763 1091 837 Missis
1116 764 1233 858 igitur

139 917 186 966 ex
208 890 295 964 meis
313 889 458 983 quirem
473 887 702 980 inquirerent,
717 909 789 957 rem
804 886 1074 980 haudquaquam
1087 887 1232 975 fletam,

142 1015 206 1087 sed
225 1024 343 1085 notam
376 1022 482 1105 atque
515 1009 692 1100 vulgatam
727 1030 808 1080 esse
840 1009 1024 1103 comperio.
1048 1010 1230 1085 Fluctuari

142 1137 257 1208 animo
277 1155 467 1226 coeperam,
489 1133 597 1203 multa
617 1153 753 1203 mecum
775 1132 931 1214 volvere,
955 1133 1063 1203 multa
1082 1136 1231 1206 consul·

143 1270 217 1330 tare
237 1278 316 1328 cum
336 1255 514 1349 episcopo:
541 1276 619 1326 oum
646 1254 704 1324 ille
731 1254 842 1345 magis
868 1253 1052 1347 magisque
1077 1254 1231 1329 instaret

144 1390 193 1463 ut,
218 1379 247 1450 si
267 1400 347 1449 eum
370 1398 496 1470 meque
518 1379 635 1447 salvos
656 1397 836 1468 cuperem,
858 1374 983 1470 ceptis
1002 1375 1227 1451 absisterem.

143 1504 219 1595 Ego
239 1511 356 1572 autem
376 1498 481 1571 eundi
502 1499 679 1593 proposito
699 1497 889 1581 baerebam,
910 1500 1074 1592 quamvis
1088 1510 1229 1575 mutare

144 1623 328 1696 iterfacite
361 1621 555 1706 inducerer,
594 1619 689 1713 quod
718 1640 763 1690 eo
796 1620 927 1693 scilicet
954 1621 1228 1697 incommodiore

143 1750 361 1839 multumque
380 1743 535 1836 longiore
556 1740 725 1837 proficisci
757 1743 868 1814 solum
902 1766 957 1816 me
988 1743 1131 1817 videndi
1155 1748 1229 1817 tra·

145 1871 220 1955 tris,
242 1892 348 1962 quem
369 1869 438 1939 iam
460 1865 697 1959 quinquennio
717 1885 787 1935 non
806 1863 989 1951 vidissem,
1011 1867 1143 1960 quique
1169 1890 1229 1941 se-

143 2013 206 2063 cus
227 1991 292 2063 iter
312 1990 396 2061 illud
409 1989 546 2060 Christo
563 1987 659 2074 vivit
679 1985 893 2060 desiderium
914 1986 1112 2061 induxerat.
1133 1992 1226 2063 Dum

144 2113 221 2183 baee
241 2134 377 2183 mecum
398 2123 531 2183 etcum
557 2111 686 2205 optimo
711 2112 767 2181 illo
792 2119 891 2204 patre
915 2131 1054 2202 agerem
1082 2113 1228 2186 assidue

143 2231 314 2303 diluvium
332 2232 522 2304 crescebat.
541 2234 672 2303 Fessus
691 2233 795 2303 animi
813 2231 848 2301 in
866 2231 1063 2304 cubiculum
1081 2256 1228 2309 conces-

144 2373 271 2436 seram,
298 2363 335 2422 et
361 2352 422 2421 vix
453 2362 492 2423 ut
523 2353 660 2426 aestimo
680 2353 801 2424 horam
823 2375 927 2425 unam
953 2353 1125 2445 integram
1145 2356 1228 2430 dor·

143 2475 299 2545 mierum.
315 2475 450 2568 Raptim
464 2497 511 2546 ex
526 2495 622 2546 more
638 2476 684 2547 ad
702 2474 888 2547 matutinas
906 2474 968 2546 Dei
984 2475 1107 2548 laudes
1125 2477 1228 2551 solito

143 2596 247 2668 citius
267 2596 494 2691 expergiscor
513 2619 593 2668 oum
614 2597 729 2668 omnia
756 2597 838 2681 iam,
865 2600 955 2670 male
980 2597 1227 2672 resistentibus

144 2721 284 2818 tegulis,
313 2718 531 2791 inundarent.
554 2721 691 2792 Rursus
717 2720 762 2792 ad
786 2720 987 2815 episcopum
1014 2720 1225 2806 insomnem,

143 2851 248 2936 atque
280 2843 405 2914 iterum
429 2853 465 2913 et
489 2843 613 2914 iterum
648 2844 693 2915 ad
726 2864 782 2913 me
815 2843 927 2936 ipsum
954 2841 1038 2935 quid
1064 2864 1225 2935 agerem,

144 2963 228 3058 quid
248 2965 398 3036 extremi
418 2965 551 3037 consilii
569 2986 741 3059 caperem.
764 2965 875 3035 Unum
910 2964 975 3035 iter
1009 2964 1100 3038 bello
1131 2967 1226 3039 clau·

144 3109 237 3173 sum,
260 3098 385 3160 cuncta
404 3087 545 3159 diluvio.
567 3088 659 3172 Quid
684 3088 816 3158 multa?
839 3087 910 3158 Res
935 3086 981 3158 ad
1005 3086 1225 3179 religionem,

144 3223 183 3283 ut
198 3212 442 3284 historicorum
461 3210 579 3283 verbis
597 3220 683 3295 utar,
699 3220 837 3283 vertere
856 3222 1023 3305 coeperat:
1037 3213 1154 3284 visum
1171 3223 1227 3285 est

144 3352 212 3402 non
233 3334 367 3425 placere
388 3336 458 3405 Deo
484 3332 730 3426 protectionem
753 3354 877 3404 meam.
900 3332 953 3406 Ad
974 3355 1016 3405 ea
1036 3311 1228 3406 accedebat

144 3463 259 3527 metus
279 3453 521 3546 corrumpendi
541 3455 663 3539 libros,
681 3454 873 3549 exquibus
893 3456 1076 3528 sarcinulae
1098 3478 1226 3549 magna

144 3599 189 3649 cx
224 3583 322 3671 parte
341 3576 556 3647 constabant.
590 3577 691 3648 Sensi
724 3576 873 3649 libertati
906 3578 1035 3651 obesse
1066 3579 1224 3663 divitias,

143 3700 240 3771 oneri
262 3700 399 3780 timens,
432 3708 472 3769 ut
504 3699 552 3771 ait
584 3701 693 3783 Maro,
715 3698 776 3790 qui
800 3701 936 3794 corpori
957 3722 1027 3774 non
1049 3699 1225 3773 timebam.

144 3824 253 3894 lssem
275 3822 426 3917 proiecto
444 3822 473 3893 si
490 3842 626 3893 vacuus
646 3820 789 3894 inissem
801 3847 808 3905 ;
820 3845 912 3895 nuno
930 3823 1059 3906 mansi,
1072 3822 1223 3905 mutatis,

142 3946 303 4040 episcopo
323 3944 541 4029 obsecrante,
577 3943 745 4016 consiliis:
782 3946 998 4038 remissaque
1027 3947 1063 4015 in
1093 3946 1224 4017 ltaliam

143 4078 241 4162 parte
260 4068 411 4152 familiae,
435 4068 480 4140 ad
502 4069 631 4140 iontem
654 4069 788 4160 Sorgiae
808 4066 892 4139 redii
918 4090 1008 4160 pene
1034 4069 1142 4140 solus.
1165 4068 1227 4140 llic

144 4210 220 4260 sum
255 4211 324 4260 non
355 4189 549 4283 desperans
582 4212 715 4262 moram
737 4192 792 4260 vel
813 4189 960 4261 alicuius
988 4190 1118 4284 sperati
1143 4190 1224 4264 boni

142 4330 283 4383 causam
317 4311 402 4396 iore,
437 4314 496 4382 vel
530 4312 711 4405 improvisi
746 4311 941 4404 cuiuspiam
974 4313 1053 4383 mali
1088 4315 1224 4406 sugam:

143 4431 401 4505 bumano'enim
423 4434 572 4505 consilio
591 4456 712 4526 parum
735 4432 848 4507 fidens
867 4456 932 4505 oen
950 4433 1118 4525 magister
1139 4454 1226 4529 pun
