2738 5062
143 686 181 746 lt
476 700 517 747 ou
537 699 639 748 eurus
661 698 882 748 emeramnus

141 865 233 914 nunc
246 845 356 913 lacere
369 843 480 934 palam
495 853 559 913 est.
578 843 623 912 Et
635 842 710 914 haec
724 842 907 924 hacteuus
929 842 1091 933 quemvis
1110 845 1219 913 multa

142 966 185 1037 de
206 966 261 1036 his
278 986 393 1036 coram
420 964 510 1057 loqui
533 965 691 1050 habeam,
716 987 795 1059 quae
825 967 979 1035 calamus
1007 962 1216 1036 reformidat.

142 1087 330 1160 eomoediae
367 1087 497 1160 dietum
533 1087 675 1160 inieram
708 1087 862 1172 alterius,
886 1084 1113 1178 desinamque
1137 1108 1218 1157 cum

141 1210 275 1281 Plauto:
290 1202 298 1235 ¹

176 1432 179 1437 ·
261 1406 354 1469 Nemo
373 1406 496 1488 (iuquit)
514 1408 560 1469 ire
577 1420 764 1485 quemquam
780 1403 898 1484 publica
914 1403 1055 1483 prohihet
1072 1403 1139 1480 via,

261 1504 341 1568 llum
357 1522 397 1569 ue
412 1521 466 1587 per
481 1506 610 1568 fundum
626 1507 745 1581 septum
761 1502 851 1566 facias
867 1503 1026 1580 semitam,

139 1708 174 1770 et
193 1721 273 1793 quae
290 1701 324 1768 in
343 1700 432 1771 hauc
453 1697 513 1769 tibi
532 1698 737 1770 seutentiam
760 1708 962 1791 sequuntur.
978 1699 1106 1770 Locum
1122 1719 1219 1791 quae-

141 1823 213 1894 ris‘?
231 1820 391 1893 Curculio
404 1820 529 1893 fabulae
543 1844 667 1893 nomeu
680 1832 745 1893 est.
762 1821 918 1914 Denique
931 1822 998 1893 hoc
1012 1819 1072 1892 tibi
1088 1821 1219 1893 suadeo

140 1946 234 2039 quod
255 1944 338 2016 mihi
365 1943 485 2016 videor
509 1945 745 2041 persuasisse:
774 1944 902 2016 veteris
929 1943 1080 2014 flammae
1104 1955 1165 2016 aut
1189 1947 1219 2017 si

141 2068 226 2161 quid
246 2068 372 2138 lavillae
394 2065 543 2159 tepentis
577 2067 805 2159 superfuerat,
836 2067 1001 2159 cogitatio
1021 2066 1217 2159 oppressit,

142 2199 279 2283 tempus
298 2189 431 2272 lenivit,
454 2187 644 2259 novissime
663 2211 757 2261 mors
777 2190 939 2261 extinxit.
962 2189 1063 2273 Quod
1087 2189 1133 2261 ad
1154 2189 1219 2258 hoe

141 2314 304 2383 humauae
323 2311 406 2381 vitae
425 2309 553 2380 bellum
575 2310 705 2396 attinet,
728 2313 879 2405 receptui
901 2311 1071 2384 cecinisse
1089 2333 1144 2380 me
1158 2331 1220 2380 no—

141 2433 247 2507 veris.
265 2435 341 2504 Non
362 2456 438 2504 sum
463 2433 521 2503 tibi
543 2456 634 2504 nuuc
659 2435 753 2507 aliud
779 2435 986 2528 scripturus
1014 2434 1073 2528 qui
1099 2443 1134 2505 et
1159 2430 1218 2504 ubi

142 2557 206 2628 sim
228 2555 333 2638 nosti,
355 2556 440 2649 quid
462 2568 494 2627 te
515 2576 674 2626 moneam
695 2555 872 2648 intelligis,
900 2557 984 2651 quid
1015 2557 1060 2630 de
1093 2565 1126 2628 te
1146 2577 1218 2627 me-

141 2690 237 2751 tuam
262 2680 374 2752 vides.
396 2681 497 2765 Vale,
515 2700 614 2763 cave,
633 2679 870 2773 circumspice.

562 3182 739 3247 EPISTOLA
760 3183 797 3248 ll.

196 3354 389 3404 suauciscus
409 3355 578 3404 ruruaaca
599 3356 760 3405 uocemue
782 3356 834 3405 ur.
857 3353 1016 3404 aequumst
1037 3354 1063 3403 s.
1086 3355 1113 3402 r.
1135 3352 1164 3401 u.

167 3504 262 3560 Multis
276 3505 414 3560 rationum
427 3506 574 3561 momentis
588 3506 703 3562 suadere
719 3507 827 3577 nititur,
851 3523 881 3562 se
903 3522 960 3561 non
983 3503 1075 3561 animo
1090 3504 1219 3576 cuiquam

249 3595 376 3665 nocendi,
399 3596 542 3667 multoque
565 3596 658 3650 minus
676 3596 822 3669 Episcopo,
847 3595 876 3649 in
892 3593 975 3649 Curia
988 3592 1078 3650 adhuc
1096 3592 1217 3663 morari,

247 3686 332 3758 idque
344 3692 444 3758 praetcr
458 3702 539 3741 suam
553 3686 723 3742 voluntatem
735 3684 869 3741 accidere.

242 3928 317 3999 Etsi
339 3946 434 4021 saepe
455 3925 681 4018 breviloquus
701 3924 813 4010 dolor,
840 3948 1089 4020 nonuunquam
1113 3929 1218 3998 etiam

144 4060 260 4121 mutus
283 4050 338 4134 sit,
359 4049 416 4122 ubi
437 4048 537 4142 gravi
556 4048 654 4121 obice
679 4047 777 4119 vocis
808 4046 874 4119 iter
900 4047 1051 4120 obstruit
1080 4058 1216 4119 moestae

144 4171 357 4264 torpidaeque
378 4171 503 4243 mentis
523 4169 697 4251 anxietas;
719 4169 777 4240 ubi
799 4178 915 4240 tamen
935 4169 1105 4261 congelati
1131 4189 1218 4238 moe·

145 4293 234 4364 roris
253 4294 467 4366 obstaculum
486 4293 562 4365 laesi
575 4293 678 4365 animi
691 4295 805 4366 calore
819 4293 1014 4375 resolvitur,
1030 4288 1138 4361 verba
1152 4289 1219 4360 iter

145 4398 337 4501 iuveuiunt,
357 4427 392 4486 et
413 4437 508 4510 saepe
528 4415 793 4509 loquacissimus
814 4415 912 4488 dolor
936 4422 1001 4485 est.
1030 4411 1218 4504 Utriusque

237 4554 246 4588 ⁴
263 4555 360 4619 Plaut.‚
374 4554 503 4618 coemto,
515 4561 578 4618 act,
591 4555 617 4615 1,
629 4567 664 4606 ec.
679 4555 701 4603 l.
