2738 5062
452 735 894 788 nunsuouus.—er1sronl
917 738 957 789 ιν.
1221 727 1240 789 9

166 880 421 964 dulcissimum,
447 882 613 976 praeclara
637 880 726 952 inter
751 880 905 954 iuventae
934 881 1087 955 facinora
1117 904 1242 955 nnme-

165 1002 1242 1102 mmfflmmmmmfflmwmw
1345 1057 1347 1061 ,

164 1149 248 1199 vum
270 1137 331 1199 ant
349 1126 517 1199 iacentem
537 1127 627 1199 inter
652 1148 779 1222 vepres
805 1108 958 1220 leporem
985 1149 1053 1199 non
1079 1138 1239 1221 tangere3

164 1251 294 1345 praedae
314 1254 396 1344 suga
421 1250 574 1322 studium
599 1251 843 1344 insequentum
870 1250 1009 1323 excitat.
1043 1253 1098 1324 Sic
1123 1262 1241 1324 vester

165 1396 272 1460 amor,
294 1377 472 1467 eleganter
491 1373 540 1445 ait
555 1375 714 1459 Flaccus,

318 1556 495 1620 Transvolat
511 1555 543 1619 in
555 1556 656 1621 medio
672 1557 769 1636 posita
786 1565 816 1620 et
832 1557 978 1638 rugientia
995 1564 1101 1640 captat.

166 1733 338 1826 Coniuges
357 1742 496 1805 vestras
521 1733 682 1819 abiicitis,
710 1734 840 1806 alienas
867 1734 1041 1830 appetitis,
1069 1757 1150 1807 cum
1174 1735 1240 1809 illis

166 1856 300 1929 interim
323 1856 377 1929 sui
397 1865 434 1928 et
453 1857 580 1953 compti
598 1868 633 1929 et
649 1857 776 1950 vigiles
796 1857 892 1953 proci
909 1857 989 1930 sint.
1010 1858 1067 1930 Sic
1086 1858 1251 1952 undique.

165 1980 388 2073 adimpletum
408 1979 530 2053 videas
554 1979 639 2052 illud
655 1978 823 2051 leremiae:
845 1981 927 2073 equi,
942 1980 1061 2072 inquit,
1079 1993 1242 2050 amatores

164 2105 200 2172 iu
217 2104 359 2193 seminus
378 2113 411 2173 et
426 2103 590 2172 uubsurii
602 2103 684 2192 secti
701 2112 788 2172 sunt.
807 2098 1033 2194 Unusquisque
1045 2099 1089 2170 tui
1099 2121 1242 2175 imorem

162 2226 313 2317 promimi
330 2226 385 2295 sui
402 2225 584 2295 binniebat.
602 2224 696 2295 llere
715 2223 870 2296 hinnitus
889 2235 924 2296 et
944 2223 1136 2296 bestialitas
1152 2224 1242 2295 etli-

165 2345 246 2418 bido
266 2369 357 2440 vaga
382 2357 419 2419 et
441 2348 596 2419 infrenis.
630 2347 849 2443 Descriptum
880 2348 1081 2445 perproprie
1111 2369 1133 2419 a
1161 2370 1241 2442 pro-

166 2471 270 2563 pheta
301 2479 430 2543 nostrae
466 2470 643 2563 negotium
674 2470 866 2544 iuventutis
897 2471 954 2545 eui
989 2471 1078 2543 alius
1110 2473 1241 2543 frustra

164 2591 271 2663 canit:
283 2590 394 2663 Nolite
404 2592 481 2684 fieri
497 2593 580 2663 sicut
600 2615 699 2685 equus
719 2604 750 2662 et
768 2595 886 2677 mulus,
904 2594 1020 2684 quibus
1039 2614 1108 2663 uon
1125 2604 1172 2664 ert
1186 2594 1241 2663 iu·

164 2717 314 2786 tellectur.
348 2712 477 2787 Amare
507 2736 632 2811 nempe
658 2715 725 2788 boc
743 2727 780 2788 et
803 2738 882 2789 cum
909 2716 1087 2787 stomacho
1112 2716 1238 2801 dicam,

163 2837 329 2910 habuisse
353 2840 431 2932 plus
456 2837 630 2910 interdum
654 2837 742 2909 freni
768 2840 931 2932 plusque,
966 2837 996 2908 si
1025 2838 1093 2910 dici
1123 2839 1238 2923 liceat,

164 2961 308 3057 pudoris
328 2961 491 3056 equinam
511 2961 688 3033 libidinem
707 2983 812 3053 quam
837 2938 1036 3031 humanam.
1064 2962 1240 3052 Siquidem

165 3093 201 3155 et
218 3081 395 3154 sororibus
420 3082 549 3154 mixtos
574 3089 610 3152 et
634 3080 820 3151 infelicium
844 3089 994 3148 matrum
1021 3080 1160 3171 gremiis
1186 3105 1242 3154 re-

163 3207 261 3278 fusos
282 3208 408 3277 multos
429 3205 592 3298 legimus,
614 3224 763 3298 quorum
783 3201 1064 3275 commemoratio
1084 3201 1242 3276 iniucun-

163 3329 208 3401 da
227 3337 293 3399 est.
315 3327 392 3411 Qua
416 3327 451 3396 in
476 3334 574 3420 parte
599 3324 836 3397 Semiramidis
856 3323 990 3395 lacinus
1010 3322 1238 3412 notissimum,

163 3473 268 3545 quam
288 3460 432 3535 constat,
453 3459 556 3521 aetate
576 3449 644 3520 iam
663 3459 834 3541 provecta,
858 3447 1080 3520 concubitum
1101 3446 1161 3518 filii
1180 3471 1241 3542 pe-

165 3582 292 3646 tentem
314 3572 361 3644 ab
378 3572 501 3644 eodem
519 3572 644 3665 pudica
657 3571 794 3642 saevitia
807 3571 1058 3664 interemptam.
1072 3574 1117 3643 Et
1129 3594 1242 3666 nuper

165 3695 239 3780 luit,
261 3694 379 3767 nescio
399 3716 443 3765 an
464 3694 638 3766 hominem
659 3696 843 3789 appellem,
864 3694 965 3763 vultu
982 3694 1067 3763 mibi
1084 3702 1186 3766 notus
1200 3684 1241 3766 ac

165 3818 317 3902 nomine,
341 3817 404 3890 sed
424 3839 472 3888 ex
488 3817 580 3889 omni
597 3817 777 3888 hominum
790 3815 910 3889 notitia
924 3815 1165 3902 secludendus,
1180 3817 1241 3911 qni

167 3937 271 4011 filiam
289 3949 432 4036 nuptam
444 3949 480 4013 et
495 3940 563 4013 iam
579 3950 725 4011 matrem
742 3940 911 4011 incestare
925 3959 1131 4031 aggressus,
1146 3939 1241 4031 quod

164 4064 222 4137 illa
238 4065 309 4136 vim
329 4074 466 4161 turpem
482 4075 586 4157 atquo
603 4064 744 4157 impiam
758 4063 951 4157 repulisset,
967 4060 1136 4153 usquead
1149 4083 1240 4133 mor-

164 4196 233 4259 tem
246 4187 411 4260 dentibus
426 4198 529 4280 atque
541 4185 717 4278 unguibus
731 4183 908 4265 lacer-avis
921 4205 1001 4255 cum
1014 4192 1133 4253 contra
1146 4182 1240 4277 apud

164 4310 350 4406 scriptores
370 4307 582 4381 clarissimos
602 4309 728 4378 lectum
750 4306 803 4392 sit,
819 4328 948 4401 equum
962 4306 1089 4377 astutia
1103 4325 1240 4374 armen-

163 4434 242 4505 tarii
261 4433 386 4506 velatis
403 4432 525 4517 oculis,
548 4431 669 4503 matris
685 4431 730 4502 ad
746 4432 874 4501 coitum
888 4429 1085 4523 impulsum,
1100 4427 1239 4499 tandem

163 4556 294 4632 dimoto
312 4553 498 4638 velamine,
519 4562 630 4625 matre
648 4554 781 4647 agnita,
794 4553 883 4626 illico
895 4552 996 4648 quasi
1010 4550 1238 4624 adversatum
