<?xml version="1.0" encoding="UTF-8"?>
<!DOCTYPE html PUBLIC "-//W3C//DTD XHTML 1.0 Transitional//EN"
    "http://www.w3.org/TR/xhtml1/DTD/xhtml1-transitional.dtd">
<html xmlns="http://www.w3.org/1999/xhtml" xml:lang="en" lang="en">
 <head>
  <title>
</title>
<meta http-equiv="Content-Type" content="text/html;charset=utf-8" />
  <meta name='ocr-system' content='tesseract 3.04.00' />
  <meta name='ocr-capabilities' content='ocr_page ocr_carea ocr_par ocr_line ocrx_word'/>
</head>
<body>
  <div class='ocr_page' id='page_1' title='image "./epistolaederebu02fracgoog_0140.png"; bbox 0 0 2738 5062; ppageno 0'>
   <div class='ocr_carea' id='block_1_1' title="bbox 394 689 1225 748">
    <p class='ocr_par' dir='ltr' id='par_1_1' title="bbox 394 689 1225 748">
     <span class='ocr_line' id='line_1_1' title="bbox 394 689 1225 748; baseline 0.006 -6"><span class='ocrx_word' id='word_1_1' title='bbox 394 690 488 744; x_wconf 69' lang='lat' dir='ltr'><strong>utana</strong></span> <span class='ocrx_word' id='word_1_2' title='bbox 507 694 743 745; x_wconf 72' lang='lat' dir='ltr'><strong>nubeculos-</strong></span> <span class='ocrx_word' id='word_1_3' title='bbox 755 696 906 745; x_wconf 65' lang='lat' dir='ltr'><strong>allsaell</strong></span> <span class='ocrx_word' id='word_1_4' title='bbox 928 699 989 746; x_wconf 79' lang='lat' dir='ltr'><strong>l&#39;lll.</strong></span> <span class='ocrx_word' id='word_1_5' title='bbox 1176 689 1225 748; x_wconf 71' lang='lat' dir='ltr'><strong>lssl</strong></span> 
     </span>
    </p>
   </div>
   <div class='ocr_carea' id='block_1_2' title="bbox 138 828 1275 4615">
    <p class='ocr_par' dir='ltr' id='par_1_2' title="bbox 138 828 1275 4615">
     <span class='ocr_line' id='line_1_2' title="bbox 152 828 1227 933; baseline 0.001 -30"><span class='ocrx_word' id='word_1_6' title='bbox 152 831 265 903; x_wconf 77' lang='lat' dir='ltr'><strong>exitus</strong></span> <span class='ocrx_word' id='word_1_7' title='bbox 277 848 364 900; x_wconf 87' lang='lat' dir='ltr'><strong>cum</strong></span> <span class='ocrx_word' id='word_1_8' title='bbox 377 828 573 900; x_wconf 83' lang='lat' dir='ltr'><strong>infelicibus</strong></span> <span class='ocrx_word' id='word_1_9' title='bbox 589 833 719 933; x_wconf 82' lang='lat' dir='ltr'><strong>center,</strong></span> <span class='ocrx_word' id='word_1_10' title='bbox 739 842 773 901; x_wconf 89' lang='lat' dir='ltr'><strong>et</strong></span> <span class='ocrx_word' id='word_1_11' title='bbox 788 829 915 902; x_wconf 91' lang='lat' dir='ltr'><strong>damna</strong></span> <span class='ocrx_word' id='word_1_12' title='bbox 929 854 1006 902; x_wconf 91' lang='lat' dir='ltr'><strong>cum</strong></span> <span class='ocrx_word' id='word_1_13' title='bbox 1028 834 1227 917; x_wconf 87' lang='lat' dir='ltr'><strong>commodis,</strong></span> 
     </span>
     <span class='ocr_line' id='line_1_3' title="bbox 151 951 1230 1045; baseline 0.003 -21"><span class='ocrx_word' id='word_1_14' title='bbox 151 964 181 1024; x_wconf 88' lang='lat' dir='ltr'><strong>et</strong></span> <span class='ocrx_word' id='word_1_15' title='bbox 195 951 372 1044; x_wconf 80' lang='lat' dir='ltr'><strong>gaudium</strong></span> <span class='ocrx_word' id='word_1_16' title='bbox 388 973 468 1022; x_wconf 89' lang='lat' dir='ltr'><strong>enm</strong></span> <span class='ocrx_word' id='word_1_17' title='bbox 486 973 645 1024; x_wconf 84' lang='lat' dir='ltr'><strong>nroerore.</strong></span> <span class='ocrx_word' id='word_1_18' title='bbox 664 955 708 1023; x_wconf 79' lang='lat' dir='ltr'><strong>llt</strong></span> <span class='ocrx_word' id='word_1_19' title='bbox 724 953 901 1045; x_wconf 87' lang='lat' dir='ltr'><strong>quoniam,</strong></span> <span class='ocrx_word' id='word_1_20' title='bbox 920 965 957 1025; x_wconf 94' lang='lat' dir='ltr'><strong>ut</strong></span> <span class='ocrx_word' id='word_1_21' title='bbox 973 954 1055 1038; x_wconf 85' lang='lat' dir='ltr'><strong>dixi,</strong></span> <span class='ocrx_word' id='word_1_22' title='bbox 1071 956 1105 1024; x_wconf 93' lang='lat' dir='ltr'><strong>iu</strong></span> <span class='ocrx_word' id='word_1_23' title='bbox 1122 978 1230 1027; x_wconf 90' lang='lat' dir='ltr'><strong>eausa</strong></span> 
     </span>
     <span class='ocr_line' id='line_1_4' title="bbox 149 1073 1226 1170; baseline 0.002 -23"><span class='ocrx_word' id='word_1_24' title='bbox 149 1075 241 1170; x_wconf 87' lang='lat' dir='ltr'><strong>pacis</strong></span> <span class='ocrx_word' id='word_1_25' title='bbox 255 1074 466 1170; x_wconf 89' lang='lat' dir='ltr'><strong>aptissimus</strong></span> <span class='ocrx_word' id='word_1_26' title='bbox 479 1073 578 1147; x_wconf 86' lang='lat' dir='ltr'><strong>testis</strong></span> <span class='ocrx_word' id='word_1_27' title='bbox 595 1084 650 1148; x_wconf 85' lang='lat' dir='ltr'><strong>est</strong></span> <span class='ocrx_word' id='word_1_28' title='bbox 667 1077 842 1161; x_wconf 83' lang='lat' dir='ltr'><strong>Hannibal,</strong></span> <span class='ocrx_word' id='word_1_29' title='bbox 864 1079 1047 1170; x_wconf 72' lang='lat' dir='ltr'><strong>diligenter</strong></span> <span class='ocrx_word' id='word_1_30' title='bbox 1059 1100 1153 1163; x_wconf 87' lang='lat' dir='ltr'><strong>cave,</strong></span> <span class='ocrx_word' id='word_1_31' title='bbox 1174 1102 1226 1162; x_wconf 94' lang='lat' dir='ltr'><strong>ne,</strong></span> 
     </span>
     <span class='ocr_line' id='line_1_5' title="bbox 150 1198 1230 1279; baseline 0.003 -9"><span class='ocrx_word' id='word_1_32' title='bbox 150 1212 186 1271; x_wconf 93' lang='lat' dir='ltr'><strong>ut</strong></span> <span class='ocrx_word' id='word_1_33' title='bbox 201 1199 253 1270; x_wconf 86' lang='lat' dir='ltr'><strong>ait</strong></span> <span class='ocrx_word' id='word_1_34' title='bbox 269 1198 337 1279; x_wconf 88' lang='lat' dir='ltr'><strong>ille,</strong></span> <span class='ocrx_word' id='word_1_35' title='bbox 352 1206 403 1269; x_wconf 92' lang='lat' dir='ltr'><strong>tot</strong></span> <span class='ocrx_word' id='word_1_36' title='bbox 423 1220 591 1269; x_wconf 89' lang='lat' dir='ltr'><strong>annorum</strong></span> <span class='ocrx_word' id='word_1_37' title='bbox 612 1198 807 1270; x_wconf 77' lang='lat' dir='ltr'><strong>felicitatem</strong></span> <span class='ocrx_word' id='word_1_38' title='bbox 828 1200 861 1268; x_wconf 92' lang='lat' dir='ltr'><strong>in</strong></span> <span class='ocrx_word' id='word_1_39' title='bbox 883 1200 984 1271; x_wconf 90' lang='lat' dir='ltr'><strong>unius</strong></span> <span class='ocrx_word' id='word_1_40' title='bbox 1004 1200 1100 1271; x_wconf 86' lang='lat' dir='ltr'><strong>horae</strong></span> <span class='ocrx_word' id='word_1_41' title='bbox 1120 1201 1230 1273; x_wconf 90' lang='lat' dir='ltr'><strong>dedc-</strong></span> 
     </span>
     <span class='ocr_line' id='line_1_6' title="bbox 150 1321 1229 1415; baseline 0.002 -22"><span class='ocrx_word' id='word_1_42' title='bbox 150 1323 196 1393; x_wconf 89' lang='lat' dir='ltr'><strong>ris</strong></span> <span class='ocrx_word' id='word_1_43' title='bbox 221 1321 425 1393; x_wconf 88' lang='lat' dir='ltr'><strong>discrimen.</strong></span> <span class='ocrx_word' id='word_1_44' title='bbox 448 1322 592 1405; x_wconf 84' lang='lat' dir='ltr'><strong>Quantis</strong></span> <span class='ocrx_word' id='word_1_45' title='bbox 610 1321 711 1406; x_wconf 86' lang='lat' dir='ltr'><strong>enim,</strong></span> <span class='ocrx_word' id='word_1_46' title='bbox 731 1332 842 1415; x_wconf 89' lang='lat' dir='ltr'><strong>putas,</strong></span> <span class='ocrx_word' id='word_1_47' title='bbox 865 1321 1041 1392; x_wconf 85' lang='lat' dir='ltr'><strong>laboribus</strong></span> <span class='ocrx_word' id='word_1_48' title='bbox 1063 1323 1139 1394; x_wconf 72' lang='lat' dir='ltr'><strong>haec</strong></span> <span class='ocrx_word' id='word_1_49' title='bbox 1159 1327 1229 1395; x_wconf 91' lang='lat' dir='ltr'><strong>col-</strong></span> 
     </span>
     <span class='ocr_line' id='line_1_7' title="bbox 149 1444 1229 1537; baseline 0 -20"><span class='ocrx_word' id='word_1_50' title='bbox 149 1447 237 1517; x_wconf 81' lang='lat' dir='ltr'><strong>lecta</strong></span> <span class='ocrx_word' id='word_1_51' title='bbox 257 1444 412 1537; x_wconf 88' lang='lat' dir='ltr'><strong>potentia</strong></span> <span class='ocrx_word' id='word_1_52' title='bbox 432 1447 507 1514; x_wconf 89' lang='lat' dir='ltr'><strong>est‘?</strong></span> <span class='ocrx_word' id='word_1_53' title='bbox 526 1444 664 1535; x_wconf 90' lang='lat' dir='ltr'><strong>quantis</strong></span> <span class='ocrx_word' id='word_1_54' title='bbox 682 1444 847 1536; x_wconf 81' lang='lat' dir='ltr'><strong>gradibus</strong></span> <span class='ocrx_word' id='word_1_55' title='bbox 865 1445 908 1516; x_wconf 91' lang='lat' dir='ltr'><strong>ad</strong></span> <span class='ocrx_word' id='word_1_56' title='bbox 928 1446 991 1516; x_wconf 88' lang='lat' dir='ltr'><strong>hoe</strong></span> <span class='ocrx_word' id='word_1_57' title='bbox 1011 1447 1158 1516; x_wconf 67' lang='lat' dir='ltr'><strong>fortunae</strong></span> <span class='ocrx_word' id='word_1_58' title='bbox 1179 1450 1229 1517; x_wconf 86' lang='lat' dir='ltr'><strong>fa-</strong></span> 
     </span>
     <span class='ocr_line' id='line_1_8' title="bbox 150 1567 1225 1660; baseline 0.002 -21"><span class='ocrx_word' id='word_1_59' title='bbox 150 1568 294 1660; x_wconf 79' lang='lat' dir='ltr'><strong>stigium</strong></span> <span class='ocrx_word' id='word_1_60' title='bbox 334 1577 391 1637; x_wconf 89' lang='lat' dir='ltr'><strong>est</strong></span> <span class='ocrx_word' id='word_1_61' title='bbox 422 1570 631 1637; x_wconf 78' lang='lat' dir='ltr'><strong>ascensum?</strong></span> <span class='ocrx_word' id='word_1_62' title='bbox 657 1568 877 1652; x_wconf 89' lang='lat' dir='ltr'><strong>Pervetusta,</strong></span> <span class='ocrx_word' id='word_1_63' title='bbox 907 1568 935 1637; x_wconf 90' lang='lat' dir='ltr'><strong>si</strong></span> <span class='ocrx_word' id='word_1_64' title='bbox 956 1567 1084 1651; x_wconf 89' lang='lat' dir='ltr'><strong>nescis,</strong></span> <span class='ocrx_word' id='word_1_65' title='bbox 1112 1569 1225 1659; x_wconf 80' lang='lat' dir='ltr'><strong>gentis</strong></span> 
     </span>
     <span class='ocr_line' id='line_1_9' title="bbox 150 1690 1227 1786; baseline 0.002 -24"><span class='ocrx_word' id='word_1_66' title='bbox 150 1703 220 1763; x_wconf 80' lang='lat' dir='ltr'><strong>tnae</strong></span> <span class='ocrx_word' id='word_1_67' title='bbox 242 1691 336 1762; x_wconf 84' lang='lat' dir='ltr'><strong>lama</strong></span> <span class='ocrx_word' id='word_1_68' title='bbox 364 1698 433 1774; x_wconf 88' lang='lat' dir='ltr'><strong>est,</strong></span> <span class='ocrx_word' id='word_1_69' title='bbox 460 1690 551 1783; x_wconf 90' lang='lat' dir='ltr'><strong>quod</strong></span> <span class='ocrx_word' id='word_1_70' title='bbox 582 1693 738 1786; x_wconf 90' lang='lat' dir='ltr'><strong>plerique</strong></span> <span class='ocrx_word' id='word_1_71' title='bbox 771 1714 838 1762; x_wconf 91' lang='lat' dir='ltr'><strong>non</strong></span> <span class='ocrx_word' id='word_1_72' title='bbox 872 1702 1007 1784; x_wconf 89' lang='lat' dir='ltr'><strong>putant,</strong></span> <span class='ocrx_word' id='word_1_73' title='bbox 1041 1693 1227 1786; x_wconf 89' lang='lat' dir='ltr'><strong>multisque</strong></span> 
     </span>
     <span class='ocr_line' id='line_1_10' title="bbox 149 1813 1222 1898; baseline 0 -11"><span class='ocrx_word' id='word_1_74' title='bbox 149 1825 229 1887; x_wconf 83' lang='lat' dir='ltr'><strong>ante</strong></span> <span class='ocrx_word' id='word_1_75' title='bbox 248 1813 375 1886; x_wconf 88' lang='lat' dir='ltr'><strong>urbem</strong></span> <span class='ocrx_word' id='word_1_76' title='bbox 395 1815 568 1886; x_wconf 91' lang='lat' dir='ltr'><strong>conditam</strong></span> <span class='ocrx_word' id='word_1_77' title='bbox 602 1816 739 1887; x_wconf 87' lang='lat' dir='ltr'><strong>saeculis</strong></span> <span class='ocrx_word' id='word_1_78' title='bbox 770 1837 838 1886; x_wconf 93' lang='lat' dir='ltr'><strong>uon</strong></span> <span class='ocrx_word' id='word_1_79' title='bbox 867 1816 1077 1886; x_wconf 84' lang='lat' dir='ltr'><strong>Venetorum</strong></span> <span class='ocrx_word' id='word_1_80' title='bbox 1099 1817 1222 1898; x_wconf 89' lang='lat' dir='ltr'><strong>medo,</strong></span> 
     </span>
     <span class='ocr_line' id='line_1_11' title="bbox 150 1936 1222 2031; baseline -0.002 -21"><span class='ocrx_word' id='word_1_81' title='bbox 150 1938 213 2010; x_wconf 70' lang='lat' dir='ltr'><strong>md</strong></span> <span class='ocrx_word' id='word_1_82' title='bbox 235 1936 335 2031; x_wconf 89' lang='lat' dir='ltr'><strong>quod</strong></span> <span class='ocrx_word' id='word_1_83' title='bbox 359 1936 472 2028; x_wconf 79' lang='lat' dir='ltr'><strong>magis</strong></span> <span class='ocrx_word' id='word_1_84' title='bbox 493 1938 675 2023; x_wconf 85' lang='lat' dir='ltr'><strong>mirabere,</strong></span> <span class='ocrx_word' id='word_1_85' title='bbox 701 1940 824 2009; x_wconf 87' lang='lat' dir='ltr'><strong>Veneti</strong></span> <span class='ocrx_word' id='word_1_86' title='bbox 844 1939 947 2010; x_wconf 90' lang='lat' dir='ltr'><strong>etiam</strong></span> <span class='ocrx_word' id='word_1_87' title='bbox 967 1939 1066 2009; x_wconf 89' lang='lat' dir='ltr'><strong>ducis</strong></span> <span class='ocrx_word' id='word_1_88' title='bbox 1091 1940 1222 2009; x_wconf 92' lang='lat' dir='ltr'><strong>clarum</strong></span> 
     </span>
     <span class='ocr_line' id='line_1_12' title="bbox 149 2057 1224 2151; baseline 0.005 -23"><span class='ocrx_word' id='word_1_89' title='bbox 149 2078 276 2131; x_wconf 87' lang='lat' dir='ltr'><strong>nomen</strong></span> <span class='ocrx_word' id='word_1_90' title='bbox 296 2057 449 2131; x_wconf 90' lang='lat' dir='ltr'><strong>invenio.</strong></span> <span class='ocrx_word' id='word_1_91' title='bbox 471 2060 571 2143; x_wconf 89' lang='lat' dir='ltr'><strong>Quod</strong></span> <span class='ocrx_word' id='word_1_92' title='bbox 590 2060 789 2151; x_wconf 80' lang='lat' dir='ltr'><strong>diligentius</strong></span> <span class='ocrx_word' id='word_1_93' title='bbox 814 2061 1064 2133; x_wconf 89' lang='lat' dir='ltr'><strong>advertendum</strong></span> <span class='ocrx_word' id='word_1_94' title='bbox 1090 2072 1154 2145; x_wconf 89' lang='lat' dir='ltr'><strong>est,</strong></span> <span class='ocrx_word' id='word_1_95' title='bbox 1180 2084 1224 2133; x_wconf 89' lang='lat' dir='ltr'><strong>ne</strong></span> 
     </span>
     <span class='ocr_line' id='line_1_13' title="bbox 151 2181 1222 2283; baseline 0.007 -33"><span class='ocrx_word' id='word_1_96' title='bbox 151 2181 315 2254; x_wconf 80' lang='lat' dir='ltr'><strong>virtutem</strong></span> <span class='ocrx_word' id='word_1_97' title='bbox 336 2181 486 2266; x_wconf 78' lang='lat' dir='ltr'><strong>casibus,</strong></span> <span class='ocrx_word' id='word_1_98' title='bbox 505 2195 540 2254; x_wconf 91' lang='lat' dir='ltr'><strong>et</strong></span> <span class='ocrx_word' id='word_1_99' title='bbox 557 2192 606 2255; x_wconf 92' lang='lat' dir='ltr'><strong>tet</strong></span> <span class='ocrx_word' id='word_1_100' title='bbox 619 2206 785 2256; x_wconf 89' lang='lat' dir='ltr'><strong>annorum</strong></span> <span class='ocrx_word' id='word_1_101' title='bbox 803 2185 945 2259; x_wconf 85' lang='lat' dir='ltr'><strong>consilio</strong></span> <span class='ocrx_word' id='word_1_102' title='bbox 961 2197 1097 2283; x_wconf 82' lang='lat' dir='ltr'><strong>partum</strong></span> <span class='ocrx_word' id='word_1_103' title='bbox 1115 2186 1222 2259; x_wconf 91' lang='lat' dir='ltr'><strong>decus</strong></span> 
     </span>
     <span class='ocr_line' id='line_1_14' title="bbox 153 2305 1219 2403; baseline 0.004 -26"><span class='ocrx_word' id='word_1_104' title='bbox 153 2306 300 2377; x_wconf 73' lang='lat' dir='ltr'><strong>lonunte</strong></span> <span class='ocrx_word' id='word_1_105' title='bbox 317 2315 499 2378; x_wconf 84' lang='lat' dir='ltr'><strong>vastatura</strong></span> <span class='ocrx_word' id='word_1_106' title='bbox 520 2305 650 2378; x_wconf 90' lang='lat' dir='ltr'><strong>subdas</strong></span> <span class='ocrx_word' id='word_1_107' title='bbox 671 2308 823 2400; x_wconf 90' lang='lat' dir='ltr'><strong>imperio.</strong></span> <span class='ocrx_word' id='word_1_108' title='bbox 850 2310 893 2381; x_wconf 87' lang='lat' dir='ltr'><strong>Et</strong></span> <span class='ocrx_word' id='word_1_109' title='bbox 912 2312 1086 2403; x_wconf 90' lang='lat' dir='ltr'><strong>quoniam,</strong></span> <span class='ocrx_word' id='word_1_110' title='bbox 1110 2321 1147 2381; x_wconf 95' lang='lat' dir='ltr'><strong>ut</strong></span> <span class='ocrx_word' id='word_1_111' title='bbox 1168 2332 1219 2381; x_wconf 92' lang='lat' dir='ltr'><strong>sa·</strong></span> 
     </span>
     <span class='ocr_line' id='line_1_15' title="bbox 156 2428 1220 2528; baseline 0.006 -29"><span class='ocrx_word' id='word_1_112' title='bbox 156 2428 327 2525; x_wconf 84' lang='lat' dir='ltr'><strong>pientibus</strong></span> <span class='ocrx_word' id='word_1_113' title='bbox 352 2429 470 2501; x_wconf 87' lang='lat' dir='ltr'><strong>visum</strong></span> <span class='ocrx_word' id='word_1_114' title='bbox 495 2441 560 2514; x_wconf 90' lang='lat' dir='ltr'><strong>est,</strong></span> <span class='ocrx_word' id='word_1_115' title='bbox 583 2434 676 2503; x_wconf 93' lang='lat' dir='ltr'><strong>nullo</strong></span> <span class='ocrx_word' id='word_1_116' title='bbox 696 2433 815 2505; x_wconf 90' lang='lat' dir='ltr'><strong>maiori</strong></span> <span class='ocrx_word' id='word_1_117' title='bbox 848 2457 952 2526; x_wconf 79' lang='lat' dir='ltr'><strong>quam</strong></span> <span class='ocrx_word' id='word_1_118' title='bbox 985 2437 1086 2504; x_wconf 86' lang='lat' dir='ltr'><strong>samae</strong></span> <span class='ocrx_word' id='word_1_119' title='bbox 1111 2434 1220 2528; x_wconf 91' lang='lat' dir='ltr'><strong>pretio</strong></span> 
     </span>
     <span class='ocr_line' id='line_1_16' title="bbox 151 2553 1222 2649; baseline 0.001 -24"><span class='ocrx_word' id='word_1_120' title='bbox 151 2553 262 2626; x_wconf 83' lang='lat' dir='ltr'><strong>virtus</strong></span> <span class='ocrx_word' id='word_1_121' title='bbox 282 2563 431 2636; x_wconf 87' lang='lat' dir='ltr'><strong>constat,</strong></span> <span class='ocrx_word' id='word_1_122' title='bbox 454 2555 580 2649; x_wconf 91' lang='lat' dir='ltr'><strong>optime</strong></span> <span class='ocrx_word' id='word_1_123' title='bbox 608 2563 643 2625; x_wconf 91' lang='lat' dir='ltr'><strong>et</strong></span> <span class='ocrx_word' id='word_1_124' title='bbox 664 2578 685 2626; x_wconf 90' lang='lat' dir='ltr'><strong>e</strong></span> <span class='ocrx_word' id='word_1_125' title='bbox 709 2555 894 2649; x_wconf 88' lang='lat' dir='ltr'><strong>Republica</strong></span> <span class='ocrx_word' id='word_1_126' title='bbox 916 2567 948 2626; x_wconf 90' lang='lat' dir='ltr'><strong>te</strong></span> <span class='ocrx_word' id='word_1_127' title='bbox 969 2559 1137 2628; x_wconf 86' lang='lat' dir='ltr'><strong>facturum</strong></span> <span class='ocrx_word' id='word_1_128' title='bbox 1158 2578 1222 2626; x_wconf 93' lang='lat' dir='ltr'><strong>no-</strong></span> 
     </span>
     <span class='ocr_line' id='line_1_17' title="bbox 146 2676 1220 2770; baseline -0.003 -24"><span class='ocrx_word' id='word_1_129' title='bbox 146 2676 255 2760; x_wconf 82' lang='lat' dir='ltr'><strong>veris,</strong></span> <span class='ocrx_word' id='word_1_130' title='bbox 278 2677 325 2760; x_wconf 86' lang='lat' dir='ltr'><strong>si,</strong></span> <span class='ocrx_word' id='word_1_131' title='bbox 347 2676 407 2747; x_wconf 91' lang='lat' dir='ltr'><strong>ubi</strong></span> <span class='ocrx_word' id='word_1_132' title='bbox 428 2699 485 2747; x_wconf 92' lang='lat' dir='ltr'><strong>res</strong></span> <span class='ocrx_word' id='word_1_133' title='bbox 506 2679 635 2769; x_wconf 80' lang='lat' dir='ltr'><strong>exigat,</strong></span> <span class='ocrx_word' id='word_1_134' title='bbox 663 2679 793 2750; x_wconf 85' lang='lat' dir='ltr'><strong>iactura</strong></span> <span class='ocrx_word' id='word_1_135' title='bbox 818 2680 919 2748; x_wconf 89' lang='lat' dir='ltr'><strong>etiam</strong></span> <span class='ocrx_word' id='word_1_136' title='bbox 942 2677 1088 2770; x_wconf 75' lang='lat' dir='ltr'><strong>propriae</strong></span> <span class='ocrx_word' id='word_1_137' title='bbox 1108 2677 1220 2747; x_wconf 90' lang='lat' dir='ltr'><strong>laudis</strong></span> 
     </span>
     <span class='ocr_line' id='line_1_18' title="bbox 146 2796 1221 2891; baseline -0.005 -21"><span class='ocrx_word' id='word_1_138' title='bbox 146 2797 276 2870; x_wconf 89' lang='lat' dir='ltr'><strong>bonum</strong></span> <span class='ocrx_word' id='word_1_139' title='bbox 297 2798 472 2891; x_wconf 89' lang='lat' dir='ltr'><strong>publicum</strong></span> <span class='ocrx_word' id='word_1_140' title='bbox 506 2800 709 2879; x_wconf 85' lang='lat' dir='ltr'><strong>redemeris,</strong></span> <span class='ocrx_word' id='word_1_141' title='bbox 742 2801 968 2890; x_wconf 86' lang='lat' dir='ltr'><strong>trementique</strong></span> <span class='ocrx_word' id='word_1_142' title='bbox 1000 2796 1113 2868; x_wconf 85' lang='lat' dir='ltr'><strong>turbae</strong></span> <span class='ocrx_word' id='word_1_143' title='bbox 1149 2806 1221 2866; x_wconf 91' lang='lat' dir='ltr'><strong>tuta</strong></span> 
     </span>
     <span class='ocr_line' id='line_1_19' title="bbox 146 2919 1269 3014; baseline -0.004 -23"><span class='ocrx_word' id='word_1_144' title='bbox 146 2919 262 3012; x_wconf 76' lang='lat' dir='ltr'><strong>magis</strong></span> <span class='ocrx_word' id='word_1_145' title='bbox 281 2942 386 3014; x_wconf 86' lang='lat' dir='ltr'><strong>quam</strong></span> <span class='ocrx_word' id='word_1_146' title='bbox 405 2921 562 3014; x_wconf 87' lang='lat' dir='ltr'><strong>speciosa</strong></span> <span class='ocrx_word' id='word_1_147' title='bbox 578 2922 721 2992; x_wconf 88' lang='lat' dir='ltr'><strong>consilia</strong></span> <span class='ocrx_word' id='word_1_148' title='bbox 738 2931 773 2991; x_wconf 91' lang='lat' dir='ltr'><strong>et</strong></span> <span class='ocrx_word' id='word_1_149' title='bbox 789 2921 967 3012; x_wconf 83' lang='lat' dir='ltr'><strong>protutura</strong></span> <span class='ocrx_word' id='word_1_150' title='bbox 983 2921 1097 3012; x_wconf 91' lang='lat' dir='ltr'><strong>potius</strong></span> <span class='ocrx_word' id='word_1_151' title='bbox 1115 2939 1219 3010; x_wconf 86' lang='lat' dir='ltr'><strong>quarn</strong></span> <span class='ocrx_word' id='word_1_152' title='bbox 1261 2919 1269 2943; x_wconf 85' lang='lat'><strong><em>¹</em></strong></span> 
     </span>
     <span class='ocr_line' id='line_1_20' title="bbox 147 3038 1221 3139; baseline -0.005 -26"><span class='ocrx_word' id='word_1_153' title='bbox 147 3044 315 3138; x_wconf 84' lang='lat' dir='ltr'><strong>placitura</strong></span> <span class='ocrx_word' id='word_1_154' title='bbox 335 3043 539 3139; x_wconf 84' lang='lat' dir='ltr'><strong>praebueris.</strong></span> <span class='ocrx_word' id='word_1_155' title='bbox 562 3044 662 3128; x_wconf 89' lang='lat' dir='ltr'><strong>Quod</strong></span> <span class='ocrx_word' id='word_1_156' title='bbox 681 3043 773 3114; x_wconf 88' lang='lat' dir='ltr'><strong>enirn</strong></span> <span class='ocrx_word' id='word_1_157' title='bbox 793 3041 905 3112; x_wconf 89' lang='lat' dir='ltr'><strong>eidem</strong></span> <span class='ocrx_word' id='word_1_158' title='bbox 923 3040 1002 3111; x_wconf 89' lang='lat' dir='ltr'><strong>duci</strong></span> <span class='ocrx_word' id='word_1_159' title='bbox 1023 3038 1161 3122; x_wconf 89' lang='lat' dir='ltr'><strong>accidit,</strong></span> <span class='ocrx_word' id='word_1_160' title='bbox 1186 3050 1221 3108; x_wconf 91' lang='lat' dir='ltr'><strong>et</strong></span> 
     </span>
     <span class='ocr_line' id='line_1_21' title="bbox 146 3164 1218 3259; baseline -0.009 -19"><span class='ocrx_word' id='word_1_161' title='bbox 146 3167 354 3240; x_wconf 85' lang='lat' dir='ltr'><strong>cumulatior</strong></span> <span class='ocrx_word' id='word_1_162' title='bbox 370 3167 479 3259; x_wconf 78' lang='lat' dir='ltr'><strong>gloria</strong></span> <span class='ocrx_word' id='word_1_163' title='bbox 500 3179 630 3240; x_wconf 90' lang='lat' dir='ltr'><strong>etcum</strong></span> <span class='ocrx_word' id='word_1_164' title='bbox 651 3164 875 3238; x_wconf 86' lang='lat' dir='ltr'><strong>admiratione</strong></span> <span class='ocrx_word' id='word_1_165' title='bbox 893 3164 1045 3235; x_wconf 88' lang='lat' dir='ltr'><strong>omnium</strong></span> <span class='ocrx_word' id='word_1_166' title='bbox 1067 3181 1164 3232; x_wconf 87' lang='lat' dir='ltr'><strong>amor</strong></span> <span class='ocrx_word' id='word_1_167' title='bbox 1186 3172 1218 3231; x_wconf 91' lang='lat' dir='ltr'><strong>te</strong></span> 
     </span>
     <span class='ocr_line' id='line_1_22' title="bbox 145 3264 1275 3385; baseline -0.005 -24"><span class='ocrx_word' id='word_1_168' title='bbox 145 3286 308 3385; x_wconf 88' lang='lat' dir='ltr'><strong>publicus</strong></span> <span class='ocrx_word' id='word_1_169' title='bbox 329 3299 505 3383; x_wconf 87' lang='lat' dir='ltr'><strong>sequetur.</strong></span> <span class='ocrx_word' id='word_1_170' title='bbox 526 3291 614 3374; x_wconf 89' lang='lat' dir='ltr'><strong>Quae</strong></span> <span class='ocrx_word' id='word_1_171' title='bbox 641 3291 669 3361; x_wconf 91' lang='lat' dir='ltr'><strong>si</strong></span> <span class='ocrx_word' id='word_1_172' title='bbox 695 3290 797 3360; x_wconf 90' lang='lat' dir='ltr'><strong>etiam</strong></span> <span class='ocrx_word' id='word_1_173' title='bbox 824 3308 904 3382; x_wconf 90' lang='lat' dir='ltr'><strong>spes</strong></span> <span class='ocrx_word' id='word_1_174' title='bbox 929 3286 1084 3368; x_wconf 90' lang='lat' dir='ltr'><strong>abesset,</strong></span> <span class='ocrx_word' id='word_1_175' title='bbox 1108 3283 1216 3355; x_wconf 91' lang='lat' dir='ltr'><strong>sentis</strong></span> <span class='ocrx_word' id='word_1_176' title='bbox 1271 3264 1275 3273; x_wconf 44' lang='lat'><em>⁶</em></span> 
     </span>
     <span class='ocr_line' id='line_1_23' title="bbox 144 3410 1217 3507; baseline -0.004 -23"><span class='ocrx_word' id='word_1_177' title='bbox 144 3422 261 3485; x_wconf 88' lang='lat' dir='ltr'><strong>tamen</strong></span> <span class='ocrx_word' id='word_1_178' title='bbox 282 3413 368 3505; x_wconf 91' lang='lat' dir='ltr'><strong>qnid</strong></span> <span class='ocrx_word' id='word_1_179' title='bbox 388 3413 521 3498; x_wconf 91' lang='lat' dir='ltr'><strong>virtuti,</strong></span> <span class='ocrx_word' id='word_1_180' title='bbox 544 3413 628 3507; x_wconf 86' lang='lat' dir='ltr'><strong>quid</strong></span> <span class='ocrx_word' id='word_1_181' title='bbox 649 3411 768 3503; x_wconf 77' lang='lat' dir='ltr'><strong>gloriae</strong></span> <span class='ocrx_word' id='word_1_182' title='bbox 789 3410 993 3493; x_wconf 89' lang='lat' dir='ltr'><strong>debeamus,</strong></span> <span class='ocrx_word' id='word_1_183' title='bbox 1018 3419 1217 3502; x_wconf 89' lang='lat' dir='ltr'><strong>tantumque</strong></span> 
     </span>
     <span class='ocr_line' id='line_1_24' title="bbox 143 3532 1216 3628; baseline -0.004 -22"><span class='ocrx_word' id='word_1_184' title='bbox 143 3538 337 3619; x_wconf 87' lang='lat' dir='ltr'><strong>intereas,</strong></span> <span class='ocrx_word' id='word_1_185' title='bbox 369 3545 535 3628; x_wconf 90' lang='lat' dir='ltr'><strong>quantum</strong></span> <span class='ocrx_word' id='word_1_186' title='bbox 565 3537 653 3607; x_wconf 85' lang='lat' dir='ltr'><strong>inter</strong></span> <span class='ocrx_word' id='word_1_187' title='bbox 684 3534 831 3606; x_wconf 90' lang='lat' dir='ltr'><strong>solidum</strong></span> <span class='ocrx_word' id='word_1_188' title='bbox 860 3553 987 3624; x_wconf 90' lang='lat' dir='ltr'><strong>corpus</strong></span> <span class='ocrx_word' id='word_1_189' title='bbox 1017 3544 1052 3603; x_wconf 89' lang='lat' dir='ltr'><strong>et</strong></span> <span class='ocrx_word' id='word_1_190' title='bbox 1081 3532 1216 3604; x_wconf 89' lang='lat' dir='ltr'><strong>inanem</strong></span> 
     </span>
     <span class='ocr_line' id='line_1_25' title="bbox 142 3654 1217 3754; baseline -0.008 -24"><span class='ocrx_word' id='word_1_191' title='bbox 142 3657 312 3744; x_wconf 86' lang='lat' dir='ltr'><strong>umbram,</strong></span> <span class='ocrx_word' id='word_1_192' title='bbox 335 3659 523 3744; x_wconf 86' lang='lat' dir='ltr'><strong>interesse,</strong></span> <span class='ocrx_word' id='word_1_193' title='bbox 544 3668 580 3729; x_wconf 90' lang='lat' dir='ltr'><strong>et</strong></span> <span class='ocrx_word' id='word_1_194' title='bbox 599 3680 660 3754; x_wconf 89' lang='lat' dir='ltr'><strong>per</strong></span> <span class='ocrx_word' id='word_1_195' title='bbox 681 3668 714 3727; x_wconf 92' lang='lat' dir='ltr'><strong>te</strong></span> <span class='ocrx_word' id='word_1_196' title='bbox 740 3658 852 3750; x_wconf 89' lang='lat' dir='ltr'><strong>ipsum</strong></span> <span class='ocrx_word' id='word_1_197' title='bbox 874 3678 1024 3727; x_wconf 87' lang='lat' dir='ltr'><strong>noveras</strong></span> <span class='ocrx_word' id='word_1_198' title='bbox 1045 3665 1081 3727; x_wconf 86' lang='lat' dir='ltr'><strong>et</strong></span> <span class='ocrx_word' id='word_1_199' title='bbox 1100 3677 1120 3726; x_wconf 93' lang='lat' dir='ltr'><strong>a</strong></span> <span class='ocrx_word' id='word_1_200' title='bbox 1141 3654 1217 3746; x_wconf 90' lang='lat' dir='ltr'><strong>phi-</strong></span> 
     </span>
     <span class='ocr_line' id='line_1_26' title="bbox 143 3776 1215 3877; baseline -0.004 -26"><span class='ocrx_word' id='word_1_201' title='bbox 143 3780 298 3877; x_wconf 87' lang='lat' dir='ltr'><strong>losophis</strong></span> <span class='ocrx_word' id='word_1_202' title='bbox 323 3782 496 3876; x_wconf 83' lang='lat' dir='ltr'><strong>accepisti.</strong></span> <span class='ocrx_word' id='word_1_203' title='bbox 523 3784 659 3867; x_wconf 89' lang='lat' dir='ltr'><strong>Quanto</strong></span> <span class='ocrx_word' id='word_1_204' title='bbox 679 3791 794 3852; x_wconf 88' lang='lat' dir='ltr'><strong>autem</strong></span> <span class='ocrx_word' id='word_1_205' title='bbox 816 3804 893 3853; x_wconf 88' lang='lat' dir='ltr'><strong>cum</strong></span> <span class='ocrx_word' id='word_1_206' title='bbox 915 3781 1047 3863; x_wconf 91' lang='lat' dir='ltr'><strong>dolore,</strong></span> <span class='ocrx_word' id='word_1_207' title='bbox 1069 3776 1215 3869; x_wconf 89' lang='lat' dir='ltr'><strong>nequid</strong></span> 
     </span>
     <span class='ocr_line' id='line_1_27' title="bbox 141 3899 1215 3997; baseline -0.007 -21"><span class='ocrx_word' id='word_1_208' title='bbox 141 3905 282 3977; x_wconf 92' lang='lat' dir='ltr'><strong>omnino</strong></span> <span class='ocrx_word' id='word_1_209' title='bbox 296 3905 358 3976; x_wconf 90' lang='lat' dir='ltr'><strong>tibi</strong></span> <span class='ocrx_word' id='word_1_210' title='bbox 371 3905 584 3991; x_wconf 89' lang='lat' dir='ltr'><strong>subtraham,</strong></span> <span class='ocrx_word' id='word_1_211' title='bbox 599 3905 777 3978; x_wconf 88' lang='lat' dir='ltr'><strong>audivisse</strong></span> <span class='ocrx_word' id='word_1_212' title='bbox 788 3927 845 3976; x_wconf 89' lang='lat' dir='ltr'><strong>me</strong></span> <span class='ocrx_word' id='word_1_213' title='bbox 859 3916 961 3997; x_wconf 91' lang='lat' dir='ltr'><strong>putas</strong></span> <span class='ocrx_word' id='word_1_214' title='bbox 978 3924 1100 3975; x_wconf 89' lang='lat' dir='ltr'><strong>recens</strong></span> <span class='ocrx_word' id='word_1_215' title='bbox 1115 3899 1215 3971; x_wconf 86' lang='lat' dir='ltr'><strong>vobis</strong></span> 
     </span>
     <span class='ocr_line' id='line_1_28' title="bbox 141 4023 1214 4122; baseline -0.007 -24"><span class='ocrx_word' id='word_1_216' title='bbox 141 4049 220 4099; x_wconf 90' lang='lat' dir='ltr'><strong>cum</strong></span> <span class='ocrx_word' id='word_1_217' title='bbox 247 4027 449 4122; x_wconf 81' lang='lat' dir='ltr'><strong>Aragouum</strong></span> <span class='ocrx_word' id='word_1_218' title='bbox 474 4052 556 4122; x_wconf 83' lang='lat' dir='ltr'><strong>rege</strong></span> <span class='ocrx_word' id='word_1_219' title='bbox 581 4030 694 4101; x_wconf 80' lang='lat' dir='ltr'><strong>foedus</strong></span> <span class='ocrx_word' id='word_1_220' title='bbox 720 4030 863 4100; x_wconf 74' lang='lat' dir='ltr'><strong>initum?</strong></span> <span class='ocrx_word' id='word_1_221' title='bbox 888 4030 1025 4118; x_wconf 78' lang='lat' dir='ltr'><strong>Ergone</strong></span> <span class='ocrx_word' id='word_1_222' title='bbox 1051 4024 1095 4095; x_wconf 94' lang='lat' dir='ltr'><strong>ab</strong></span> <span class='ocrx_word' id='word_1_223' title='bbox 1121 4023 1214 4092; x_wconf 86' lang='lat' dir='ltr'><strong>Italis</strong></span> 
     </span>
     <span class='ocr_line' id='line_1_29' title="bbox 141 4150 1214 4243; baseline -0.006 -23"><span class='ocrx_word' id='word_1_224' title='bbox 141 4150 185 4222; x_wconf 93' lang='lat' dir='ltr'><strong>ad</strong></span> <span class='ocrx_word' id='word_1_225' title='bbox 201 4152 304 4225; x_wconf 92' lang='lat' dir='ltr'><strong>ltalos</strong></span> <span class='ocrx_word' id='word_1_226' title='bbox 322 4153 530 4224; x_wconf 89' lang='lat' dir='ltr'><strong>evertendos</strong></span> <span class='ocrx_word' id='word_1_227' title='bbox 551 4151 779 4223; x_wconf 88' lang='lat' dir='ltr'><strong>Barbarornm</strong></span> <span class='ocrx_word' id='word_1_228' title='bbox 802 4172 922 4240; x_wconf 82' lang='lat' dir='ltr'><strong>regum</strong></span> <span class='ocrx_word' id='word_1_229' title='bbox 944 4156 1132 4243; x_wconf 89' lang='lat' dir='ltr'><strong>poscuntur</strong></span> <span class='ocrx_word' id='word_1_230' title='bbox 1152 4167 1214 4215; x_wconf 92' lang='lat' dir='ltr'><strong>an-</strong></span> 
     </span>
     <span class='ocr_line' id='line_1_30' title="bbox 141 4271 1214 4368; baseline -0.005 -25"><span class='ocrx_word' id='word_1_231' title='bbox 141 4274 247 4347; x_wconf 81' lang='lat' dir='ltr'><strong>xilia‘?</strong></span> <span class='ocrx_word' id='word_1_232' title='bbox 269 4273 368 4345; x_wconf 90' lang='lat' dir='ltr'><strong>Unde</strong></span> <span class='ocrx_word' id='word_1_233' title='bbox 400 4273 516 4345; x_wconf 79' lang='lat' dir='ltr'><strong>inlelix</strong></span> <span class='ocrx_word' id='word_1_234' title='bbox 549 4297 648 4367; x_wconf 87' lang='lat' dir='ltr'><strong>opem</strong></span> <span class='ocrx_word' id='word_1_235' title='bbox 670 4283 784 4368; x_wconf 87' lang='lat' dir='ltr'><strong>speret</strong></span> <span class='ocrx_word' id='word_1_236' title='bbox 809 4272 918 4354; x_wconf 88' lang='lat' dir='ltr'><strong>ltalia,</strong></span> <span class='ocrx_word' id='word_1_237' title='bbox 954 4271 982 4341; x_wconf 90' lang='lat' dir='ltr'><strong>si</strong></span> <span class='ocrx_word' id='word_1_238' title='bbox 1016 4292 1137 4365; x_wconf 90' lang='lat' dir='ltr'><strong>parum</strong></span> <span class='ocrx_word' id='word_1_239' title='bbox 1159 4280 1214 4341; x_wconf 83' lang='lat' dir='ltr'><strong>est</strong></span> 
     </span>
     <span class='ocr_line' id='line_1_31' title="bbox 140 4392 1211 4489; baseline -0.009 -20"><span class='ocrx_word' id='word_1_240' title='bbox 140 4398 232 4489; x_wconf 87' lang='lat' dir='ltr'><strong>quod</strong></span> <span class='ocrx_word' id='word_1_241' title='bbox 252 4395 411 4468; x_wconf 85' lang='lat' dir='ltr'><strong>certatim</strong></span> <span class='ocrx_word' id='word_1_242' title='bbox 446 4418 466 4466; x_wconf 92' lang='lat' dir='ltr'><strong>a</strong></span> <span class='ocrx_word' id='word_1_243' title='bbox 498 4395 576 4466; x_wconf 91' lang='lat' dir='ltr'><strong>filiis</strong></span> <span class='ocrx_word' id='word_1_244' title='bbox 602 4408 711 4467; x_wconf 87' lang='lat' dir='ltr'><strong>mater</strong></span> <span class='ocrx_word' id='word_1_245' title='bbox 739 4395 878 4465; x_wconf 86' lang='lat' dir='ltr'><strong>colenda</strong></span> <span class='ocrx_word' id='word_1_246' title='bbox 900 4393 1118 4486; x_wconf 86' lang='lat' dir='ltr'><strong>discerpitur,</strong></span> <span class='ocrx_word' id='word_1_247' title='bbox 1147 4392 1211 4460; x_wconf 88' lang='lat' dir='ltr'><strong>nisi</strong></span> 
     </span>
     <span class='ocr_line' id='line_1_32' title="bbox 138 4514 1212 4615; baseline -0.008 -26"><span class='ocrx_word' id='word_1_248' title='bbox 138 4520 183 4592; x_wconf 90' lang='lat' dir='ltr'><strong>ad</strong></span> <span class='ocrx_word' id='word_1_249' title='bbox 202 4519 381 4615; x_wconf 87' lang='lat' dir='ltr'><strong>publicum</strong></span> <span class='ocrx_word' id='word_1_250' title='bbox 402 4519 620 4612; x_wconf 90' lang='lat' dir='ltr'><strong>parricidium</strong></span> <span class='ocrx_word' id='word_1_251' title='bbox 643 4515 844 4608; x_wconf 73' lang='lat' dir='ltr'><strong>alienigena</strong></span> <span class='ocrx_word' id='word_1_252' title='bbox 860 4517 1096 4587; x_wconf 78' lang='lat' dir='ltr'><strong>concitentur‘.&gt;</strong></span> <span class='ocrx_word' id='word_1_253' title='bbox 1116 4514 1212 4582; x_wconf 88' lang='lat' dir='ltr'><strong>Dicet</strong></span> 
     </span>
    </p>
   </div>
   <div class='ocr_carea' id='block_1_3' title="bbox 0 0 1374 5062">
    <p class='ocr_par' dir='ltr' id='par_1_3' title="bbox 0 0 1374 5062">
     <span class='ocr_line' id='line_1_33' title="bbox 0 0 1374 5062; baseline 0 4"><span class='ocrx_word' id='word_1_254' title='bbox 0 0 1374 5062; x_wconf 95' lang='lat' dir='ltr'><strong> </strong></span> 
     </span>
    </p>
   </div>
  </div>
 </body>
</html>
