2738 5062
328 667 418 716 truuu
442 662 1010 714 suxrusuuumus.—uu1srou.txtu.
1151 650 1212 710 ttk't

542 944 718 1008 uuisioni
740 945 808 1007 XIV.
861 974 864 979 ·

218 1137 411 1188 Futuclsctts
433 1136 600 1185 uuuuuuut
621 1134 796 1183 francisco
817 1134 923 1182 llutottt
944 1134 1134 1197 SlNQTOllUll

487 1239 716 1287 apostotorum
737 1238 762 1286 S.
786 1239 813 1286 P.
835 1239 865 1286 D.

161 1406 246 1475 Capta
260 1404 402 1457 occasione
416 1401 493 1474 parui
506 1399 649 1455 cuiusdam
663 1399 766 1454 erroris
780 1398 814 1453 ab
829 1400 916 1453 amieo
926 1399 954 1452 in
966 1400 1064 1454 litteris
1073 1401 1196 1470 admissi,

192 1506 275 1563 quam
291 1490 325 1544 de
340 1488 533 1543 emendatione
549 1502 659 1541 morum
675 1485 772 1540 soliciti
787 1501 847 1541 esse
864 1486 1014 1542 debeamus
1029 1489 1158 1543 ostendit.

143 1878 147 1884 ,
238 1782 311 1852 Risi
333 1791 371 1853 ut
391 1779 504 1865 iubes,
527 1802 595 1851 non
616 1803 657 1851 eu
680 1791 793 1850 tamen
814 1802 882 1872 qua
905 1781 1049 1854 iubebas
1068 1783 1214 1864 ratione,

140 1903 201 1975 sed
222 1905 287 1974 alia
309 1904 483 1995 quadam;
506 1923 620 1993 neque
640 1902 731 1972 euim
754 1900 832 1973 ideo
853 1905 948 1994 quod
971 1903 1029 1974 tibi
1052 1906 1218 1997 tantisper

141 2027 235 2097 latini
256 2025 427 2097 sermonis
450 2024 600 2114 vestigia
627 2023 837 2094 titubassent
863 2021 1043 2095 ridiculum
1065 2026 1220 2096 aestima-

140 2149 190 2231 vl,
211 2149 275 2218 sed
294 2145 387 2238 quod
409 2145 579 2217 titubasse
602 2158 668 2216 tam
690 2145 845 2236 graviter
867 2145 1061 2237 puduisset.
1083 2148 1133 2219 lta
1153 2168 1220 2238 ego

143 2279 176 2340 te
197 2269 299 2338 unius
318 2265 431 2351 verbi,
454 2267 524 2336 imo
547 2266 648 2337 uuius
671 2266 830 2361 syllabae,
854 2266 1025 2338 imovero
1045 2268 1220 2339 uuiuslit·

143 2405 227 2462 terae
248 2389 417 2461 solicitum
441 2389 525 2472 virli,
548 2410 628 2481 qure
655 2389 713 2459 tibi
735 2389 875 2482 quidem
903 2393 1038 2484 elapsa,
1066 2402 1102 2462 et
1127 2392 1221 2463 haud

142 2512 274 2583 duriter
286 2498 429 2581 auribus
443 2510 530 2580 meis
544 2511 665 2604 illapsa
679 2521 762 2594 erat,
779 2520 816 2581 ut
829 2511 998 2584 dicerem:
1010 2513 1055 2583 oh
1068 2515 1074 2581 t
1091 2510 1219 2583 doetis-

144 2634 309 2704 simorum
337 2632 415 2729 lieet
439 2631 617 2702 hominum
647 2634 767 2703 ouras!
795 2633 850 2703 cui
882 2635 973 2703 euim
1004 2654 1126 2725 quaeso
1153 2656 1221 2704 nou

143 2754 235 2826 idem
256 2753 367 2848 possit
387 2751 567 2823 accidere?
584 2754 702 2824 Cicero
724 2765 841 2824 noster
863 2775 1022 2824 summus
1041 2754 1133 2824 latini
1151 2755 1222 2824 elo-

144 2876 214 2968 quii
232 2896 359 2969 parens
376 2885 445 2955 est;
460 2874 640 2966 proximus
654 2873 701 2942 illi
715 2872 897 2963 Virgilium
913 2895 984 2955 seu,
1001 2872 1163 2965 quoniam
1176 2874 1221 2946 de

145 2996 210 3066 hoc
229 2995 349 3067 ordine
366 2994 547 3069 dubitasse
564 2995 735 3088 quosdam
757 2994 869 3078 video,
893 3007 975 3067 suut
994 3007 1089 3068 certe
1110 3021 1222 3070 roma-

147 3138 202 3187 uae
222 3117 391 3190 iucundiae
412 3130 575 3210 parentes
602 3117 735 3188 Tullius
754 3127 789 3189 et
809 3119 915 3202 Maru,
937 3118 1030 3210 quod
1053 3118 1110 3210 qui
1138 3119 1222 3190 milri

146 3237 326 3330 negaverit
359 3239 405 3311 nil
440 3241 516 3333 ipse
549 3239 615 3309 sibi
648 3239 895 3310 consenserim.
925 3239 1068 3331 Utrique
1109 3250 1223 3310 tamen

144 3361 390 3448 prammaticale
403 3371 449 3430 est
468 3360 544 3454 (sie)
564 3348 769 3448 inteprorum
791 3361 890 3430 etiam
914 3359 1103 3443 dictionum,
1122 3359 1223 3432 ouius

147 3480 250 3553 taedio
269 3482 388 3552 Cicero
404 3481 478 3575 ipse
496 3483 529 3552 iu
547 3482 703 3575 epistolis
720 3481 766 3553 ab
782 3482 896 3554 Attico
914 3505 978 3555 suo
997 3483 1107 3576 puscit
1123 3484 1224 3553 auxi-

146 3603 242 3687 lium,
264 3624 335 3694 quo
356 3623 396 3672 se
420 3625 547 3694 magua
572 3602 731 3675 molestia
758 3605 981 3696 liberandum
999 3605 1091 3676 dicit.
1118 3604 1223 3697 Atqui

149 3725 177 3796 si
197 3724 282 3817 quid
299 3734 356 3793 est
373 3725 406 3793 iu
424 3738 498 3796 arte
516 3727 749 3818 grammatica,
771 3728 826 3797 ubi
848 3727 1005 3799 titubanti
1026 3726 1225 3818 labentique

149 3847 251 3918 venia
271 3845 454 3931 debeatur,
478 3847 511 3916 in
533 3848 697 3941 praeteriti
719 3850 860 3941 perlecti
882 3848 1131 3940 propemodum
1152 3867 1226 3916 am-

148 3966 316 4057 biguitate
342 3968 534 4061 posuerim,
562 3991 650 4049 cum,
680 3980 717 4038 ut
746 3968 1047 4058 grammaticorum
1067 3967 1226 4061 princeps

148 4087 205 4171 ait,
221 4088 283 4180 ipsi
305 4087 539 4181 probatissimi
558 4089 682 4158 artium
702 4089 889 4178 scriptores
908 4109 975 4156 non
993 4087 1134 4158 omniuo
1153 4110 1229 4159 oer—

150 4211 193 4281 tis
227 4211 305 4281 haee
338 4213 468 4301 regulis
494 4209 707 4282 disseruisse
739 4216 939 4278 noscantur.
974 4208 1042 4279 Sed
1069 4232 1135 4281 nou
1162 4232 1230 4300 ego

150 4332 294 4425 perinde
317 4332 378 4402 tibi
400 4355 490 4402 nuuc
506 4330 751 4402 exeusationes
771 4350 934 4422 aucupor,
953 4332 1053 4422 quasi
1072 4333 1127 4401 ille
1150 4344 1230 4401 tuus

151 4460 186 4522 et
206 4475 274 4526 uon
295 4453 416 4526 calami
439 4452 566 4545 potine,
589 4473 693 4543 quam
717 4450 964 4523 inadvertentis
986 4452 1088 4522 animi
1112 4454 1231 4541 lapsus
