2738 5062
349 706 439 755 nrnuu
461 705 742 756 nueruusruurus.
756 708 958 756 -urrsroun
982 711 1000 756 ι.
1146 699 1199 759 tlt

125 844 252 913 vulnus
271 841 359 913 illud
377 842 485 934 prima
502 843 632 915 scilicet
649 844 892 919 adolescentiae
911 856 1008 939 parte
1024 868 1202 940 perpesso.

124 964 190 1036 Sed
212 974 253 1034 ut
275 963 321 1034 ad
347 986 419 1034 rem
442 966 594 1047 veniam,
622 978 732 1057 pater,
767 968 885 1041 audivi
920 970 1009 1054 heri,
1031 993 1109 1041 cum
1135 973 1201 1043 iam

125 1091 453 1185 advesperasceret,
476 1112 650 1161 rumorem
673 1101 836 1163 moestum
851 1115 891 1164 ae
911 1094 1069 1178 llcbilem,
1085 1093 1201 1165 audivi

124 1233 311 1287 moerorem
330 1221 427 1282 tuum
444 1223 479 1283 et
497 1221 604 1284 testes
621 1213 758 1306 pietatis
771 1215 912 1287 eximiae
929 1217 1098 1300 lacrimas,
1113 1239 1202 1309 quas

125 1358 191 1408 non
212 1335 320 1408 modo
339 1356 409 1406 non
432 1334 603 1430 improbo,
639 1338 701 1409 sed
735 1339 837 1411 valde
872 1340 973 1411 etiam
1008 1341 1129 1433 probo,
1158 1343 1201 1414 ita

125 1470 236 1533 tamen
258 1459 289 1530 si
311 1458 450 1542 breves
471 1461 501 1529 si
519 1460 657 1545 sobriae,
678 1464 707 1532 si
724 1462 893 1534 modestae
913 1465 1051 1546 luerint,
1070 1486 1202 1558 easque

125 1583 212 1655 adeo
228 1593 324 1655 certe
343 1603 412 1653 nou
433 1583 604 1674 improbo,
628 1595 755 1655 utnon
777 1595 845 1656 tam
871 1587 985 1659 vicina
1006 1609 1077 1658 nox
1097 1587 1144 1659 ad
1169 1599 1201 1660 te

125 1704 316 1786 confestim,
331 1712 473 1795 accepto
490 1727 635 1788 rumore,
656 1716 908 1799 properantem,
924 1729 1026 1800 quam
1041 1709 1202 1799 cogitatio

125 1827 178 1899 ilia
199 1826 404 1899 retraxerit:
429 1826 553 1898 demam
575 1850 678 1899 unam
700 1840 833 1900 noctem
856 1829 1047 1903 iustissimo
1075 1832 1200 1914 dolori,

123 1950 249 2025 demm
282 1948 400 2041 pietati
436 1950 604 2042 spatium3
639 1950 724 2022 ssuat
758 1963 950 2024 nocturnus
982 1954 1200 2027 lacrimarum

124 2072 249 2157 inber,
272 2094 342 2165 quo
362 2071 518 2143 serenior
532 2072 707 2142 crastinus
725 2073 802 2144 dies
819 2075 991 2148 adveniat.
1007 2077 1098 2160 Quid
1115 2099 1202 2149 vero

124 2219 215 2270 nunc
247 2195 386 2267 dicam?
418 2197 530 2267 Unum
566 2198 681 2288 potius
714 2199 988 2272 recentissimum
1017 2203 1120 2273 animi
1152 2206 1199 2276 tui

126 2322 253 2393 uulnus
281 2318 457 2410 attingam.
480 2318 589 2390 lllater
614 2319 674 2391 tibi
701 2321 903 2395 dulcissima
930 2327 1040 2418 periit,
1062 2349 1143 2421 qnae
1170 2329 1198 2399 si

123 2442 205 2515 nihil
226 2442 322 2515 aliud
341 2441 423 2513 lelix
443 2453 503 2513 aut
523 2444 710 2517 iucundum
734 2446 914 2520 habuisset
933 2448 968 2518 in
990 2451 1069 2533 vita,
1091 2474 1196 2545 quam

123 2564 217 2660 quud
249 2575 284 2635 te
316 2566 419 2635 talem
446 2562 552 2636 lilium
574 2568 707 2659 genuit,
730 2590 832 2638 nemo
857 2569 939 2638 mihi
966 2570 1197 2642 felicissimam

124 2687 273 2783 negabit.
295 2687 452 2758 Cornelia
466 2687 607 2760 illustris
625 2690 750 2759 lomina
764 2690 914 2761 Africani
932 2688 1015 2775 lilia,
1029 2693 1200 2763 Gracchc

124 2834 197 2885 rum
219 2823 346 2895 mater,
368 2812 450 2883 dum
474 2810 562 2884 filios
579 2811 704 2883 acerba
722 2824 832 2883 morte
849 2825 1016 2885 mactatos
1035 2826 1198 2895 cerneret,

123 2933 415 3031 complorantibus
436 2934 641 3006 mulieribus
664 2955 744 3027 quae
767 2933 925 3016 aderant,
954 2945 991 3005 et
1018 2936 1109 3005 illam
1136 2937 1200 3006 mi-

124 3080 236 3133 senam
278 3059 463 3131 identidem
501 3056 649 3129 leminea
688 3056 936 3128 vociteratione
971 3057 1197 3140 iactantibus,

124 3204 181 3273 epo
199 3204 280 3253 nero
302 3204 473 3272 natnqemm
493 3204 557 3264 me,
580 3180 700 3273 lnquit,
723 3181 877 3249 annornm
896 3182 1037 3274 fatebor,
1059 3204 1130 3274 qum
1150 3192 1200 3250 to-

124 3308 167 3379 lca
183 3306 273 3401 filios
291 3308 400 3397 penui.
428 3304 529 3389 Quod
557 3305 585 3376 si
611 3303 700 3375 dixit
726 3304 782 3374 illa
808 3302 887 3374 filiis
915 3304 988 3375 suis
1014 3305 1199 3384 extinctis,

124 3429 215 3525 quid,
235 3438 270 3501 te
286 3429 370 3500 vivo
387 3438 422 3499 et
442 3427 613 3512 incolumi,
632 3427 746 3500 dicere
762 3425 873 3520 potuit
892 3438 1003 3500 mater
1018 3432 1101 3502 tua?
1122 3430 1200 3522 lpsn

124 3562 154 3624 te
173 3553 258 3625 alvo
278 3550 423 3643 gravida
441 3570 553 3643 usque
574 3551 609 3619 in
629 3548 800 3620 decimum
822 3572 977 3622 mensem
998 3573 1078 3622 cum
1105 3551 1200 3622 lasti-

124 3674 178 3751 uio
199 3696 243 3749 ae
263 3674 379 3747 labore
400 3674 566 3767 gestavit,
589 3674 663 3766 ipsa
683 3696 760 3745 eum
783 3674 911 3767 gaudio
937 3697 977 3746 ac
1001 3675 1120 3746 dolore
1141 3695 1201 3768 po·

124 3800 225 3893 perit,
255 3799 330 3893 ipsa
354 3799 388 3868 in
413 3797 512 3869 cunis
545 3796 656 3890 posito
688 3819 848 3869 somnum
870 3796 997 3869 blando
1023 3818 1200 3868 murmure

124 3922 246 4005 suasit,
265 3921 340 4014 ipsa
359 3919 451 3992 molli
470 3917 576 3990 lascia
592 3917 794 3991 obvolutum
813 3922 1080 4011 vagientemque
1100 3920 1200 3990 dulce

124 4060 211 4112 uuus
231 4041 393 4130 amplexa
413 4047 480 4119 est,
500 4037 573 4131 ipsa
593 4044 780 4128 reptantem
801 4035 934 4114 sedula,
959 4035 1033 4127 ipsa
1054 4053 1199 4123 gressus

124 4160 306 4252 ambiguos
320 4171 503 4232 tentantem
519 4158 663 4252 trepida,
680 4157 755 4250 ipsa
769 4155 954 4228 coaetaneis
968 4155 1196 4227 colludentem

124 4283 246 4365 anxia,
268 4282 344 4375 ipsa
365 4292 537 4375 petentem
560 4283 697 4353 scholas
714 4303 860 4374 puerum
879 4281 1036 4365 sollicita,
1057 4280 1130 4375 ipsa
1145 4302 1199 4349 re-

124 4398 248 4473 ducem
270 4399 522 4471 adolescentem
545 4401 626 4468 laeta
645 4396 838 4488 conspexit..
863 4398 932 4469 Sibi
955 4399 1021 4470 iam
1044 4398 1195 4473 iuvenis,

124 4521 186 4595 iam
209 4523 278 4607 vir,
302 4522 367 4592 iam
391 4521 543 4614 sapiens,
567 4521 634 4591 iam
656 4519 792 4603 doctus,
816 4521 881 4591 ianr
907 4524 975 4591 lleo
996 4533 1030 4591 et
1052 4517 1198 4589 homiui-
