2738 5062
426 700 517 749 LIBER
538 699 899 751 necturus-semmua
920 704 948 751 V.
1183 689 1223 749 95

142 839 200 915 lud
220 837 362 912 vanitas
382 845 502 910 nostra
521 858 759 931 corrumpens,
785 838 852 909 iam
874 838 919 910 de
939 837 1126 927 Theologia
1145 837 1223 910 Dia·

139 962 297 1035 lecticam
319 959 507 1043 ellecisset3
536 968 650 1031 tamen
671 960 716 1032 de
750 961 816 1032 bac
848 962 1022 1054 agendum
1044 972 1114 1046 cst,
1142 984 1223 1054 quae

140 1088 251 1178 vulgo
271 1082 443 1179 sapientia
454 1082 589 1168 dicitur,
608 1106 713 1176 quam
727 1084 854 1155 rectius
869 1085 1046 1156 scientiam
1060 1083 1221 1157 dixerim.

140 1210 181 1281 ln
200 1208 270 1280 hac
288 1227 375 1299 ergo
395 1215 526 1300 quanta
545 1227 685 1300 quoque
711 1206 884 1279 discordia
908 1209 981 1279 est!
1009 1207 1075 1278 Alii
1097 1208 1224 1281 verbo·

140 1356 223 1407 rum
242 1332 537 1424 regulas-texunt,
559 1329 713 1402 llosculis
734 1329 791 1401 alii
811 1329 1053 1423 doloribusque
1074 1331 1222 1405 inhiant:

141 1455 202 1530 alii
228 1452 531 1529 conclusiunculas
553 1451 773 1525 meditantur.
800 1454 846 1523 Et
870 1474 994 1524 rursus
1020 1453 1078 1524 alii
1103 1477 1224 1526 nnme-

143 1586 242 1653 rant:
263 1596 428 1648 numeros
448 1575 505 1647 alii
526 1575 621 1647 sonis
647 1575 809 1666 iungunt:
836 1584 963 1646 terram
988 1573 1045 1647 alii
1076 1575 1225 1648 metiun-

143 1712 216 1786 tur,
230 1698 289 1773 alii
301 1697 440 1769 nonnisi
459 1699 586 1770 eaelum
607 1708 712 1791 atque
732 1709 827 1770 astra
841 1699 1047 1792 suspiciunt
1066 1699 1181 1772 lelioes
1195 1700 1225 1772 si

143 1824 225 1899 coeli
244 1820 362 1917 potius
382 1822 602 1895 intuerentur
627 1831 815 1894 auctorem.
842 1824 905 1893 Hae
927 1832 1008 1894 sunt
1027 1845 1115 1915 quas
1140 1821 1226 1893 libe-

143 1949 239 2019 rales
259 1955 397 2019 vocant.
419 1943 599 2018 Accedunt
618 1946 705 2017 aliae.
727 1948 791 2017 Est
811 1946 904 2017 enim
923 1958 959 2018 et
977 1967 1058 2041 quae
1081 1956 1225 2019 naturas

143 2091 265 2141 rerum
284 2067 440 2140 omnium
458 2067 623 2160 inquirat;
638 2069 815 2141 meditatio
828 2070 1068 2163 pulcherrima,
1083 2070 1151 2143 nisi
1164 2093 1227 2141 na-

145 2203 237 2263 turm
255 2191 438 2263 Dominum
459 2189 698 2274 obliviscatur,
714 2192 887 2284 quodiam
902 2216 1001 2287 paene
1019 2205 1224 2287 perpetuum

149 2312 200 2383 illi
219 2320 289 2383 est:
306 2322 342 2383 et
359 2330 449 2404 quae,
470 2320 509 2382 ut
529 2311 735 2384 medicinam
755 2337 948 2409 corporum,
973 2315 1022 2387 sic
1038 2314 1150 2410 ipsam
1169 2337 1228 2385 sa-

149 2434 262 2506 lutem
278 2433 442 2527 spondeat
457 2434 699 2526 aegrotantium
716 2438 923 2510 animorum:
942 2439 1068 2510 artium
1082 2436 1226 2510 utilissi-

145 2579 227 2643 ma,
249 2556 280 2629 si
299 2558 345 2630 ad
373 2558 613 2651 praestaudum
637 2559 731 2654 quod
754 2560 911 2654 promisit
941 2583 962 2632 e
994 2563 1083 2634 coelo
1110 2573 1227 2657 speret

144 2680 332 2766 auxilium,
360 2681 525 2774 sineque
545 2704 651 2776 posse
673 2704 711 2754 se
733 2681 816 2753 nihil
837 2683 1019 2776 intelligam
1040 2684 1135 2777 quod
1152 2708 1227 2757 om-

144 2805 252 2889 nium,
263 2804 329 2876 sed
340 2804 376 2874 in
389 2804 511 2900 primis
525 2806 648 2877 harum
660 2807 808 2879 duarum
821 2806 924 2878 debet
936 2829 1017 2878 esse
1030 2829 1225 2879 commune.

147 2928 226 2999 utri
244 2927 338 2999 enim
359 2944 456 3018 aegro
476 2928 611 3022 corpori
631 2928 741 3021 prosit
765 2930 820 2999 vis
842 2930 877 2999 in
898 2939 990 2999 terra
1009 2928 1225 2999 nascentium

152 3048 350 3135 herbarum,
372 3050 440 3123 etsi
460 3051 576 3121 animo
596 3049 718 3121 affecto
736 3059 773 3121 et
791 3050 955 3141 languido
979 3049 1075 3120 multi
1100 3048 1228 3121 verbo-

152 3195 230 3245 rum
267 3171 519 3246 medicamenta
552 3173 763 3245 confecerint
795 3181 901 3265 atque
936 3170 1226 3266 conscripserint,

151 3297 335 3390 utriusque
356 3308 472 3368 tamen
493 3296 644 3368 hominis
664 3318 750 3369 vera
771 3299 865 3369 salus
886 3319 907 3367 a
928 3298 998 3368 Deo
1014 3304 1079 3366 est.
1097 3297 1228 3367 Horum

152 3440 238 3493 sane
259 3422 320 3515 qui
340 3419 466 3492 animis
487 3418 628 3512 quidam
649 3419 753 3491 unius
774 3418 935 3503 bominis,
969 3417 1109 3511 quidam
1130 3417 1231 3489 lami-

151 3545 221 3631 liae,
241 3543 386 3639 quidam
408 3542 607 3637 reipublicae
627 3564 745 3615 curam
764 3553 899 3634 gerunt.
917 3542 1070 3613 Primum
1087 3541 1229 3636 quidem

152 3666 288 3740 Ethicae
307 3689 397 3760 opus
417 3675 485 3751 ost,
505 3666 745 3738 OEconomicae
771 3664 975 3747 sccundum3
995 3665 1096 3737 tertio
1115 3664 1231 3735 Politi-

155 3810 209 3861 cae
227 3790 387 3883 magistri
403 3801 439 3862 ct
455 3793 570 3883 legum
591 3792 718 3862 latores
739 3787 929 3881 invigilant.
951 3789 1061 3882 lnque
1080 3787 1135 3860 his
1156 3809 1229 3860 om-

156 3912 259 3986 nibns
279 3915 349 3987 viae
370 3915 482 3987 tertiae
503 3913 699 3986 tramitibus
721 3929 802 3985 sunt
826 3912 886 4006 qui
910 3913 1039 4007 palam,
1068 3921 1147 3982 sunt
1172 3911 1232 4004 qui

155 4039 244 4109 clam
264 4051 425 4135 pergant,
447 4048 482 4111 et
502 4041 600 4110 velut
619 4049 776 4130 apertum
792 4037 976 4118 evitantes
997 4033 1128 4104 umbris
1146 4056 1234 4124 gau-

157 4160 280 4247 deant,
303 4184 416 4255 neque
444 4184 482 4234 se
510 4160 682 4258 profanari
709 4171 745 4232 et
768 4158 872 4230 nimia
898 4150 1125 4229 familiaritate
1151 4177 1234 4228 con-

158 4287 281 4372 temni,
305 4285 369 4357 sed
390 4284 500 4356 videri
524 4307 545 4356 a
570 4284 691 4379 paucis
716 4292 752 4354 et
777 4279 892 4352 studio
917 4278 1028 4373 quaeri
1053 4281 1170 4351 velint.
1191 4280 1233 4350 Hi

158 4419 240 4479 sunt
258 4419 389 4503 poetae,
412 4418 529 4480 nostra
554 4405 748 4501 praesertim
776 4414 878 4476 aetate
903 4426 1018 4476 rarum
1046 4425 1174 4495 genus:
1198 4402 1234 4471 in

157 4530 288 4622 quibus
309 4531 395 4624 ipsis
416 4553 483 4603 non
504 4530 667 4603 omnibus
688 4528 775 4601 idem
798 4527 890 4611 finis,
913 4549 981 4599 non
1006 4527 1128 4600 eadem
1154 4525 1232 4605 via,
