2738 5062
140 648 201 711 ltu
483 661 524 709 mr
545 640 646 709 nunus
667 658 887 710 ruurursmnus

140 801 279 872 missus.
301 799 330 868 0
352 800 476 870 mirum
497 796 801 870 commerciumt...
820 794 898 869 lion
919 795 1033 870 audeo
1048 796 1145 890 qnod
1162 820 1218 871 se·

140 925 258 1018 quitur
276 923 404 1007 dicere,
434 943 548 1014 neque
581 921 647 992 hoc
675 919 789 1017 ipsum
814 920 929 994 dicere
950 921 1126 1007 volebam,
1153 926 1219 997 sed

140 1045 233 1138 quod
253 1045 458 1137 inceperam.
481 1044 525 1115 Ut
544 1064 629 1135 ergo
654 1044 828 1136 pervenit,
855 1043 944 1115 illico
963 1043 1122 1139 pontifex
1146 1067 1221 1118 ma-

140 1170 258 1239 ximus
279 1167 389 1237 tribus
403 1188 581 1238 enumero
599 1164 790 1261 principum
808 1166 967 1238 ecclesiae
977 1188 1123 1241 causam
1140 1168 1219 1241 eius

140 1288 405 1378 discernendam
422 1289 532 1372 dedit,
552 1288 679 1382 quibus
697 1289 895 1381 impositum
908 1296 971 1373 est
987 1288 1133 1362 videant
1149 1311 1221 1384 quo

142 1412 297 1505 supplicii
330 1433 458 1503 genere
489 1409 618 1504 dignus
645 1412 691 1483 sit
714 1412 775 1504 qui
802 1410 1049 1514 rempublicam
1074 1411 1220 1485 liberam

141 1556 220 1607 esso
241 1533 361 1616 voluit,
381 1534 409 1603 Ο
429 1542 597 1630 tempora,
616 1555 638 1605 o
654 1555 786 1617 moras,
800 1556 822 1606 o
835 1554 931 1630 sepe
943 1533 1028 1605 mibi
1043 1536 1222 1608 exclama·

144 1659 190 1729 tio
209 1650 412 1753 repetenda!
437 1658 501 1728 Est
521 1654 676 1750 quidem,
707 1657 831 1742 satem,
857 1656 953 1727 omni
974 1655 1145 1752 supplicio
1167 1656 1222 1729 di·

143 1803 233 1873 gnus
254 1780 336 1875 quia
356 1780 451 1873 quod
470 1780 580 1851 voluit
607 1800 676 1852 non
700 1779 788 1853 adeo
819 1788 1087 1874 perseveranter
1111 1780 1223 1854 voluit

145 1913 182 1975 ut
201 1903 333 1986 debuit,
356 1916 391 1974 et
411 1912 451 1974 ut
471 1926 585 1976 rerum
608 1914 720 1976 status
738 1903 999 1997 necessitasque
1017 1904 1221 1998 poscebant:

144 2028 207 2099 sed
239 2023 406 2098 libertatis
440 2027 664 2121 patrocinium
698 2027 889 2123 protessus,
911 2026 1080 2101 libertatis
1102 2029 1222 2104 hostes

143 2173 222 2221 oum
241 2148 435 2243 opprimere
456 2149 558 2221 timul
584 2170 706 2222 omnes
731 2159 864 2247 posset,
891 2172 998 2243 quam
1021 2152 1221 2226 facultatem

145 2270 226 2341 nulli
247 2293 398 2363 unquam
431 2270 629 2362 imperatori
661 2273 797 2345 fortuna
829 2283 1064 2359 concesserat,
1091 2274 1224 2349 dimisit

145 2402 309 2465 armatos.
330 2392 358 2461 0
378 2391 489 2462 diram
512 2401 703 2485 tetramque
722 2394 907 2487 caliginem
929 2415 1024 2487 saepe
1043 2395 1078 2465 in
1096 2396 1222 2470 modiis

146 2517 380 2588 maximarum
400 2537 518 2587 rerum
533 2515 716 2587 conatibus
738 2517 933 2588 mortalium
964 2539 1004 2588 se
1032 2518 1222 2591 luminibus

146 2638 378 2729 ingerentem!
402 2639 532 2732 Nempe
552 2637 584 2709 si
604 2640 746 2710 alteram
768 2647 901 2710 tantum
923 2640 1141 2731 cognominis
1166 2639 1220 2711 sui

146 2771 292 2856 partem,
310 2772 347 2835 et
364 2784 433 2834 non
450 2761 541 2832 illam
560 2782 641 2855 quae
658 2760 779 2832 morbo
804 2760 1003 2856 reipublicae
1023 2764 1222 2836 necessaria

145 2896 222 2958 erat
247 2885 325 2977 (dici
345 2886 438 2958 enim
459 2907 498 2957 se
525 2907 688 2958 severum
707 2887 984 2978 clementemque
1004 2884 1169 2979 solebat),
1195 2886 1226 2959 si

146 3029 231 3099 ergo
250 3009 466 3080 clementiam
488 3010 597 3081 solam
618 3007 653 3077 in
673 3007 832 3102 publicos
852 3006 1041 3102 parricidas
1057 3029 1226 3081 exercere

147 3131 365 3213 decreverat,
385 3141 521 3224 poterat
540 3152 613 3215 eos,
637 3129 781 3201 nocendi
803 3129 1040 3201 instrumentis
1062 3130 1225 3203 omnibus

148 3273 328 3335 excussos
343 3252 586 3346 praecipueque
600 3251 761 3347 superbis
776 3251 914 3324 arcibus
927 3263 1131 3326 exarmatos
1143 3253 1230 3327 vitae

150 3375 358 3465 relinquere;
379 3383 481 3465 atque
501 3372 550 3445 ita
570 3374 647 3446 urbi
668 3395 820 3446 romanae
840 3375 895 3446 vel
921 3374 966 3446 de
992 3375 1155 3448 hostibus
1179 3374 1234 3449 ci-

150 3517 229 3579 νος,
247 3496 305 3565 vel
320 3494 365 3565 dc
387 3495 550 3567 timendis
571 3496 730 3568 hostibus
746 3498 1017 3571 contemnendos
1034 3501 1167 3572 lacere:
1185 3499 1233 3575 dc

149 3640 219 3712 qua
240 3641 277 3690 re
296 3639 366 3689 non
385 3619 531 3690 otiosam
552 3641 608 3690 me
628 3619 694 3691 sibi
720 3630 801 3691 tunc
823 3621 1006 3716 epistolam
1040 3621 1229 3716 scripsisse

152 3763 230 3811 snm
252 3763 395 3825 memor,
417 3741 474 3813 oui
495 3742 524 3812 si
545 3739 662 3813 habita
682 3741 770 3814 fides
789 3755 897 3829 esset,
918 3745 987 3817 alio
1006 3747 1082 3817 loco
1103 3768 1236 3842 respu-

152 3864 240 3936 blica
260 3874 379 3946 staret‚
401 3886 464 3936 nec
483 3866 592 3936 Roma
613 3864 716 3936 bodie
737 3887 841 3937 serva
861 3868 961 3952 foret,
983 3889 1048 3939 neo
1070 3867 1146 3961 ipse
1171 3889 1237 3941 ca-

154 3982 280 4075 ptivus.
303 3982 403 4055 Certe
421 4004 534 4077 neque
554 3981 634 4067 hoc,
656 4004 769 4075 neque
786 3983 882 4076 quod
902 3983 1061 4077 sequitur
1076 3983 1234 4076 qualiter

153 4107 315 4178 excusari
336 4108 447 4201 possit
465 4107 635 4201 intellig03
653 4108 748 4200 quod
767 4129 845 4178 cum
866 4107 902 4177 in
923 4127 962 4179 se
982 4105 1156 4179 bonorum
1175 4118 1239 4181 tu-

155 4230 257 4300 telam
278 4239 315 4300 et
333 4233 501 4302 malorum
521 4230 768 4302 exterminium
801 4230 1030 4325 suscepisset,
1053 4242 1135 4324 post
1158 4252 1238 4305 non

155 4356 296 4445 longum
317 4361 452 4446 tompus
475 4355 561 4448 (ipse
585 4356 673 4427 sorte
699 4375 841 4426 causam
869 4353 1015 4438 noverit,
1043 4354 1237 4445 egoenim

155 4499 241 4550 oum·
256 4485 378 4571 postea
395 4496 464 4546 non
481 4473 565 4560 vidi,
585 4475 648 4547 sed
665 4475 834 4547 malefacti
854 4475 954 4561 ratio,
974 4473 1236 4569 proculdubio.
