2738 5062
148 683 206 745 556
483 692 523 742 ntt
545 691 646 742 REBUS
668 690 888 741 stutttttttncs

148 832 266 923 igitur,
289 839 329 900 ut
347 826 436 911 dixi,
456 828 513 897 vel
534 847 684 918 graecam
708 825 940 922 olympiadem
965 833 1225 917 transgressus,

147 976 239 1027 nunc
265 953 399 1025 romani
424 951 526 1022 lustri
553 951 700 1046 spatium
723 950 919 1043 ingressus,
942 970 984 1021 ea
1008 972 1078 1022 non
1102 950 1228 1045 praesi-

147 1078 303 1151 dentium
329 1075 447 1160 modo,
474 1071 518 1143 de
544 1072 672 1166 quibus
703 1074 896 1145 nuntiatum
922 1093 1002 1144 esse
1024 1071 1085 1143 tihi
1111 1085 1226 1145 certus

148 1224 236 1286 sum,
254 1198 317 1271 sed
338 1200 443 1271 totius
463 1198 581 1281 etiam,
596 1206 634 1266 ut
655 1196 865 1282 dictumest,
880 1195 995 1290 populi
1017 1195 1230 1268 benevolen-

148 1326 194 1397 lia
216 1326 312 1395 fruor
332 1321 512 1404 hactenus,
533 1330 573 1391 nt
591 1340 661 1391 non
682 1328 815 1390 tantum
835 1318 972 1392 civibus
988 1320 1141 1414 optimis,
1161 1321 1229 1392 sed

148 1460 252 1518 terrae
272 1455 377 1536 atque
397 1442 469 1515 aeri
488 1442 646 1537 ipsisque
671 1440 926 1535 quodammodo
952 1441 1140 1534 parietibus
1165 1465 1227 1514 nr-

147 1568 202 1641 his
214 1588 256 1639 ac
272 1562 447 1638 moenibus
466 1566 501 1635 in
518 1575 723 1658 perpetuum
742 1584 797 1635 me
816 1565 926 1636 teneri
943 1563 1100 1636 arbitrer.
1118 1565 1152 1635 ls
1170 1587 1226 1637 me

147 1691 301 1763 omnium
328 1690 428 1760 favor
452 1687 691 1781 amplectitur:
718 1685 774 1758 his
800 1708 855 1756 me
881 1685 992 1758 oculis
1017 1684 1144 1768 videri,
1170 1686 1226 1758 his

146 1810 293 1883 vocihus
313 1807 548 1881 concelebrari
567 1807 687 1892 sentio,
706 1806 766 1891 sic,
784 1817 824 1878 ut
839 1806 1009 1879 amicitias
1029 1807 1226 1900 singulares

147 1935 269 2006 sileam
289 1933 336 2004 de
359 1931 488 2025 quihus
509 1953 615 2023 agere
639 1932 780 2022 longum
806 1939 879 2014 est,
906 1952 963 2000 me
988 1930 1097 2020 vulgo
1120 1930 1224 2001 etiam

146 2078 265 2128 carum
284 2054 366 2126 scio.
389 2052 488 2124 Unde
509 2052 544 2124 id
562 2054 703 2147 quidem
725 2044 859 2137 nescio,
878 2052 946 2122 nisi
966 2053 1060 2144 quod
1078 2062 1113 2124 et
1133 2053 1224 2123 lama

146 2198 260 2259 suum,
275 2184 367 2268 pulo,
384 2174 494 2247 tenuit
507 2197 647 2258 morem,
660 2185 696 2248 et
712 2155 801 2246 inter
813 2176 1055 2269 occupationes
1068 2173 1220 2246 omnium

146 2319 188 2368 ac
208 2317 306 2366 meas
331 2318 395 2368 nec
421 2298 487 2369 illis
513 2318 569 2367 me
595 2299 736 2391 propius
761 2295 918 2369 intuendi
942 2299 1087 2369 facultas
1112 2297 1227 2371 ohlata

105 2466 110 2479 -
144 2431 206 2505 est,
225 2441 289 2490 nec
307 2418 389 2489 mihi
407 2418 601 2491 necessitas
623 2420 823 2514 apparendi.
842 2420 892 2491 lta
909 2441 1002 2491 nunc
1020 2441 1132 2512 usqne
1148 2421 1226 2491 vul·

145 2563 213 2635 gus
233 2539 387 2613 fallitur:
407 2562 476 2632 ego
501 2541 602 2612 lateo.
628 2538 771 2611 Accedit
789 2541 955 2614 hahitatio
980 2540 1025 2612 ab
1049 2542 1144 2614 omni
1171 2553 1225 2614 tu-

144 2667 254 2736 multu
273 2664 410 2746 civium,
426 2661 492 2734 nisi
511 2683 615 2754 quern
629 2672 769 2736 vetusta
785 2662 927 2735 devotio
945 2684 1086 2757 semper
1101 2673 1225 2736 octavo

144 2810 246 2860 mane
267 2787 417 2872 revehit,
446 2796 579 2857 semota
600 2784 645 2858 ad
671 2784 854 2858 occiduum
874 2807 1014 2878 magnae
1041 2785 1138 2858 urbis
1164 2808 1225 2858 an-

146 2912 279 3000 gulum.
302 2908 477 2981 Ambrosii
497 2909 625 3000 hospes
644 2929 732 2992 sum,
752 2929 823 3001 quo
843 2929 922 2981 num
940 2909 1038 2983 multi
1056 2928 1151 3003 saepe
1166 2909 1223 2980 vel

143 3031 215 3103 noti
236 3032 291 3102 vel
314 3031 479 3104 noscendi
501 3029 592 3102 avidi
616 3051 655 3101 se
675 3039 843 3102 venturos
863 3030 994 3114 dicunt,
1017 3029 1117 3102 uncis
1143 3029 1224 3102 inde

144 3154 377 3247 negotiorum,
405 3153 485 3226 hinc
510 3153 575 3225 loci
600 3150 766 3225 distantia
797 3153 1033 3225 retrahuntur.
1064 3153 1120 3225 Sin
1145 3163 1221 3224 est:

144 3277 387 3351 sanctissimus
414 3278 543 3370 hospes
569 3298 683 3361 mene,
706 3284 744 3346 ut
763 3275 1009 3348 consolationis
1033 3276 1219 3370 plurimum

143 3400 311 3493 corporali
330 3421 395 3472 sua
415 3399 600 3491 praesentia
621 3408 740 3491 atque,
761 3406 800 3469 nt
818 3418 911 3483 reor,
931 3395 1100 3490 spirituali
1116 3396 1218 3468 etiam

143 3528 287 3615 praestat
320 3521 460 3605 auxilio,
496 3521 547 3592 sic
579 3521 671 3592 taedii
705 3544 745 3593 an
776 3520 905 3592 fastidii
932 3521 1078 3592 multum
1103 3519 1218 3615 eripit:

142 3641 295 3728 salutari,
328 3642 553 3733 frequentari,
588 3641 767 3727 celehrari,
789 3642 914 3733 premi,
941 3641 1060 3734 aspici.
1087 3640 1143 3712 Ab
1166 3642 1221 3713 his

142 3764 290 3836 stimulis
324 3771 418 3835 tanto
451 3763 518 3832 suh
550 3763 687 3855 hospite
712 3763 935 3857 conquiesco,
970 3774 1005 3835 et
1030 3765 1128 3836 velut
1152 3766 1221 3836 alto

141 3889 248 3961 maris
268 3911 288 3960 e
309 3887 408 3959 litore
428 3887 597 3979 proeellas
617 3885 732 3971 viden,
751 3887 997 3980 fragoremque
1016 3887 1137 3972 audio,
1159 3887 1221 3960 sed

141 4008 302 4082 fluctibus
322 4033 391 4082 non
412 4008 603 4101 contingor.
625 4007 677 4080 Ac
701 4008 731 4080 si
758 4009 898 4102 quando
921 4020 1016 4082 trans
1038 4009 1143 4080 limen
1164 4011 1221 4081 vel

141 4129 244 4199 eundi
272 4145 406 4216 votum,
429 4134 484 4203 vel
513 4131 648 4205 visendi
674 4132 804 4204 domini
829 4153 885 4203 me
911 4131 1064 4204 debitum
1099 4133 1217 4218 trahit,

140 4272 210 4344 quo
242 4251 324 4323 nihil
358 4278 414 4326 me
447 4255 540 4327 aliud
573 4277 677 4348 quam
711 4258 874 4328 voluntas
901 4277 980 4326 rara
1006 4255 1127 4348 adigit,
1162 4255 1217 4326 vel

142 4375 320 4454 lronestas;
342 4384 412 4445 tum
435 4378 560 4449 dextra
582 4380 754 4472 laevaque,
777 4378 879 4451 lleris
900 4379 1009 4451 oculis
1029 4389 1065 4451 et
1086 4377 1216 4452 labellis

139 4497 280 4585 clausis,
318 4505 402 4567 nutu
440 4499 562 4571 frontis
597 4501 734 4574 eminus
770 4505 940 4588 salutans,
976 4505 1218 4596 salutatusque
