2738 5062
365 598 459 648 mmm
479 597 974 647 ocemusruarrus.-emsrom
997 598 1015 645 ι.
1169 585 1228 646 tlt

141 756 250 828 quam
272 734 361 807 dum
381 732 605 828 superstitem
626 744 659 804 te
678 744 713 804 et
738 733 867 804 felicem
894 733 1065 826 linqueret
1085 732 1224 827 (duplex

143 866 332 952 parentum
354 856 502 949 votum),
528 865 564 927 et
582 865 679 927 esset
694 855 962 948 praeclarissimo
984 853 1053 927 filio
1073 855 1228 948 corporis

144 988 250 1072 atque
264 979 373 1049 animi
390 979 530 1073 plenum
544 977 661 1062 robur,
677 978 787 1050 solida
804 990 904 1062 aetaS‚
920 987 1034 1049 status
1053 977 1087 1047 in
1101 977 1225 1069 gloria,

146 1100 294 1173 facilitas
328 1101 363 1170 iu
395 1120 557 1172 ascensu.
591 1101 667 1172 Noli
692 1100 795 1192 igitur
820 1099 1111 1172 inconsolabiliter
1134 1103 1226 1172 illam

149 1223 246 1308 flere,
263 1246 311 1295 ne
329 1233 466 1294 naturae
481 1222 638 1294 ordinem
655 1244 819 1297 accusare
836 1223 997 1297 videaris.
1012 1224 1061 1294 ltu
1081 1245 1226 1295 necesse

151 1348 217 1431 fuit,
232 1359 273 1419 ut
285 1347 342 1417 vel
362 1345 419 1415 illa
432 1344 501 1427 tibi,
518 1347 573 1415 vel
589 1355 624 1415 tu
643 1345 688 1415 illi
707 1349 965 1440 superviveros.
981 1348 1051 1418 lloc
1070 1347 1225 1416 ultimum

153 1469 204 1542 illa
222 1479 417 1564 optaverat,
440 1468 505 1539 hoc
526 1480 659 1540 naturae
680 1471 756 1560 lege
774 1469 916 1561 dignum
938 1480 1026 1552 orat,
1049 1470 1114 1538 lroo
1135 1468 1227 1539 acci-

159 1593 211 1665 dit
230 1595 352 1667 Solate
372 1591 541 1674 animum,
564 1591 618 1662 vir
638 1592 870 1684 magnanime,
893 1614 957 1663 nec
977 1589 1141 1663 evenisse
1162 1589 1226 1661 do·

163 1716 222 1787 leus
240 1714 342 1788 ouius
362 1713 571 1785 contrarium
598 1713 818 1786 inenarrabili
839 1713 930 1784 illam
957 1712 1121 1785 moestitia
1142 1733 1225 1782 con-

167 1837 299 1910 fecisset.
320 1836 457 1909 Utinam
480 1846 550 1907 tam
576 1835 663 1907 boue
698 1844 816 1907 servet
846 1835 879 1905 in
914 1834 1058 1927 reliquis
1093 1842 1224 1903 rectum

172 1958 305 2030 ordinem
324 1966 451 2030 natura
468 1971 505 2031 ut
523 1958 679 2029 servavit
691 1957 725 2026 in
738 1957 850 2029 nobis.
872 1959 972 2051 Saepe
987 1955 1127 2050 quidem
1151 1975 1226 2025 ma-

176 2092 227 2153 tres
244 2081 277 2152 in
296 2089 455 2155 natorum
475 2081 656 2151 funeribus
678 2079 885 2172 gravissime
905 2082 1063 2171 lugentes
1083 2088 1119 2151 et
1138 2077 1224 2171 legi-

178 2214 286 2276 unset
304 2205 479 2287 videmus;
501 2204 613 2274 rarius
640 2213 756 2274 autam
787 2224 828 2273 ao
860 2202 1072 2274 moderatius
1098 2226 1119 2274 e
1142 2225 1225 2274 con-
1321 2295 1324 2301 ‚

180 2346 266 2401 verso.
286 2326 446 2400 lnveoies
468 2337 613 2399 matrem
633 2347 713 2421 quae
732 2325 840 2397 fitium
865 2337 1037 2399 mortuum
1058 2350 1137 2398 cum
1164 2325 1225 2395 lle-

180 2446 274 2535 tissa,
295 2459 453 2521 materno
469 2448 599 2543 impetit
619 2450 694 2545 ipsa
715 2448 824 2522 dolori
845 2451 983 2544 proprio
1005 2449 1110 2520 finem
1132 2447 1223 2519 fecit.

117 2636 120 2641 .
180 2568 310 2646 invenies
336 2574 439 2645 aliam
459 2593 539 2666 quae
558 2583 703 2644 mortem
726 2572 796 2643 nati
819 2595 930 2664 usquc
956 2571 1001 2643 ad
1026 2581 1222 2641 extremum

118 2788 122 2794 .
181 2692 239 2767 vitu
255 2718 328 2769 suae
348 2695 439 2767 diem
457 2693 545 2766 luxit
563 2694 757 2788 aequalitor,
777 2716 842 2766 nec
863 2696 950 2765 ullas
968 2714 1121 2785 unquam
1143 2714 1225 2761 cou-

180 2816 334 2893 solantium
353 2838 458 2891 voces
478 2816 650 2889 obseratis
670 2814 814 2886 auribus
840 2813 990 2886 admisit.
1017 2816 1083 2884 Par
1107 2823 1162 2881 est
1187 2811 1225 2880 il-

179 2935 308 3014 lmtrium
330 2941 535 3013 feminarum
569 2936 668 3008 Livia
700 2936 851 3028 Augusti
884 2934 1028 3019 coniux,
1062 2944 1097 3005 et
1128 2955 1226 3025 soror

179 3059 306 3153 Octavia
336 3088 485 3161 quarum
513 3063 614 3136 simul
645 3061 776 3131 Seneca
806 3055 960 3129 meminit
991 3054 1036 3126 ad
1067 3053 1224 3125 lllartiam

180 3202 253 3261 tuum
272 3190 440 3263 scribens.
462 3189 580 3259 Cicero
600 3183 741 3278 quidem
761 3203 861 3253 suam
879 3179 1023 3251 Tulliam
1045 3177 1143 3250 flevit
1163 3177 1228 3246 im·

179 3312 296 3398 moion,
320 3334 428 3406 seque
458 3310 572 3404 ipsum
593 3306 628 3376 in
650 3317 760 3377 morte
780 3302 860 3374 flliae
884 3313 951 3374 tam
974 3302 1111 3374 dilectae
1141 3298 1228 3370 inte-

148 3506 150 3512 ,
178 3435 402 3517 mvolunine
414 3432 611 3505 consolatus
628 3439 698 3501 est:
717 3427 810 3521 quod
827 3426 1049 3522 postmodum
1068 3425 1102 3496 in
1116 3434 1227 3496 morte

178 3548 266 3631 fatris
286 3559 439 3631 imitatus
459 3552 682 3636 Ambrosius
703 3562 739 3622 et
764 3549 838 3644 ipse
863 3548 1132 3622 consolatorium
1153 3546 1226 3618 edi-

178 3670 215 3746 dit
224 3682 392 3755 volumen.
413 3682 579 3751 Neutrum
597 3683 689 3748 uerte
707 3695 836 3744 novum
854 3682 914 3746 aut
931 3672 1122 3754 insolitum,
1138 3679 1177 3743 ut
1191 3680 1228 3742 ct

179 3790 365 3876 innatorum
386 3813 446 3875 aut
465 3805 610 3873 fratrum
635 3797 804 3870 mortibus
830 3795 988 3866 homiues
1014 3802 1172 3884 gemant,
1192 3805 1229 3866 et

181 3931 238 3992 lese
254 3925 341 3998 docti
361 3926 518 3997 homines
540 3923 613 3994 suis
634 3922 669 3991 in
692 3918 899 3991 moeroribus
921 3917 1155 3987 consolentur.
1173 3917 1198 3984 F
1202 3915 1228 3984 i-

107 4102 110 4109 .
181 4031 205 4104 lii
219 4056 321 4118 autem
339 4049 459 4119 matris
476 4046 649 4118 interitum
669 4041 822 4134 graviter
839 4036 1067 4130 deplorantis,
1087 4035 1155 4107 nisi
1174 4062 1228 4110 me

182 4152 437 4253 fullitmemoria‚
464 4168 525 4239 vix
554 4169 630 4259 plus
656 4187 761 4257 quam
786 4182 891 4231 unum
912 4159 1043 4229 clarum
1070 4157 1228 4232 invenies

183 4292 366 4383 aemulum,
401 4314 467 4363 non
505 4288 641 4383 pietatis
674 4286 825 4365 defectu,
857 4281 918 4352 sed
950 4292 1083 4355 naturae
1109 4284 1229 4355 ordine

185 4406 320 4485 snitum
339 4414 533 4487 cohibente.
557 4412 666 4482 flevit
687 4406 901 4500 Augustinus
924 4417 1043 4477 noster
1064 4403 1228 4476 amanlis-
