2738 5062
362 742 455 790 urnae
476 740 973 799 ournrusueeruus.—smsr0ns
995 742 1058 789 uun
1191 732 1247 792 337

170 887 303 973 partem
325 877 462 947 animus
483 876 632 948 inclinat.
660 875 761 971 Saepe
782 878 827 948 ibi
849 878 986 951 advena
1006 902 1086 951 cum
1108 883 1251 973 luerim,

172 1011 253 1097 opto
275 999 401 1070 utiam
423 997 560 1070 tandem
583 998 694 1071 incola
714 998 761 1069 ibi
782 1001 863 1083 sim,
886 1012 921 1072 et
941 1001 1001 1074 diu
1020 1026 1082 1097 per
1100 1006 1254 1080 membra

173 1135 344 1194 terrarum
377 1120 471 1193 orbis
504 1140 616 1212 vagus
649 1142 689 1191 ae
722 1123 837 1192 lessus
868 1121 901 1192 in
932 1125 1044 1219 capite
1065 1127 1255 1199 subsistam

173 1246 328 1326 tandem,
350 1255 384 1314 et
404 1250 572 1336 quantum
606 1240 662 1313 hic
694 1254 750 1314 est
778 1244 942 1338 possibile
963 1247 1192 1339 requiescam.
1219 1248 1256 1320 Sl

173 1369 289 1441 adbuc
311 1366 431 1437 vivere
452 1373 600 1457 oportet,
617 1386 803 1456 nusquam,
820 1376 859 1437 ut
875 1365 960 1436 mihi
978 1367 1117 1457 videor,
1132 1370 1255 1442 melius

174 1491 307 1571 vivam,
331 1508 504 1580 nusquam
525 1487 688 1558 libentius
709 1497 804 1560 certe
824 1489 987 1584 sepeliar:
1009 1491 1077 1562 iam
1098 1492 1190 1563 enim
1211 1492 1254 1565 ad

174 1613 306 1682 exitum
338 1619 457 1703 specto
490 1609 787 1702 novissimumque
808 1612 949 1682 domum
975 1614 1098 1713 cogito.
1125 1617 1196 1687 Res
1220 1614 1255 1687 in

174 1757 217 1807 eo
237 1735 385 1805 vertitur
402 1732 431 1802 si
448 1730 580 1826 possim
600 1732 695 1822 quod
711 1734 826 1825 cupio:
845 1733 1010 1824 cogitanti
1027 1736 1119 1807 enim
1138 1740 1256 1809 nescio
1339 1808 1342 1813 .

173 1856 259 1950 quid
290 1853 503 1951 difficultatis
536 1853 732 1924 effunditur.
768 1856 837 1926 Sed
870 1855 1110 1950 incipientibus
1140 1859 1256 1930 omnia

174 1975 326 2050 difficilia
347 1975 459 2048 videri
486 1976 608 2045 solent.
631 1975 756 2046 Contra
784 1962 866 2047 illud
887 1998 1027 2079 quoque
1052 1999 1176 2049 verum
1202 1990 1256 2052 est

175 2098 365 2172 difficiliora
385 2098 548 2192 quaedam
567 2117 768 2189 essequam
788 2097 982 2170 videantur.
1002 2099 1062 2171 llis
1083 2103 1255 2173 alternan-

176 2221 268 2292 tibus
288 2222 382 2293 curis
403 2242 475 2291 rem
497 2218 543 2292 ad
563 2228 596 2290 te
614 2219 783 2311 integram
807 2221 919 2293 reieci.
936 2223 985 2292 Tu
999 2243 1064 2307 me,
1079 2224 1192 2306 irater,
1215 2244 1256 2293 ac

175 2366 232 2417 res
253 2365 349 2414 meas
369 2353 404 2415 et
423 2341 643 2414 difficultates
660 2352 695 2413 et
711 2343 867 2414 fortunas
889 2344 979 2414 nosti
1000 2344 1168 2415 funditus.
1187 2345 1255 2416 llo-

176 2490 268 2539 mam
291 2474 391 2537 nemo
413 2474 446 2536 te
467 2465 591 2536 melius
608 2465 720 2537 novit:
740 2487 855 2537 rerum
873 2489 1013 2560 quoque
1030 2467 1255 2562 praesentium

176 2599 304 2662 statum
325 2609 484 2684 praesens
511 2585 647 2681 aspicis.
676 2588 711 2658 Si
735 2608 756 2658 e
782 2588 891 2659 tribus
918 2611 1009 2661 unus
1036 2589 1173 2660 viveret
1197 2600 1259 2660 aut
1335 2587 1340 2593 ’

176 2714 230 2784 ille
251 2710 418 2783 mirificus
440 2730 565 2796 senex,
587 2721 647 2781 aut
666 2711 839 2802 gloriosus
860 2710 916 2781 ille
936 2710 1095 2792 iuvenis,
1119 2720 1180 2780 aut
1199 2711 1255 2781 ille

174 2834 417 2925 magnanimus
447 2831 662 2915 adolescens,
690 2853 753 2902 nec
779 2831 875 2925 digni
909 2830 976 2902 visi
1009 2853 1169 2902 essemus
1196 2832 1256 2925 qui
1311 2838 1313 2843 '

176 2955 338 3025 omnibus
358 2953 460 3025 simul
479 2953 609 3025 nostris
626 2975 666 3025 ac
684 2955 806 3046 patriae
823 2952 1011 3023 luminibus
1026 2952 1254 3046 privaremur,

176 3076 260 3147 nihil
273 3075 758 3149 dubietatisoccurreret.Non
768 3077 1021 3147 consultantem
1034 3075 1182 3156 audires,
1194 3077 1256 3149 sed

177 3208 384 3292 praesentem
404 3220 576 3271 cerneres.
598 3198 697 3271 Nunc
717 3197 848 3270 consilii
874 3197 974 3291 inops
995 3198 1079 3271 illud
1106 3199 1254 3291 primum

176 3342 312 3413 quaero:
340 3321 424 3414 quid
448 3322 559 3392 Roma
586 3343 678 3393 nunc
703 3333 821 3394 nostra
847 3320 983 3413 publica
1010 3342 1136 3415 parens
1162 3320 1258 3411 agit‘?

176 3442 307 3515 Deinde
327 3442 412 3537 quid
428 3443 489 3515 bie
508 3446 594 3515 alter
615 3444 817 3515 adolescens
840 3452 960 3514 noster
979 3442 1119 3535 cogitat,
1135 3442 1169 3512 in
1187 3465 1258 3535 quo

179 3587 259 3658 spes
274 3576 379 3638 tantae
393 3565 531 3636 familiae
546 3567 736 3637 remansit?
752 3568 850 3651 Quos
862 3566 1029 3638 virtutum
1043 3566 1162 3649 llores,
1178 3586 1258 3658 quae

178 3690 298 3780 gloriae
315 3687 415 3779 signa
436 3687 629 3780 praetendit,
645 3698 812 3782 quantum
827 3691 995 3761 maiorum
1011 3710 1153 3761 suorum
1169 3691 1259 3760 lama

180 3810 332 3903 tangitur
343 3812 399 3880 vel
410 3812 581 3903 exemplis
594 3810 959 3905 accenditur,qualiter
971 3812 1078 3882 nostri
1094 3809 1256 3893 meminit,

178 3934 326 4026 qualiter
348 3954 432 4004 sues
452 3936 568 4005 amat‘l
588 3935 680 4004 Solet
698 3934 790 4003 enim
812 3943 899 4004 aetas
917 3932 975 4002 illa
997 3932 1093 4002 facile
1116 3952 1259 4002 suorum

178 4055 363 4128 affectuum
377 4055 546 4127 oblivisci.
564 4055 743 4125 Postremo
760 4053 842 4124 illud
862 4054 951 4123 scire
964 4063 1092 4146 expeto
1105 4072 1148 4121 an
1163 4062 1199 4122 tu
1214 4053 1260 4155 5⁸?
1346 4066 1352 4074 ’

180 4179 224 4250 tio
241 4201 353 4272 usque
367 4179 402 4248 in
416 4178 521 4248 linem
535 4197 615 4247 esse
628 4173 841 4255 decreveris3
855 4194 923 4244 non
939 4194 1086 4265 parvum
1104 4173 1261 4266 capiendi

178 4302 313 4373 consilii
332 4310 557 4380 momentum,
579 4296 724 4391 quodsi
746 4296 869 4367 feceris
892 4295 1056 4380 laudabo,
1081 4296 1110 4367 si
1127 4318 1196 4367 non
1213 4300 1262 4368 fe-

180 4423 271 4495 ceris
292 4422 455 4494 mirabor.
478 4420 570 4491 Satis
590 4419 649 4492 diu
670 4419 896 4515 peregrinati,
921 4443 964 4492 ne
989 4419 1102 4494 dicam
1129 4421 1260 4503 iactati,

181 4566 321 4616 sumus:
344 4555 480 4638 tempus
500 4555 556 4614 est
581 4544 626 4616 ad
651 4564 834 4636 vesperam
856 4543 1091 4627 subsistendi,
1116 4541 1263 4633 ligendi-

312 4677 337 4714 ιν·
1077 4662 1108 4711 aa
