2738 5062
168 731 225 791 558
507 740 547 788 ua
570 739 670 789 nauus
691 739 911 790 raurnraaruus

168 899 288 950 corum
309 877 494 971 praesentia
516 877 619 949 solito
639 877 750 948 rarior
770 898 861 948 nunc
884 886 957 948 est:
979 875 1107 949 raritas
1130 889 1250 950 autem

167 1000 380 1072 desiderium
413 1000 581 1071 accendit.
617 1001 718 1093 Saepe
750 1001 856 1092 igitur
888 1022 1040 1071 aunuum
1076 1000 1248 1073 silentium

167 1124 291 1196 diurna
305 1123 511 1215 loquacitate
528 1143 733 1215 compenso,
751 1143 961 1215 rursumque
978 1121 1099 1193 amicis
1117 1120 1250 1194 abeun-

168 1245 260 1323 tibus
283 1255 401 1316 mutus
421 1243 478 1315 lio.
499 1245 738 1340 importunum
764 1243 941 1337 negotium
965 1266 1044 1316 cum
1065 1245 1173 1334 vulgo
1199 1245 1251 1315 lo-

168 1367 240 1460 qui,
264 1379 324 1439 aut
342 1367 484 1439 omnino
501 1388 581 1438 cum
601 1367 756 1452 homine,
774 1389 881 1459 quem
898 1389 966 1438 nun
987 1388 1085 1438 amor
1101 1365 1161 1437 tibi
1184 1388 1251 1438 seu

167 1487 324 1561 doctrina
344 1489 510 1561 conciliet.
530 1489 706 1561 Coetarum
731 1510 829 1560 more
854 1489 988 1561 illorum
1022 1489 1094 1582 qui,
1130 1498 1169 1560 ut
1200 1489 1250 1560 ait

166 1608 338 1693 Annaeus,
360 1610 406 1682 de
425 1611 509 1684 vitae
529 1608 687 1704 partibus
712 1608 908 1684 deliberant
922 1633 992 1682 non
1018 1610 1063 1682 de
1088 1620 1175 1696 tota,
1197 1611 1250 1681 in-

167 1744 349 1825 gruentem
362 1735 519 1826 cogitans
533 1743 706 1817 aestatem,
721 1733 952 1805 diversorium
971 1732 1247 1805 amoenissimum

168 1856 505 1950 saluberrimumque
530 1856 610 1929 adii.
637 1855 871 1947 Gariguauum
894 1864 1035 1938 vocant,
1063 1854 1190 1939 tribus,
1211 1865 1249 1926 ut

167 1991 366 2066 numerant,
393 2001 562 2073 passuum
594 1977 747 2050 millibus
772 1977 818 2049 ab
842 1979 920 2074 ipsa
945 1978 1034 2050 urbe
1062 1989 1247 2051 semotum.

166 2104 241 2174 Rus
250 2112 368 2174 autem
381 2105 416 2174 in
428 2100 569 2198 planitie
583 2103 758 2173 elevatum
769 2111 806 2173 et
816 2100 965 2173 cinctum
980 2099 1134 2192 undique
1145 2097 1247 2168 sonti-

166 2221 247 2306 bus,
262 2242 331 2293 nou
349 2224 417 2293 illis
434 2222 574 2314 quidem
589 2222 722 2315 Surgiae
735 2205 854 2294 nostro
866 2221 1081 2316 transalpino
1093 2218 1246 2316 paribus,

168 2345 230 2415 sed
251 2343 417 2415 modestis
439 2367 479 2415 ac
499 2345 637 2428 lucidis,
660 2354 801 2437 tamque
822 2345 978 2416 suaviter
998 2343 1148 2438 invicem
1170 2365 1249 2438 per-

165 2466 281 2560 plexis
298 2487 340 2538 ao
360 2467 475 2557 vagis,
498 2476 536 2538 ut
555 2466 649 2537 unde
669 2467 813 2537 veniant
829 2487 894 2538 sau
913 2489 985 2559 quo
1000 2477 1162 2562 pergant,
1184 2464 1247 2535 vix

167 2591 279 2683 possit
301 2588 460 2681 intelligi3
486 2587 537 2660 sic
561 2598 686 2660 coeunt
710 2586 973 2680 divertuntque,
999 2597 1037 2659 et
1062 2608 1186 2658 rursus
1212 2588 1248 2658 in

168 2733 207 2784 se
231 2714 392 2797 redeunt,
419 2715 617 2805 multusque
641 2733 703 2806 per
728 2710 885 2782 tramites
912 2733 1020 2782 unum
1047 2708 1083 2780 in
1108 2711 1247 2780 alveum

167 2834 370 2908 relabuntur
392 2836 615 2908 Menandreis
635 2832 798 2916 flexibus,
822 2845 860 2906 ut
873 2833 1106 2929 nympharum
1122 2833 1246 2904 choros

165 2954 433 3050 virgineamque
452 2959 511 3049 agi
531 2955 665 3028 dixeris
691 2956 866 3026 choream.
893 2956 956 3026 Hic
975 2953 1081 3028 modo
1102 2977 1195 3038 suro,
1214 2963 1248 3024 et

165 3074 250 3169 quid
270 3099 373 3168 agam
393 3078 482 3150 dixi:
503 3086 539 3149 et
559 3079 588 3148 si
615 3078 737 3149 sileam
765 3078 867 3149 nosti.
894 3075 972 3168 Ago
995 3076 1091 3169 quod
1124 3077 1247 3148 solitus

166 3221 255 3282 sum,
277 3201 344 3272 nisi
363 3200 457 3294 quod
475 3221 556 3272 rure
573 3199 659 3270 milri
679 3198 823 3271 libertas
839 3210 896 3271 ast
912 3199 1033 3271 maior.
1047 3199 1155 3270 Otiosi
1173 3201 1246 3270 fure-

165 3322 210 3391 rit
230 3323 260 3392 si
276 3345 420 3416 pergam
441 3323 570 3417 exequi
587 3321 715 3416 quibus
735 3323 847 3394 taediis
862 3322 1004 3394 urbanis
1022 3322 1079 3394 hic
1095 3343 1241 3403 caream,

165 3441 294 3533 quibus
314 3443 514 3533 agrestibus
536 3444 668 3516 solatiis
695 3442 884 3531 abundem,
910 3464 993 3537 quac
1026 3444 1110 3517 mibi
1141 3464 1243 3537 poma

164 3563 209 3635 de
230 3562 425 3649 arboribus,
447 3587 536 3658 quos
557 3589 577 3638 e
599 3567 707 3660 pratis
732 3567 908 3650 flosculos
932 3586 1020 3658 quos
1045 3591 1065 3638 e
1092 3565 1244 3639 lontibus

164 3685 357 3777 pisciculos,
379 3708 468 3778 quas
486 3709 507 3757 e
525 3688 616 3758 limis
637 3691 837 3773 anaticulas,
859 3711 949 3781 quas
970 3713 991 3762 e
1011 3688 1105 3760 nidis
1125 3688 1244 3758 avicu-

164 3811 230 3896 las,
252 3830 341 3902 quos
360 3831 407 3882 ex
433 3810 528 3901 agris
550 3808 747 3895 hericiolos,
775 3831 911 3902 quosve
944 3812 1153 3906 lepusculos,
1188 3831 1244 3881 ca-

163 3936 371 4027 preolosque
391 3945 495 4029 atque
512 3932 686 4028 apriculos
703 3935 860 4006 certatim
882 3934 1031 4006 humiles
1048 3933 1246 4005 convehant

163 4054 279 4127 vicini.
298 4059 363 4130 Est
379 4059 435 4131 hic
452 4059 648 4131 Carthasiae
665 4058 791 4129 domus
809 4079 901 4130 nova
922 4056 986 4130 sed
1003 4055 1139 4130 nobilis.
1157 4054 1245 4126 Hinc

163 4173 248 4244 mihi
268 4181 440 4274 quidquid
458 4181 568 4253 sancti
587 4179 704 4272 gaudii
723 4181 816 4251 sumi
835 4189 953 4274 potest
968 4179 1065 4250 horis
1082 4177 1242 4266 omnibus

163 4305 293 4391 praesto
308 4309 373 4369 est.
395 4304 625 4375 Decreveram
644 4302 734 4373 intra
752 4299 862 4393 ipsius
879 4300 1028 4376 coeuobii
1045 4310 1145 4394 septa
1160 4319 1245 4371 con·

164 4418 270 4502 cludi,
290 4419 383 4511 quod
405 4422 471 4491 illis
491 4424 721 4496 sanctissimis
742 4423 830 4494 viris
850 4445 893 4495 an
922 4424 1005 4495 mibi
1031 4425 1166 4515 gratius
1191 4421 1244 4492 in-

164 4555 308 4616 certum.
331 4545 379 4617 lta
401 4566 437 4615 re
457 4546 585 4616 lactum
607 4557 716 4628 esset,
739 4569 804 4618 nec
825 4543 973 4617 verebar
993 4570 1038 4619 ue
1058 4571 1128 4640 qua
1150 4547 1183 4618 in
1206 4567 1244 4617 re
1342 4625 1352 4646 1
