<?xml version="1.0" encoding="UTF-8"?>
<!DOCTYPE html PUBLIC "-//W3C//DTD XHTML 1.0 Transitional//EN"
    "http://www.w3.org/TR/xhtml1/DTD/xhtml1-transitional.dtd">
<html xmlns="http://www.w3.org/1999/xhtml" xml:lang="en" lang="en">
 <head>
  <title>
</title>
<meta http-equiv="Content-Type" content="text/html;charset=utf-8" />
  <meta name='ocr-system' content='tesseract 3.04.00' />
  <meta name='ocr-capabilities' content='ocr_page ocr_carea ocr_par ocr_line ocrx_word'/>
</head>
<body>
  <div class='ocr_page' id='page_1' title='image "./epistolaederebu02fracgoog_0264.png"; bbox 0 0 2738 5062; ppageno 0'>
   <div class='ocr_carea' id='block_1_1' title="bbox 363 607 1224 672">
    <p class='ocr_par' dir='ltr' id='par_1_1' title="bbox 363 607 1224 672">
     <span class='ocr_line' id='line_1_1' title="bbox 363 607 1224 672; baseline -0.002 -1"><span class='ocrx_word' id='word_1_1' title='bbox 363 622 455 671; x_wconf 75' lang='lat' dir='ltr'><strong>tlblllt</strong></span> <span class='ocrx_word' id='word_1_2' title='bbox 478 620 758 672; x_wconf 77' lang='lat' dir='ltr'><strong>nuelnusrnltrlus.</strong></span> <span class='ocrx_word' id='word_1_3' title='bbox 771 619 971 670; x_wconf 71' lang='lat' dir='ltr'><strong>-nl‘lsronn</strong></span> <span class='ocrx_word' id='word_1_4' title='bbox 993 624 1022 670; x_wconf 78' lang='lat' dir='ltr'><strong>X.</strong></span> <span class='ocrx_word' id='word_1_5' title='bbox 1166 607 1224 669; x_wconf 67' lang='lat'><strong>255</strong></span> 
     </span>
    </p>
   </div>
   <div class='ocr_carea' id='block_1_2' title="bbox 578 965 806 1031">
    <p class='ocr_par' dir='ltr' id='par_1_2' title="bbox 578 965 806 1031">
     <span class='ocr_line' id='line_1_2' title="bbox 578 965 806 1031; baseline 0 -2"><span class='ocrx_word' id='word_1_6' title='bbox 578 965 754 1031; x_wconf 77' lang='lat' dir='ltr'>EPISTOLA</span> <span class='ocrx_word' id='word_1_7' title='bbox 775 967 806 1029; x_wconf 90' lang='lat' dir='ltr'><strong>X.</strong></span> 
     </span>
    </p>
   </div>
   <div class='ocr_carea' id='block_1_3' title="bbox 216 1219 1163 1371">
    <p class='ocr_par' dir='ltr' id='par_1_3' title="bbox 216 1219 1163 1371">
     <span class='ocr_line' id='line_1_3' title="bbox 216 1219 1163 1274; baseline 0 -1"><span class='ocrx_word' id='word_1_8' title='bbox 216 1219 415 1273; x_wconf 71' lang='lat' dir='ltr'><strong>rntnulscus</strong></span> <span class='ocrx_word' id='word_1_9' title='bbox 435 1220 602 1271; x_wconf 75' lang='lat' dir='ltr'><strong>PETRARCA</strong></span> <span class='ocrx_word' id='word_1_10' title='bbox 623 1221 760 1272; x_wconf 75' lang='lat' dir='ltr'><strong>nlcolno</strong></span> <span class='ocrx_word' id='word_1_11' title='bbox 780 1221 948 1273; x_wconf 77' lang='lat' dir='ltr'><strong>tccttlono</strong></span> <span class='ocrx_word' id='word_1_12' title='bbox 969 1224 1010 1272; x_wconf 80' lang='grc' dir='ltr'><strong>ΕΤ</strong></span> <span class='ocrx_word' id='word_1_13' title='bbox 1031 1223 1163 1274; x_wconf 77' lang='lat' dir='ltr'><strong>lolllllltl</strong></span> 
     </span>
     <span class='ocr_line' id='line_1_4' title="bbox 555 1320 828 1371; baseline -0.004 -1"><span class='ocrx_word' id='word_1_14' title='bbox 555 1321 681 1371; x_wconf 78' lang='lat' dir='ltr'><strong>ulnltlo</strong></span> <span class='ocrx_word' id='word_1_15' title='bbox 703 1320 728 1369; x_wconf 90' lang='lat' dir='ltr'><strong>S.</strong></span> <span class='ocrx_word' id='word_1_16' title='bbox 750 1322 777 1371; x_wconf 82' lang='grc' dir='ltr'><strong>Ρ.</strong></span> <span class='ocrx_word' id='word_1_17' title='bbox 799 1323 828 1371; x_wconf 84' lang='lat' dir='ltr'><strong>ll.</strong></span> 
     </span>
    </p>
   </div>
   <div class='ocr_carea' id='block_1_4' title="bbox 158 1491 1227 1655">
    <p class='ocr_par' dir='ltr' id='par_1_4' title="bbox 158 1491 1227 1655">
     <span class='ocr_line' id='line_1_5' title="bbox 158 1491 1227 1564; baseline 0.008 -19"><span class='ocrx_word' id='word_1_18' title='bbox 158 1491 288 1548; x_wconf 78' lang='lat' dir='ltr'><strong>Hortatur</strong></span> <span class='ocrx_word' id='word_1_19' title='bbox 307 1497 457 1563; x_wconf 87' lang='lat' dir='ltr'><strong>utrumque</strong></span> <span class='ocrx_word' id='word_1_20' title='bbox 473 1497 518 1561; x_wconf 89' lang='lat' dir='ltr'><strong>ut,</strong></span> <span class='ocrx_word' id='word_1_21' title='bbox 533 1491 656 1564; x_wconf 84' lang='lat' dir='ltr'><strong>deposita</strong></span> <span class='ocrx_word' id='word_1_22' title='bbox 674 1495 824 1563; x_wconf 75' lang='lat' dir='ltr'><strong>simultate,</strong></span> <span class='ocrx_word' id='word_1_23' title='bbox 840 1496 957 1550; x_wconf 88' lang='lat' dir='ltr'><strong>alterum</strong></span> <span class='ocrx_word' id='word_1_24' title='bbox 972 1496 1042 1551; x_wconf 82' lang='lat' dir='ltr'><strong>alter</strong></span> <span class='ocrx_word' id='word_1_25' title='bbox 1059 1498 1088 1551; x_wconf 91' lang='lat' dir='ltr'><strong>in</strong></span> <span class='ocrx_word' id='word_1_26' title='bbox 1103 1503 1227 1553; x_wconf 85' lang='lat' dir='ltr'><strong>mutuam</strong></span> 
     </span>
     <span class='ocr_line' id='line_1_6' title="bbox 512 1581 865 1655; baseline 0.003 -18"><span class='ocrx_word' id='word_1_27' title='bbox 512 1581 730 1639; x_wconf 75' lang='lat' dir='ltr'><strong>benevolentiam</strong></span> <span class='ocrx_word' id='word_1_28' title='bbox 744 1584 865 1655; x_wconf 88' lang='lat' dir='ltr'><strong>recipiat.</strong></span> 
     </span>
    </p>
   </div>
   <div class='ocr_carea' id='block_1_5' title="bbox 123 1858 1340 4534">
    <p class='ocr_par' dir='ltr' id='par_1_5' title="bbox 140 1858 1340 3036">
     <span class='ocr_line' id='line_1_7' title="bbox 252 1858 1230 1959; baseline 0.007 -31"><span class='ocrx_word' id='word_1_29' title='bbox 252 1858 399 1950; x_wconf 74' lang='lat' dir='ltr'><strong>Iungam</strong></span> <span class='ocrx_word' id='word_1_30' title='bbox 420 1879 498 1942; x_wconf 89' lang='lat' dir='ltr'><strong>vos,</strong></span> <span class='ocrx_word' id='word_1_31' title='bbox 523 1859 731 1950; x_wconf 84' lang='lat' dir='ltr'><strong>magnanimi</strong></span> <span class='ocrx_word' id='word_1_32' title='bbox 750 1859 832 1944; x_wconf 87' lang='lat' dir='ltr'><strong>viri,</strong></span> <span class='ocrx_word' id='word_1_33' title='bbox 852 1860 1070 1933; x_wconf 86' lang='lat' dir='ltr'><strong>florentinum</strong></span> <span class='ocrx_word' id='word_1_34' title='bbox 1091 1884 1132 1934; x_wconf 88' lang='lat' dir='ltr'><strong>ac</strong></span> <span class='ocrx_word' id='word_1_35' title='bbox 1151 1885 1230 1959; x_wconf 85' lang='lat' dir='ltr'><strong>pur-</strong></span> 
     </span>
     <span class='ocr_line' id='line_1_8' title="bbox 155 1981 1340 2083; baseline 0.005 -30"><span class='ocrx_word' id='word_1_36' title='bbox 155 1985 377 2078; x_wconf 86' lang='lat' dir='ltr'><strong>tbenopaeum</strong></span> <span class='ocrx_word' id='word_1_37' title='bbox 403 1981 527 2054; x_wconf 90' lang='lat' dir='ltr'><strong>decus:</strong></span> <span class='ocrx_word' id='word_1_38' title='bbox 553 1983 695 2074; x_wconf 81' lang='lat' dir='ltr'><strong>iungam</strong></span> <span class='ocrx_word' id='word_1_39' title='bbox 720 2004 787 2074; x_wconf 75' lang='lat' dir='ltr'><strong>ego</strong></span> <span class='ocrx_word' id='word_1_40' title='bbox 806 2004 888 2068; x_wconf 87' lang='lat' dir='ltr'><strong>vos,</strong></span> <span class='ocrx_word' id='word_1_41' title='bbox 910 1984 939 2056; x_wconf 91' lang='lat' dir='ltr'><strong>si</strong></span> <span class='ocrx_word' id='word_1_42' title='bbox 973 1985 1140 2080; x_wconf 84' lang='lat' dir='ltr'><strong>patimini,</strong></span> <span class='ocrx_word' id='word_1_43' title='bbox 1167 2009 1230 2059; x_wconf 92' lang='lat' dir='ltr'><strong>nec</strong></span> <span class='ocrx_word' id='word_1_44' title='bbox 1338 2078 1340 2083; x_wconf 23' lang='grc' dir='ltr'>Ι</span> 
     </span>
     <span class='ocr_line' id='line_1_9' title="bbox 150 2105 1232 2184; baseline 0.005 -5"><span class='ocrx_word' id='word_1_45' title='bbox 150 2115 349 2179; x_wconf 83' lang='lat' dir='ltr'><strong>contactum</strong></span> <span class='ocrx_word' id='word_1_46' title='bbox 374 2105 495 2177; x_wconf 78' lang='lat' dir='ltr'><strong>amicae</strong></span> <span class='ocrx_word' id='word_1_47' title='bbox 512 2126 635 2175; x_wconf 87' lang='lat' dir='ltr'><strong>manus</strong></span> <span class='ocrx_word' id='word_1_48' title='bbox 655 2105 864 2178; x_wconf 81' lang='lat' dir='ltr'><strong>horrescitis.</strong></span> <span class='ocrx_word' id='word_1_49' title='bbox 890 2107 966 2179; x_wconf 92' lang='lat' dir='ltr'><strong>Non</strong></span> <span class='ocrx_word' id='word_1_50' title='bbox 986 2110 1154 2182; x_wconf 88' lang='lat' dir='ltr'><strong>rationem</strong></span> <span class='ocrx_word' id='word_1_51' title='bbox 1180 2121 1232 2184; x_wconf 88' lang='lat' dir='ltr'><strong>te·</strong></span> 
     </span>
     <span class='ocr_line' id='line_1_10' title="bbox 144 2227 1228 2320; baseline 0.006 -19"><span class='ocrx_word' id='word_1_52' title='bbox 144 2229 310 2312; x_wconf 73' lang='lat' dir='ltr'><strong>meritae,</strong></span> <span class='ocrx_word' id='word_1_53' title='bbox 338 2250 406 2299; x_wconf 90' lang='lat' dir='ltr'><strong>non</strong></span> <span class='ocrx_word' id='word_1_54' title='bbox 431 2227 562 2300; x_wconf 89' lang='lat' dir='ltr'><strong>invidia</strong></span> <span class='ocrx_word' id='word_1_55' title='bbox 583 2227 795 2314; x_wconf 85' lang='lat' dir='ltr'><strong>charitatem,</strong></span> <span class='ocrx_word' id='word_1_56' title='bbox 820 2253 890 2304; x_wconf 88' lang='lat' dir='ltr'><strong>non</strong></span> <span class='ocrx_word' id='word_1_57' title='bbox 910 2233 1091 2306; x_wconf 90' lang='lat' dir='ltr'><strong>consilium</strong></span> <span class='ocrx_word' id='word_1_58' title='bbox 1118 2238 1228 2320; x_wconf 82' lang='lat' dir='ltr'><strong>furor,</strong></span> 
     </span>
     <span class='ocr_line' id='line_1_11' title="bbox 141 2348 1229 2448; baseline 0.005 -25"><span class='ocrx_word' id='word_1_59' title='bbox 141 2362 329 2445; x_wconf 86' lang='lat' dir='ltr'><strong>postremo</strong></span> <span class='ocrx_word' id='word_1_60' title='bbox 348 2371 418 2422; x_wconf 90' lang='lat' dir='ltr'><strong>non</strong></span> <span class='ocrx_word' id='word_1_61' title='bbox 438 2348 581 2420; x_wconf 83' lang='lat' dir='ltr'><strong>affectus</strong></span> <span class='ocrx_word' id='word_1_62' title='bbox 602 2349 670 2421; x_wconf 87' lang='lat' dir='ltr'><strong>mei</strong></span> <span class='ocrx_word' id='word_1_63' title='bbox 690 2350 871 2443; x_wconf 77' lang='lat' dir='ltr'><strong>glutinum,</strong></span> <span class='ocrx_word' id='word_1_64' title='bbox 894 2376 963 2446; x_wconf 88' lang='lat' dir='ltr'><strong>quo</strong></span> <span class='ocrx_word' id='word_1_65' title='bbox 990 2376 1145 2448; x_wconf 77' lang='lat' dir='ltr'><strong>praesens</strong></span> <span class='ocrx_word' id='word_1_66' title='bbox 1170 2378 1229 2428; x_wconf 85' lang='lat' dir='ltr'><strong>cu-</strong></span> 
     </span>
     <span class='ocr_line' id='line_1_12' title="bbox 141 2472 1232 2572; baseline 0.005 -28"><span class='ocrx_word' id='word_1_67' title='bbox 141 2472 482 2557; x_wconf 86' lang='lat' dir='ltr'><strong>lamus,immovero</strong></span> <span class='ocrx_word' id='word_1_68' title='bbox 497 2473 677 2564; x_wconf 83' lang='lat' dir='ltr'><strong>proesentis</strong></span> <span class='ocrx_word' id='word_1_69' title='bbox 690 2476 811 2547; x_wconf 84' lang='lat' dir='ltr'><strong>calami</strong></span> <span class='ocrx_word' id='word_1_70' title='bbox 825 2475 1016 2548; x_wconf 88' lang='lat' dir='ltr'><strong>ministerio</strong></span> <span class='ocrx_word' id='word_1_71' title='bbox 1029 2479 1124 2572; x_wconf 90' lang='lat' dir='ltr'><strong>pacis</strong></span> <span class='ocrx_word' id='word_1_72' title='bbox 1137 2500 1232 2550; x_wconf 85' lang='lat' dir='ltr'><strong>ama-</strong></span> 
     </span>
     <span class='ocr_line' id='line_1_13' title="bbox 140 2593 1231 2681; baseline 0.001 -11"><span class='ocrx_word' id='word_1_73' title='bbox 140 2605 206 2670; x_wconf 80' lang='lat' dir='ltr'><strong>tor</strong></span> <span class='ocrx_word' id='word_1_74' title='bbox 229 2593 404 2680; x_wconf 82' lang='lat' dir='ltr'><strong>christus,</strong></span> <span class='ocrx_word' id='word_1_75' title='bbox 432 2595 566 2666; x_wconf 87' lang='lat' dir='ltr'><strong>animos</strong></span> <span class='ocrx_word' id='word_1_76' title='bbox 585 2606 725 2668; x_wconf 89' lang='lat' dir='ltr'><strong>nostros</strong></span> <span class='ocrx_word' id='word_1_77' title='bbox 745 2597 833 2681; x_wconf 88' lang='lat' dir='ltr'><strong>unit,</strong></span> <span class='ocrx_word' id='word_1_78' title='bbox 867 2597 1101 2669; x_wconf 80' lang='lat' dir='ltr'><strong>detractorum</strong></span> <span class='ocrx_word' id='word_1_79' title='bbox 1128 2600 1231 2671; x_wconf 87' lang='lat' dir='ltr'><strong>inane</strong></span> 
     </span>
     <span class='ocr_line' id='line_1_14' title="bbox 140 2716 1231 2811; baseline 0.001 -22"><span class='ocrx_word' id='word_1_80' title='bbox 140 2738 312 2789; x_wconf 89' lang='lat' dir='ltr'><strong>murmur</strong></span> <span class='ocrx_word' id='word_1_81' title='bbox 328 2716 502 2811; x_wconf 88' lang='lat' dir='ltr'><strong>impediet.</strong></span> <span class='ocrx_word' id='word_1_82' title='bbox 516 2718 641 2811; x_wconf 79' lang='lat' dir='ltr'><strong>Magna</strong></span> <span class='ocrx_word' id='word_1_83' title='bbox 659 2738 799 2810; x_wconf 89' lang='lat' dir='ltr'><strong>semper</strong></span> <span class='ocrx_word' id='word_1_84' title='bbox 815 2717 975 2789; x_wconf 83' lang='lat' dir='ltr'><strong>amicitiae</strong></span> <span class='ocrx_word' id='word_1_85' title='bbox 991 2718 1045 2789; x_wconf 89' lang='lat' dir='ltr'><strong>vis</strong></span> <span class='ocrx_word' id='word_1_86' title='bbox 1064 2729 1130 2803; x_wconf 72' lang='lat' dir='ltr'><strong>est,</strong></span> <span class='ocrx_word' id='word_1_87' title='bbox 1148 2720 1231 2791; x_wconf 89' lang='lat' dir='ltr'><strong>nihil</strong></span> 
     </span>
     <span class='ocr_line' id='line_1_15' title="bbox 142 2838 1233 2934; baseline 0.001 -22"><span class='ocrx_word' id='word_1_88' title='bbox 142 2838 201 2912; x_wconf 89' lang='lat' dir='ltr'><strong>illi</strong></span> <span class='ocrx_word' id='word_1_89' title='bbox 221 2838 370 2923; x_wconf 86' lang='lat' dir='ltr'><strong>difficile,</strong></span> <span class='ocrx_word' id='word_1_90' title='bbox 392 2839 475 2911; x_wconf 92' lang='lat' dir='ltr'><strong>nibil</strong></span> <span class='ocrx_word' id='word_1_91' title='bbox 495 2839 727 2934; x_wconf 87' lang='lat' dir='ltr'><strong>impossibile:</strong></span> <span class='ocrx_word' id='word_1_92' title='bbox 753 2840 1047 2934; x_wconf 87' lang='lat' dir='ltr'><strong>verissimumque</strong></span> <span class='ocrx_word' id='word_1_93' title='bbox 1072 2854 1127 2913; x_wconf 88' lang='lat' dir='ltr'><strong>est</strong></span> <span class='ocrx_word' id='word_1_94' title='bbox 1151 2863 1233 2934; x_wconf 92' lang='lat' dir='ltr'><strong>poe-</strong></span> 
     </span>
     <span class='ocr_line' id='line_1_16' title="bbox 146 2960 1233 3036; baseline 0 -2"><span class='ocrx_word' id='word_1_95' title='bbox 146 2963 263 3036; x_wconf 90' lang='lat' dir='ltr'><strong>ticum</strong></span> <span class='ocrx_word' id='word_1_96' title='bbox 282 2960 378 3033; x_wconf 90' lang='lat' dir='ltr'><strong>illud:</strong></span> <span class='ocrx_word' id='word_1_97' title='bbox 400 2962 522 3033; x_wconf 78' lang='lat' dir='ltr'><strong>Omnia</strong></span> <span class='ocrx_word' id='word_1_98' title='bbox 537 2963 643 3032; x_wconf 80' lang='lat' dir='ltr'><strong>vincit</strong></span> <span class='ocrx_word' id='word_1_99' title='bbox 662 2984 770 3032; x_wconf 82' lang='lat' dir='ltr'><strong>emor:</strong></span> <span class='ocrx_word' id='word_1_100' title='bbox 787 2982 851 3034; x_wconf 90' lang='lat' dir='ltr'><strong>vos</strong></span> <span class='ocrx_word' id='word_1_101' title='bbox 870 2983 992 3033; x_wconf 86' lang='lat' dir='ltr'><strong>verum</strong></span> <span class='ocrx_word' id='word_1_102' title='bbox 1012 2961 1047 3031; x_wconf 92' lang='lat' dir='ltr'><strong>in</strong></span> <span class='ocrx_word' id='word_1_103' title='bbox 1063 2961 1165 3036; x_wconf 88' lang='lat' dir='ltr'><strong>vobis</strong></span> <span class='ocrx_word' id='word_1_104' title='bbox 1183 2965 1233 3034; x_wconf 84' lang='lat' dir='ltr'><strong>el-</strong></span> 
     </span>
    </p>

    <p class='ocr_par' dir='ltr' id='par_1_6' title="bbox 123 3064 1235 4534">
     <span class='ocr_line' id='line_1_17' title="bbox 123 3064 1230 3179; baseline 0.004 -25"><span class='ocrx_word' id='word_1_105' title='bbox 123 3064 128 3070; x_wconf 57' lang='grc'><strong>’</strong></span> <span class='ocrx_word' id='word_1_106' title='bbox 148 3082 248 3157; x_wconf 83' lang='lat' dir='ltr'><strong>ficita</strong></span> <span class='ocrx_word' id='word_1_107' title='bbox 267 3085 361 3177; x_wconf 88' lang='lat' dir='ltr'><strong>quod</strong></span> <span class='ocrx_word' id='word_1_108' title='bbox 382 3085 551 3179; x_wconf 88' lang='lat' dir='ltr'><strong>sequitur:</strong></span> <span class='ocrx_word' id='word_1_109' title='bbox 571 3084 617 3156; x_wconf 82' lang='lat' dir='ltr'><strong>Et</strong></span> <span class='ocrx_word' id='word_1_110' title='bbox 636 3108 695 3156; x_wconf 83' lang='lat' dir='ltr'><strong>nos</strong></span> <span class='ocrx_word' id='word_1_111' title='bbox 712 3084 862 3155; x_wconf 81' lang='lat' dir='ltr'><strong>cedamus</strong></span> <span class='ocrx_word' id='word_1_112' title='bbox 877 3086 993 3155; x_wconf 83' lang='lat' dir='ltr'><strong>emori.</strong></span> <span class='ocrx_word' id='word_1_113' title='bbox 1013 3085 1141 3168; x_wconf 76' lang='lat' dir='ltr'><strong>cedite,</strong></span> <span class='ocrx_word' id='word_1_114' title='bbox 1161 3107 1230 3172; x_wconf 90' lang='lat' dir='ltr'><strong>oro,</strong></span> 
     </span>
     <span class='ocr_line' id='line_1_18' title="bbox 154 3207 1234 3296; baseline -0.001 -16"><span class='ocrx_word' id='word_1_115' title='bbox 154 3209 214 3280; x_wconf 90' lang='lat' dir='ltr'><strong>cui</strong></span> <span class='ocrx_word' id='word_1_116' title='bbox 251 3207 421 3281; x_wconf 84' lang='lat' dir='ltr'><strong>immanes</strong></span> <span class='ocrx_word' id='word_1_117' title='bbox 454 3208 583 3282; x_wconf 86' lang='lat' dir='ltr'><strong>cedunt</strong></span> <span class='ocrx_word' id='word_1_118' title='bbox 619 3208 762 3296; x_wconf 69' lang='lat' dir='ltr'><strong>belluae,</strong></span> <span class='ocrx_word' id='word_1_119' title='bbox 800 3210 855 3282; x_wconf 88' lang='lat' dir='ltr'><strong>cui</strong></span> <span class='ocrx_word' id='word_1_120' title='bbox 888 3207 1080 3281; x_wconf 77' lang='lat' dir='ltr'><strong>barbaricae</strong></span> <span class='ocrx_word' id='word_1_121' title='bbox 1108 3207 1234 3281; x_wconf 86' lang='lat' dir='ltr'><strong>cedunt</strong></span> 
     </span>
     <span class='ocr_line' id='line_1_19' title="bbox 155 3332 1231 3427; baseline 0.003 -25"><span class='ocrx_word' id='word_1_122' title='bbox 155 3341 307 3415; x_wconf 89' lang='lat' dir='ltr'><strong>mentes,</strong></span> <span class='ocrx_word' id='word_1_123' title='bbox 326 3332 381 3404; x_wconf 88' lang='lat' dir='ltr'><strong>cui</strong></span> <span class='ocrx_word' id='word_1_124' title='bbox 397 3343 519 3426; x_wconf 86' lang='lat' dir='ltr'><strong>parent</strong></span> <span class='ocrx_word' id='word_1_125' title='bbox 534 3332 748 3405; x_wconf 84' lang='lat' dir='ltr'><strong>insensibilia</strong></span> <span class='ocrx_word' id='word_1_126' title='bbox 766 3335 943 3405; x_wconf 86' lang='lat' dir='ltr'><strong>elementa.</strong></span> <span class='ocrx_word' id='word_1_127' title='bbox 959 3333 1085 3418; x_wconf 87' lang='lat' dir='ltr'><strong>Cedite,</strong></span> <span class='ocrx_word' id='word_1_128' title='bbox 1099 3354 1231 3427; x_wconf 73' lang='lat' dir='ltr'><strong>quaese,</strong></span> 
     </span>
     <span class='ocr_line' id='line_1_20' title="bbox 159 3453 1234 3550; baseline 0.007 -28"><span class='ocrx_word' id='word_1_129' title='bbox 159 3453 223 3539; x_wconf 91' lang='lat' dir='ltr'><strong>illi,</strong></span> <span class='ocrx_word' id='word_1_130' title='bbox 242 3454 298 3526; x_wconf 92' lang='lat' dir='ltr'><strong>cui</strong></span> <span class='ocrx_word' id='word_1_131' title='bbox 315 3465 499 3550; x_wconf 85' lang='lat' dir='ltr'><strong>postquam</strong></span> <span class='ocrx_word' id='word_1_132' title='bbox 512 3456 699 3543; x_wconf 83' lang='lat' dir='ltr'><strong>cesseritis,</strong></span> <span class='ocrx_word' id='word_1_133' title='bbox 714 3455 829 3528; x_wconf 86' lang='lat' dir='ltr'><strong>omnia</strong></span> <span class='ocrx_word' id='word_1_134' title='bbox 845 3455 948 3528; x_wconf 87' lang='lat' dir='ltr'><strong>vobis</strong></span> <span class='ocrx_word' id='word_1_135' title='bbox 968 3457 1102 3529; x_wconf 86' lang='lat' dir='ltr'><strong>cedent.</strong></span> <span class='ocrx_word' id='word_1_136' title='bbox 1124 3456 1234 3529; x_wconf 87' lang='lat' dir='ltr'><strong>Nolite</strong></span> 
     </span>
     <span class='ocr_line' id='line_1_21' title="bbox 161 3577 1231 3664; baseline 0.002 -16"><span class='ocrx_word' id='word_1_137' title='bbox 161 3598 265 3649; x_wconf 89' lang='lat' dir='ltr'><strong>aures</strong></span> <span class='ocrx_word' id='word_1_138' title='bbox 296 3577 490 3661; x_wconf 86' lang='lat' dir='ltr'><strong>obstruere,</strong></span> <span class='ocrx_word' id='word_1_139' title='bbox 523 3581 641 3652; x_wconf 90' lang='lat' dir='ltr'><strong>oculos</strong></span> <span class='ocrx_word' id='word_1_140' title='bbox 674 3588 846 3664; x_wconf 87' lang='lat' dir='ltr'><strong>avertere,</strong></span> <span class='ocrx_word' id='word_1_141' title='bbox 882 3579 1056 3652; x_wconf 86' lang='lat' dir='ltr'><strong>obdurare</strong></span> <span class='ocrx_word' id='word_1_142' title='bbox 1088 3579 1231 3661; x_wconf 87' lang='lat' dir='ltr'><strong>animos,</strong></span> 
     </span>
     <span class='ocr_line' id='line_1_22' title="bbox 160 3701 1232 3796; baseline 0 -25"><span class='ocrx_word' id='word_1_143' title='bbox 160 3722 249 3793; x_wconf 90' lang='lat' dir='ltr'><strong>qnos</strong></span> <span class='ocrx_word' id='word_1_144' title='bbox 282 3701 396 3773; x_wconf 89' lang='lat' dir='ltr'><strong>iustus</strong></span> <span class='ocrx_word' id='word_1_145' title='bbox 426 3702 626 3775; x_wconf 89' lang='lat' dir='ltr'><strong>melioribus</strong></span> <span class='ocrx_word' id='word_1_146' title='bbox 658 3702 810 3774; x_wconf 89' lang='lat' dir='ltr'><strong>consiliis</strong></span> <span class='ocrx_word' id='word_1_147' title='bbox 842 3705 989 3796; x_wconf 87' lang='lat' dir='ltr'><strong>complet</strong></span> <span class='ocrx_word' id='word_1_148' title='bbox 1016 3724 1122 3774; x_wconf 86' lang='lat' dir='ltr'><strong>amor.</strong></span> <span class='ocrx_word' id='word_1_149' title='bbox 1146 3703 1232 3773; x_wconf 85' lang='lat' dir='ltr'><strong>Eam</strong></span> 
     </span>
     <span class='ocr_line' id='line_1_23' title="bbox 164 3820 1235 3920; baseline 0.006 -28"><span class='ocrx_word' id='word_1_150' title='bbox 164 3820 247 3892; x_wconf 91' lang='lat' dir='ltr'><strong>mihi</strong></span> <span class='ocrx_word' id='word_1_151' title='bbox 270 3844 368 3918; x_wconf 91' lang='lat' dir='ltr'><strong>spem</strong></span> <span class='ocrx_word' id='word_1_152' title='bbox 389 3822 507 3896; x_wconf 89' lang='lat' dir='ltr'><strong>tribuit</strong></span> <span class='ocrx_word' id='word_1_153' title='bbox 526 3826 700 3917; x_wconf 81' lang='lat' dir='ltr'><strong>geminata</strong></span> <span class='ocrx_word' id='word_1_154' title='bbox 718 3824 892 3910; x_wconf 86' lang='lat' dir='ltr'><strong>nobilitas,</strong></span> <span class='ocrx_word' id='word_1_155' title='bbox 914 3847 994 3919; x_wconf 84' lang='lat' dir='ltr'><strong>quae</strong></span> <span class='ocrx_word' id='word_1_156' title='bbox 1014 3848 1126 3920; x_wconf 90' lang='lat' dir='ltr'><strong>usque</strong></span> <span class='ocrx_word' id='word_1_157' title='bbox 1147 3827 1235 3898; x_wconf 85' lang='lat' dir='ltr'><strong>adeo</strong></span> 
     </span>
     <span class='ocr_line' id='line_1_24' title="bbox 162 3944 1234 4040; baseline 0.004 -25"><span class='ocrx_word' id='word_1_158' title='bbox 162 3965 228 4016; x_wconf 90' lang='lat' dir='ltr'><strong>vos</strong></span> <span class='ocrx_word' id='word_1_159' title='bbox 254 3944 413 4031; x_wconf 86' lang='lat' dir='ltr'><strong>illustrat,</strong></span> <span class='ocrx_word' id='word_1_160' title='bbox 440 3958 478 4018; x_wconf 92' lang='lat' dir='ltr'><strong>nt</strong></span> <span class='ocrx_word' id='word_1_161' title='bbox 507 3947 540 4017; x_wconf 89' lang='lat' dir='ltr'><strong>in</strong></span> <span class='ocrx_word' id='word_1_162' title='bbox 566 3946 702 4020; x_wconf 88' lang='lat' dir='ltr'><strong>duabus</strong></span> <span class='ocrx_word' id='word_1_163' title='bbox 733 3948 877 4019; x_wconf 89' lang='lat' dir='ltr'><strong>urbibus</strong></span> <span class='ocrx_word' id='word_1_164' title='bbox 910 3959 979 4018; x_wconf 87' lang='lat' dir='ltr'><strong>tam</strong></span> <span class='ocrx_word' id='word_1_165' title='bbox 1013 3949 1162 4040; x_wconf 76' lang='lat' dir='ltr'><strong>magniS,</strong></span> <span class='ocrx_word' id='word_1_166' title='bbox 1194 3971 1234 4019; x_wconf 87' lang='lat' dir='ltr'><strong>ac</strong></span> 
     </span>
     <span class='ocr_line' id='line_1_25' title="bbox 165 4067 1231 4165; baseline 0 -25"><span class='ocrx_word' id='word_1_167' title='bbox 165 4067 305 4141; x_wconf 87' lang='lat' dir='ltr'><strong>duobus</strong></span> <span class='ocrx_word' id='word_1_168' title='bbox 333 4070 368 4139; x_wconf 92' lang='lat' dir='ltr'><strong>in</strong></span> <span class='ocrx_word' id='word_1_169' title='bbox 386 4070 536 4165; x_wconf 76' lang='lat' dir='ltr'><strong>populiS,</strong></span> <span class='ocrx_word' id='word_1_170' title='bbox 564 4068 633 4141; x_wconf 92' lang='lat' dir='ltr'><strong>duo</strong></span> <span class='ocrx_word' id='word_1_171' title='bbox 656 4072 752 4142; x_wconf 86' lang='lat' dir='ltr'><strong>velut</strong></span> <span class='ocrx_word' id='word_1_172' title='bbox 769 4071 895 4141; x_wconf 84' lang='lat' dir='ltr'><strong>eximia</strong></span> <span class='ocrx_word' id='word_1_173' title='bbox 918 4069 1031 4141; x_wconf 86' lang='lat' dir='ltr'><strong>sidera</strong></span> <span class='ocrx_word' id='word_1_174' title='bbox 1060 4073 1231 4165; x_wconf 81' lang='lat' dir='ltr'><strong>fulgeatis.</strong></span> 
     </span>
     <span class='ocr_line' id='line_1_26' title="bbox 167 4192 1235 4287; baseline 0.003 -24"><span class='ocrx_word' id='word_1_175' title='bbox 167 4192 219 4265; x_wconf 90' lang='lat' dir='ltr'><strong>Nil</strong></span> <span class='ocrx_word' id='word_1_176' title='bbox 239 4194 353 4286; x_wconf 80' lang='lat' dir='ltr'><strong>magis</strong></span> <span class='ocrx_word' id='word_1_177' title='bbox 374 4203 467 4275; x_wconf 82' lang='lat' dir='ltr'><strong>certe</strong></span> <span class='ocrx_word' id='word_1_178' title='bbox 482 4215 586 4287; x_wconf 85' lang='lat' dir='ltr'><strong>quam</strong></span> <span class='ocrx_word' id='word_1_179' title='bbox 609 4215 706 4265; x_wconf 83' lang='lat' dir='ltr'><strong>amor</strong></span> <span class='ocrx_word' id='word_1_180' title='bbox 726 4192 911 4286; x_wconf 79' lang='lat' dir='ltr'><strong>ignobilem</strong></span> <span class='ocrx_word' id='word_1_181' title='bbox 939 4193 1090 4266; x_wconf 89' lang='lat' dir='ltr'><strong>animum</strong></span> <span class='ocrx_word' id='word_1_182' title='bbox 1121 4217 1235 4268; x_wconf 86' lang='lat' dir='ltr'><strong>sceer-</strong></span> 
     </span>
     <span class='ocr_line' id='line_1_27' title="bbox 166 4315 1235 4409; baseline 0.001 -22"><span class='ocrx_word' id='word_1_183' title='bbox 166 4317 254 4389; x_wconf 87' lang='lat' dir='ltr'><strong>nita</strong></span> <span class='ocrx_word' id='word_1_184' title='bbox 274 4315 389 4389; x_wconf 91' lang='lat' dir='ltr'><strong>nobili.</strong></span> <span class='ocrx_word' id='word_1_185' title='bbox 410 4317 508 4389; x_wconf 89' lang='lat' dir='ltr'><strong>lllum</strong></span> <span class='ocrx_word' id='word_1_186' title='bbox 527 4316 632 4409; x_wconf 80' lang='lat' dir='ltr'><strong>igitur</strong></span> <span class='ocrx_word' id='word_1_187' title='bbox 651 4316 765 4389; x_wconf 84' lang='lat' dir='ltr'><strong>audite</strong></span> <span class='ocrx_word' id='word_1_188' title='bbox 784 4317 864 4389; x_wconf 86' lang='lat' dir='ltr'><strong>talia</strong></span> <span class='ocrx_word' id='word_1_189' title='bbox 880 4316 995 4390; x_wconf 90' lang='lat' dir='ltr'><strong>visum</strong></span> <span class='ocrx_word' id='word_1_190' title='bbox 1017 4319 1158 4391; x_wconf 85' lang='lat' dir='ltr'><strong>assidue</strong></span> <span class='ocrx_word' id='word_1_191' title='bbox 1174 4340 1235 4388; x_wconf 93' lang='lat' dir='ltr'><strong>ve-</strong></span> 
     </span>
     <span class='ocr_line' id='line_1_28' title="bbox 166 4437 1232 4534; baseline -0.003 -23"><span class='ocrx_word' id='word_1_192' title='bbox 166 4437 251 4511; x_wconf 89' lang='lat' dir='ltr'><strong>stris</strong></span> <span class='ocrx_word' id='word_1_193' title='bbox 278 4440 404 4514; x_wconf 87' lang='lat' dir='ltr'><strong>animis</strong></span> <span class='ocrx_word' id='word_1_194' title='bbox 434 4440 668 4534; x_wconf 86' lang='lat' dir='ltr'><strong>inspirantem.</strong></span> <span class='ocrx_word' id='word_1_195' title='bbox 704 4470 719 4506; x_wconf 75' lang='lat' dir='ltr'><strong>a</strong></span> <span class='ocrx_word' id='word_1_196' title='bbox 743 4438 819 4522; x_wconf 83' lang='lat' dir='ltr'><strong>Quo</strong></span> <span class='ocrx_word' id='word_1_197' title='bbox 849 4438 883 4510; x_wconf 89' lang='lat' dir='ltr'><strong>in</strong></span> <span class='ocrx_word' id='word_1_198' title='bbox 915 4440 1091 4513; x_wconf 90' lang='lat' dir='ltr'><strong>diversum</strong></span> <span class='ocrx_word' id='word_1_199' title='bbox 1121 4440 1232 4517; x_wconf 79' lang='lat' dir='ltr'><strong>abilis,</strong></span> 
     </span>
    </p>
   </div>
   <div class='ocr_carea' id='block_1_6' title="bbox 0 0 1381 5062">
    <p class='ocr_par' dir='ltr' id='par_1_7' title="bbox 0 0 1381 5062">
     <span class='ocr_line' id='line_1_29' title="bbox 0 0 1381 5062; baseline 0 0"><span class='ocrx_word' id='word_1_200' title='bbox 0 0 1381 5062; x_wconf 95' lang='lat' dir='ltr'><strong> </strong></span> 
     </span>
    </p>
   </div>
  </div>
 </body>
</html>
