2738 5062
211 672 271 731 tls
556 684 595 730 un
617 683 717 732 annus
738 682 960 732 annullamus

208 821 338 892 culosae
359 817 530 889 hirudinis
547 818 581 886 in
599 837 732 888 morem
752 837 939 909 nequeam,
961 816 1028 886 nisi
1050 818 1169 910 plenos
1192 818 1293 889 avel-

209 943 292 1011 lere:
313 939 360 1010 ita
382 960 477 1034 saepe
498 938 582 1009 milri
602 938 681 1010 dies
706 937 906 1033 impransus
927 938 1203 1033 praeterlabitur,
1227 959 1300 1009 nox

208 1063 387 1135 insomnis.
414 1064 452 1134 ln
478 1083 548 1155 quo
573 1060 714 1154 quidem
741 1060 956 1133 delectationi
987 1082 1075 1132 meae
1094 1082 1198 1152 quarn
1222 1062 1295 1132 iam

208 1186 280 1256 lere
305 1186 456 1268 unicam,
484 1206 548 1256 nee
574 1186 639 1255 nisi
664 1206 710 1255 ex
738 1185 926 1256 litterarum
948 1184 1094 1256 lectione
1115 1183 1290 1280 percipio,

207 1318 373 1399 quiantum
404 1307 469 1378 hac
503 1318 561 1377 tua
594 1306 796 1378 liberalitate
830 1307 875 1377 sit
907 1305 1077 1389 additum,
1100 1329 1170 1379 non
1191 1307 1294 1378 facilc

206 1432 336 1521 vulgus
357 1429 547 1512 existimet,
566 1429 622 1501 cui
639 1439 740 1503 extra
759 1450 944 1524 corporeos
966 1450 1093 1500 sensus
1115 1431 1210 1501 nulla
1227 1448 1296 1503 vo-

207 1554 319 1645 luptas
335 1560 404 1623 est:
423 1562 460 1623 tu
475 1573 559 1626 vero
573 1551 749 1646 perfacile,
772 1572 885 1644 nequa
903 1550 1075 1623 mirabere
1092 1550 1169 1622 libri
1184 1549 1293 1622 huius

205 1674 394 1746 adventum
412 1695 468 1745 me
488 1674 645 1746 sitienter
663 1685 767 1766 atquc
786 1673 891 1746 anxia
911 1681 1130 1765 expectasse.
1153 1670 1230 1745 Scis
1249 1683 1289 1744 ut

204 1794 383 1890 cupiditati
403 1797 507 1887 longa
527 1794 697 1879 brevitas,
719 1795 890 1868 festinatio
911 1796 1011 1867 tarda
1036 1801 1102 1867 est.
1130 1794 1232 1878 Quod
1259 1795 1290 1866 si

205 1916 297 2008 apud
316 1917 490 1989 Nasonem
511 1917 661 1993 amantis
680 1916 792 1988 insani
814 1915 961 1988 verbnm
981 1927 1052 1989 est:

326 2095 459 2175 Septima
476 2113 537 2159 nox
554 2098 670 2176 agitur,
688 2098 820 2178 spatium
836 2096 912 2160 milri
929 2096 1050 2176 longius
1066 2113 1145 2201 auno

203 2280 288 2373 quid
312 2281 397 2351 milri
423 2285 540 2354 uisum
563 2293 664 2376 putas
685 2284 740 2354 cui
767 2284 856 2354 inter
875 2284 1149 2379 expectandum,
1177 2297 1215 2356 nt
1237 2306 1285 2357 ex

205 2423 354 2496 persona
373 2402 517 2476 alterius
537 2404 585 2476 ait
602 2404 708 2477 idem:

323 2582 407 2647 Luna
424 2589 531 2662 quater
547 2582 645 2659 latuit,
664 2592 727 2647 toto
745 2592 853 2663 quater
871 2586 945 2648 orbe
962 2587 1116 2650 recrevit?

203 2774 297 2845 Solet
316 2771 462 2843 honesta
479 2771 689 2864 cupientium
711 2770 849 2844 damma
868 2773 1022 2845 serenior
1038 2792 1120 2845 esse
1138 2795 1208 2846 non
1227 2794 1280 2844 sa-

202 2894 311 2987 gnior.
334 2893 500 2964 Consulto
521 2903 637 2965 tamen
657 2901 772 2964 actum
794 2914 887 2977 reor,
909 2915 977 2965 non
999 2894 1140 2988 quidem
1163 2893 1228 2967 abs
1249 2905 1280 2966 te

201 3016 260 3108 qui
288 3015 322 3085 in
347 3015 515 3087 mittendo
536 3016 681 3087 multam
705 3015 959 3087 solicitudinem
981 3016 1151 3102 habuisti,
1173 3040 1194 3089 a
1214 3020 1279 3089 ior·

202 3146 285 3208 tuna
305 3138 433 3231 potius,
450 3147 486 3208 ut
503 3138 578 3230 ipsa
595 3135 715 3209 dilatio
730 3136 907 3210 desiderio
927 3158 1006 3209 meo
1025 3140 1139 3210 calcar
1162 3160 1278 3210 mune-

201 3261 299 3352 rique
319 3269 381 3331 tuo
397 3259 543 3351 gratiam
565 3262 769 3332 cumularet.
790 3262 857 3331 Pro
872 3282 942 3354 quo
960 3259 1021 3333 tibi
1037 3271 1157 3351 grates
1178 3260 1277 3331 meri·

201 3391 255 3451 tas
276 3381 418 3472 agendi,
445 3403 489 3453 ne
510 3385 597 3453 forte
617 3391 720 3477 putes
753 3382 848 3474 quod
880 3382 984 3454 huius
1016 3383 1175 3476 epistolae
1199 3402 1277 3453 con-

203 3510 324 3570 textus
346 3512 407 3572 aut
426 3501 502 3574 dies
524 3523 615 3574 unus
649 3503 789 3575 modum
812 3514 954 3585 statuat,
977 3525 1046 3574 non
1067 3503 1172 3575 ulium
1194 3502 1275 3575 scito

109 3619 113 3626 ’
200 3643 305 3714 quam
327 3623 463 3714 legendi
484 3624 694 3718 vivendique
715 3624 818 3697 finem
849 3626 932 3697 lore.
952 3626 1048 3710 Vale,
1071 3627 1181 3699 nostri
1207 3647 1275 3697 me

201 3765 286 3814 mor.
