2738 5062
351 616 444 666 arnan
464 616 959 671 necruusrsnrrns.-smsronn
982 622 1010 669 r.
1162 608 1221 670 tall

143 750 263 823 videri.
287 749 424 823 Habere
441 761 558 824 antem
580 774 635 824 me
655 775 747 825 nunc
767 754 852 827 satis
872 757 996 838 multa,
1016 756 1106 829 illico
1122 757 1222 830 delu-

143 885 217 945 tura
235 872 267 943 si
284 873 463 969 cupiditati
480 873 594 946 aditus
611 875 839 970 panderetur;
858 880 1084 951 necessitates
1101 902 1223 951 curas-

140 1018 207 1091 que
220 995 470 1088 gravissimas,
488 1018 566 1068 cum
581 995 713 1069 divitiis
727 997 917 1073 subituras:
932 1013 1108 1095 postremo
1121 1024 1222 1075 orare

139 1130 175 1192 cl
186 1117 370 1202 obtestari,
394 1128 433 1189 ut
452 1140 507 1190 me
526 1129 677 1212 emptum
703 1121 785 1193 vitae
808 1145 949 1194 cursum
972 1125 1125 1198 sinerent
1144 1147 1222 1197 meo

139 1266 239 1318 more
259 1264 443 1338 peragere,
473 1265 564 1314 neve
595 1244 838 1317 offendiculum
859 1247 1007 1339 pedibus
1039 1248 1126 1320 mois
1153 1248 1219 1320 iam

139 1365 247 1439 sessis
266 1374 304 1435 et
324 1374 450 1435 metam
482 1365 716 1458 spectantibus
741 1364 944 1438 obiicerem:
971 1382 1150 1462 parcerent
1174 1372 1223 1440 ln·

141 1486 233 1570 bori,
250 1496 432 1580 parcerent
448 1485 587 1580 pudori,
601 1509 659 1571 ne,
679 1490 767 1561 male
784 1490 925 1561 mutatis
943 1490 1082 1575 studiis,
1101 1490 1221 1563 lierem

142 1609 264 1681 senilis
284 1608 442 1681 avaritiae
458 1613 703 1703 spectaculum,
718 1621 754 1681 et
766 1609 893 1703 quibus
906 1613 1089 1684 comitibus
1103 1617 1219 1685 laetam

141 1754 183 1805 ac
201 1730 347 1803 liberam
365 1731 578 1803 iuventutem
595 1730 757 1824 egissem,
777 1733 977 1805 auctoribus
997 1737 1131 1806 tristem
1150 1757 1223 1807 ser-

143 1874 297 1947 vamque
321 1860 533 1926 senectutem
560 1876 665 1947 agere
689 1864 830 1927 coactus
857 1855 1052 1952 inciperem.
1075 1858 1219 1931 Frustra

143 1998 382 2072 supervacuos
415 1977 552 2050 labores
585 1977 812 2070 laborumque
832 2000 959 2052 causas
985 1989 1079 2051 tanto
1106 1978 1222 2052 studio

142 2099 273 2194 qnaeri:
291 2121 374 2171 esse
390 2100 442 2171 eis
459 2112 493 2172 et
511 2100 595 2171 mihi
609 2100 764 2193 requiem
779 2101 812 2171 in
827 2101 974 2174 loribus:
993 2102 1106 2195 ipsum
1128 2103 1220 2176 diem

141 2223 203 2317 qui
222 2244 286 2295 eos
307 2232 376 2296 tam
398 2222 561 2295 sollicitos
584 2221 740 2308 haberet,
761 2246 843 2297 esse
862 2227 978 2297 forsan
998 2236 1217 2299 extromum:

144 2344 189 2419 ab
207 2356 368 2418 extremo
386 2357 480 2418 certe
507 2367 573 2417 non
601 2367 728 2438 magno
751 2348 861 2441 spatio
893 2348 1038 2421 distare:
1059 2351 1222 2423 festinare

143 2468 236 2539 illam
256 2488 338 2560 quae
357 2467 461 2539 linem
478 2468 571 2540 curis
592 2468 769 2540 bominum
797 2481 833 2542 et
858 2471 1018 2545 inanibus
1044 2474 1137 2544 votis
1158 2473 1223 2544 im-

144 2600 299 2685 poneret.
322 2590 461 2662 Talibus
495 2590 641 2682 agebam
676 2612 770 2685 saepe
803 2591 997 2682 indignans,
1021 2615 1116 2687 saepe
1138 2587 1222 2667 'vero

143 2714 304 2787 llebilitcr
317 2722 353 2785 et
366 2735 471 2807 prope
487 2736 566 2786 cum
581 2715 742 2786 lacrimis.
760 2714 886 2784 Contra
902 2724 1018 2786 aulem
1032 2717 1221 2786 amicorum

143 2833 317 2908 obstinata
351 2836 457 2920 acies,
494 2845 532 2906 et
567 2834 710 2907 consilia
741 2856 933 2928 precesque
967 2838 1150 2906 multorum
1187 2845 1223 2906 ot

143 2958 259 3053 opinio
279 2958 375 3051 vulgi
394 2960 496 3030 terris
518 2979 655 3053 semper
680 2956 796 3027 affixa.
821 2957 995 3028 Veneram
1024 2958 1153 3031 interea
1177 2957 1222 3030 ad

144 3080 235 3154 illius
256 3082 362 3178 pedes
383 3081 442 3174 qui
463 3081 573 3173 digito
588 3081 714 3153 coelnm
732 3078 867 3175 pandit,
885 3090 1106 3174 attemperat
1126 3089 1222 3152 astra

145 3206 274 3295 galero.
297 3206 330 3276 ls
354 3204 518 3299 equidem
540 3204 694 3276 adventu
722 3224 800 3276 meo
829 3206 938 3276 laetari
962 3202 1083 3290 visus,
1114 3205 1221 3277 multa

144 3325 234 3398 dixit
251 3325 380 3419 quibus
399 3327 483 3398 satis
500 3338 644 3422 apparet
663 3349 731 3398 non
752 3325 899 3398 libertati
919 3348 1009 3399 meae
1029 3328 1137 3412 illum,
1160 3328 1222 3401 sed

144 3449 295 3544 opinioni
314 3449 468 3521 omnium
489 3451 615 3521 lavere.
642 3450 734 3534 Quid
760 3462 792 3522 ta
817 3454 955 3523 moror?
975 3451 1072 3523 Unus
1097 3451 1224 3524 adver-

147 3592 206 3645 sus
225 3575 354 3644 multos
373 3581 409 3643 et
426 3572 621 3667 pertinaces
638 3583 674 3644 el
690 3574 841 3647 disertos
860 3597 981 3669 parum
1004 3584 1173 3668 poteram,
1189 3589 1225 3649 et

146 3692 213 3767 iam
233 3714 336 3788 paene
354 3694 471 3767 victus
492 3706 713 3790 moeslnsque
738 3696 805 3768 sub
830 3698 949 3789 iugum
971 3697 1074 3769 ibam.
1100 3697 1223 3770 Attulit

145 3816 227 3888 mibi
247 3816 369 3888 melior
385 3821 521 3890 lortuna
537 3819 740 3892 remedium.
759 3819 954 3891 AEstimatio
972 3819 1131 3911 quaedam
1155 3842 1221 3893 non

143 3940 331 4013 mediocris
350 3939 492 4034 eloquii,
516 3941 580 4013 sed
608 3943 715 4013 mullo
742 3944 895 4014 maxime
921 3943 1044 4013 silentii
1074 3942 1223 4038 fideique

140 4085 233 4137 meae
260 4062 395 4133 animos
419 4073 659 4158 occupaverat.
682 4064 793 4148 Quam
818 4087 917 4147 vern,
947 4064 1098 4137 viderint
1121 4069 1224 4139 iamae

142 4188 223 4260 talis
241 4196 413 4258 auctores.
431 4185 575 4258 Arcanis
593 4185 709 4278 itaque
726 4187 868 4258 maximi
886 4186 1059 4283 pontilicis
1078 4189 1224 4262 idoneus

140 4312 248 4383 visus
268 4331 380 4392 cram,
402 4310 507 4403 inque
527 4310 593 4382 hoc
615 4311 727 4404 ipsum
749 4320 930 4396 evocatus,
954 4335 1061 4384 unum
1084 4311 1224 4383 obstare

141 4433 342 4517 dicebatur,
364 4431 458 4525 quod
476 4431 556 4502 mihi
575 4433 673 4506 altior
695 4431 794 4504 stilus
810 4445 919 4519 esset,
938 4457 1041 4527 quam
1073 4453 1224 4504 romanae
