2738 5062
171 650 235 711 tto
514 666 554 713 nu
576 664 677 714 nunus
699 662 919 713 rnnrnnnrnus

174 796 304 869 homini
322 796 493 879 accidere,
516 817 584 866 non
608 796 719 866 solum
742 795 776 864 in
799 793 875 865 istis
897 792 1000 885 vagis
1020 813 1063 864 uc
1084 796 1274 887 profugis,

174 930 212 991 ut
231 920 339 1002 aiunt,
363 921 510 990 fortunae
531 918 644 999 bonis;
673 917 735 989 sed
768 918 802 987 in
833 918 918 1011 ipsis
948 918 1053 988 etium
1090 918 1273 991 membris

174 1042 247 1112 suis
268 1062 308 1111 ae
329 1061 489 1122 suorum,
512 1039 661 1131 deniqne
677 1048 713 1107 et
734 1038 769 1107 in
791 1038 911 1110 amicis
928 1051 965 1109 ct
981 1038 1016 1107 in
1034 1039 1161 1131 putria,
1185 1062 1272 1133 quae

172 1164 248 1233 viro
269 1162 360 1232 bono
381 1162 452 1232 vita
472 1162 610 1257 propria
629 1171 684 1231 est
704 1162 828 1243 carior,
851 1160 933 1233 dum
955 1161 1097 1233 animus
1123 1161 1161 1233 in
1193 1173 1271 1237 tuto

172 1284 229 1366 sit,
252 1283 312 1375 qui
334 1295 370 1354 ut
389 1284 517 1354 sanctis
545 1282 830 1377 philosophisque
856 1282 973 1353 visum
1001 1294 1071 1365 est,
1094 1282 1168 1355 nisi
1190 1286 1270 1379 ipse

173 1428 211 1476 se
231 1406 360 1476 laeserit
379 1405 424 1475 ab
445 1407 554 1476 altero
576 1405 653 1475 laedi
675 1405 806 1498 nequit.
829 1405 964 1476 Caeteru
988 1405 1109 1477 omniu
1131 1429 1269 1500 magno

140 1564 145 1587 ·
172 1528 360 1599 tolleranda
382 1540 462 1599 sunt
482 1526 607 1598 animo.
634 1527 668 1596 Si
690 1527 782 1597 enim
808 1536 844 1597 et
868 1526 1090 1599 fortuitorum
1111 1551 1267 1602 casuum

172 1652 252 1741 luga
271 1652 364 1721 nulla
382 1658 451 1732 est,
473 1658 507 1720 et
526 1652 615 1719 mala
635 1649 712 1720 licet
733 1650 833 1721 laevia
856 1672 916 1742 per
933 1650 1190 1742 impatientiam
1213 1654 1267 1725 in·

172 1783 393 1863 gravescunt,
416 1770 501 1864 quid
530 1771 594 1842 nisi
619 1772 792 1863 patientiae
822 1792 904 1864 spes
935 1774 1008 1843 sola
1031 1772 1267 1865 relinquitur?

172 1896 266 1965 Vale.

600 2269 777 2333 eristum
800 2270 833 2360 r.

226 2448 419 2497 t'ttllrtctsct's
440 2449 609 2497 t‘ETnlltcn
630 2451 760 2500 rtt'tnortl
783 2451 1023 2501 Ancillulacon'o
1045 2454 1210 2505 GENUENSl

650 2554 676 2600 S.
693 2555 726 2601 21¹.
749 2557 778 2603 n.

171 2712 280 2766 Gaudet
294 2730 359 2767 eum
374 2712 409 2766 ad
423 2712 528 2767 sontem
544 2711 647 2782 Sorgia¹
663 2712 765 2782 aliquot
786 2712 884 2768 tliclrus
904 2714 1004 2783 luisse,
1026 2722 1054 2770 cl
1077 2718 1132 2772 loci
1152 2719 1264 2775 arumni-

259 2808 343 2855 tatem
360 2802 489 2855 celebrat.
510 2800 610 2854 Narrat
628 2818 658 2855 sc
677 2800 788 2872 quoqne
807 2802 841 2856 ab
862 2802 930 2857 urbe
949 2804 978 2857 in
993 2804 1089 2859 villam
1102 2807 1261 2873 secessisse,

261 2892 339 2945 errius
353 2891 438 2946 situm
452 2896 686 2962 prospectumque
700 2889 839 2945 describit.
871 2940 894 2983 ·

269 3116 357 3199 Quae
376 3135 457 3206 spes
478 3113 572 3207 quod
591 3116 746 3185 solamen
765 3112 912 3206 publicae
934 3117 1143 3189 calamitatis
1162 3120 1262 3193 undi-

173 3239 232 3307 sti:
265 3249 401 3329 tempus
429 3246 489 3307 est
522 3236 639 3306 stilum
674 3236 717 3307 ad
752 3235 884 3306 laetiora
918 3238 1089 3309 vertendi.
1130 3240 1261 3313 Audivi

172 3358 312 3449 quidem
333 3368 365 3427 tc
385 3359 479 3428 curis
500 3357 704 3449 urgentibus
726 3357 813 3428 urbe
834 3361 1033 3451 profugum,
1049 3384 1133 3433 rura
1149 3374 1264 3435 secta-

174 3480 213 3549 ri.
231 3478 353 3547 Laudo
381 3500 510 3549 morem
542 3481 635 3550 hunc
666 3480 775 3551 verbo
796 3482 969 3564 continue,
994 3506 1032 3554 re
1053 3485 1146 3556 dnm
1168 3486 1264 3577 licet

174 3600 236 3673 sed
249 3599 294 3671 de
310 3601 573 3690 occupationum
596 3601 806 3672 urbanarum
827 3605 1016 3698 suppliciis,
1039 3607 1160 3699 deque
1182 3610 1266 3682 soli·

176 3724 259 3796 taria
276 3720 391 3813 quiete
409 3719 512 3790 latius
531 3722 715 3813 aliquando
733 3722 900 3808 disserui,
920 3737 955 3798 ut
973 3750 1028 3798 res
1045 3738 1114 3812 cst,
1131 3730 1178 3802 de
1190 3754 1262 3824 quc

173 3849 239 3918 etsi
263 3847 369 3917 multa
390 3866 484 3938 sarpc
497 3844 663 3928 dixerim,
680 3848 787 3918 multa
799 3847 927 3932 dicam,
944 3850 1047 3922 sidia
1062 3852 1266 3925 vivercda-

176 3980 248 4040 tum
270 3978 335 4042 cst.
357 3971 498 4062 Loquor
517 3980 553 4040 ut
576 3970 716 4061 vulgus:
741 3992 825 4041 vere
846 3973 937 4041 eninr
960 3973 994 4042 in
1010 3973 1118 4044 rebus
1136 3974 1267 4049 huma-

176 4092 229 4161 nis
250 4094 334 4163 nihil
366 4104 421 4165 est
453 4092 528 4175 diu,
565 4113 632 4163 non
663 4093 776 4163 dicam
811 4094 996 4185 gaudium,
1021 4118 1082 4166 seu
1111 4097 1267 4189 fugitiva

176 4215 403 4306 prosperitas,
427 4214 487 4285 scd
511 4238 574 4285 nce
595 4214 695 4286 dolor
713 4216 801 4308 ipse,
823 4237 886 4286 noc
907 4218 1059 4306 gemitus
1079 4218 1141 4310 qui
1164 4220 1268 4292 nobi-

177 4358 273 4408 scum
290 4346 326 4406 et
347 4336 511 4429 incipiunt
543 4348 578 4407 et.
610 4336 786 4407 desinunt.
810 4338 980 4409 Caeterum
1003 4340 1089 4432 quid
1112 4342 1200 4413 milri
1230 4343 1266 4416 in

177 4459 229 4527 iris
252 4458 473 4550 quantislibet
492 4458 575 4528 vitae
593 4459 747 4530 mortalis
766 4460 938 4550 angustiis
952 4462 1082 4555 saepins
1102 4478 1269 4557 repeten-
