2738 5062
144 643 204 706 sto
481 653 522 701 nn
543 651 644 700 nonus
663 650 884 700 mmtmmnus

144 792 286 886 quaeris,
315 811 372 862 res
397 789 583 885 praedulcis
604 798 661 861 est
683 799 806 881 gustu;
833 789 896 861 sed
920 808 1002 881 quae
1031 786 1213 860 admodum

144 913 231 985 raris
250 909 529 1007 apprehendatur
546 910 704 1002 ingeniis,
718 922 753 982 et
769 909 1014 983 incuriositatis
1026 909 1213 1003 eximiique

143 1044 360 1128 contemptus
380 1055 495 1103 rerum
513 1033 677 1116 omnium,
695 1043 730 1104 et
748 1035 873 1106 elevati
891 1031 1126 1126 abstractique
1145 1033 1219 1103 ani-

144 1160 199 1245 mi,
213 1169 248 1230 et
261 1168 394 1230 naturae
410 1179 519 1248 egens
538 1179 680 1250 prorsus
698 1157 843 1230 idoneae.
863 1159 983 1249 ltaque
998 1156 1095 1250 quod
1111 1176 1219 1250 expe-
1263 1218 1266 1223 .

144 1282 291 1352 rimento
318 1279 479 1350 simulet
506 1278 784 1350 doctissimorum
811 1278 990 1350 bominum
1015 1277 1219 1350 auctoritato

143 1413 357 1498 compertum
374 1410 438 1487 est,
457 1402 492 1470 in
509 1401 602 1471 nulla
620 1400 745 1471 artium
765 1401 879 1472 minus
897 1400 1012 1473 studio
1029 1399 1219 1494 proficitur.

143 1526 229 1597 Hinc
246 1525 434 1597 iucundum
452 1528 538 1597 forte
556 1524 625 1609 tibi,
644 1523 728 1594 mihi
746 1545 831 1596 vero
853 1523 1078 1608 rancidulum,
1097 1546 1221 1598 omnes

143 1650 178 1718 in
193 1646 303 1719 triviis
316 1657 447 1740 poetas,
462 1647 498 1716 in
515 1646 678 1718 Helieone
694 1668 799 1740 prope
817 1648 948 1718 nullum
967 1646 1104 1728 videas,
1122 1645 1218 1740 quod

141 1770 272 1843 Pierios
296 1773 395 1842 savos
421 1769 567 1841 summis
593 1767 707 1841 cuncti
734 1767 833 1840 labiis
860 1768 1063 1860 degustant,
1089 1768 1219 1862 digerit

143 1916 255 1967 nemo.
277 1895 411 1978 Quanta
429 1903 554 1976 nutem,
576 1914 637 1965 oro
657 1903 700 1977 te,
722 1900 882 1984 olquam
902 1913 1039 1963 nmoena
1059 1912 1119 1963 res
1138 1912 1221 1964 esse

141 2026 257 2111 potest
277 2017 370 2087 veris
396 2016 669 2108 possessoribus,
699 2035 780 2109 quae
806 2013 1017 2086 somniantes
1044 2014 1135 2087 adeo
1159 2014 1221 2087 de-

142 2146 257 2222 lectat,
281 2149 318 2209 ut
338 2151 523 2231 occupatos
544 2138 623 2210 licet
642 2157 840 2231 avarosque
860 2139 1043 2231 compellat
1061 2138 1224 2230 negotio·

141 2283 218 2331 rum
239 2269 274 2331 et
295 2262 450 2352 pecuniae
471 2259 636 2342 oblivisci,
655 2261 745 2332 inter
761 2270 811 2332 tot
828 2259 997 2331 vanitates
1014 2259 1083 2331 aevi
1107 2259 1219 2333 nostri

141 2391 343 2474 tantumque
374 2391 511 2475 tempus
540 2381 736 2476 perditum?
760 2384 872 2454 Unum
900 2382 1069 2477 estquod
1097 2385 1228 2477 patriae

142 2504 308 2594 gratuler,
330 2503 385 2574 cui
405 2502 495 2574 inter
514 2503 633 2573 infelix
652 2503 769 2575 lolium
789 2515 826 2575 et
846 2505 981 2576 steriles
997 2526 1133 2578 avenas
1149 2515 1227 2579 toto

141 2626 225 2698 orbe
248 2625 392 2698 diffusas
409 2625 539 2720 aliquot
559 2626 722 2697 iuvenum
744 2627 882 2718 ingenia
902 2625 1052 2699 feliciora
1072 2649 1227 2700 consur-

143 2760 238 2840 gunt,
249 2749 316 2819 nisi
328 2769 486 2820 meamor
496 2749 587 2834 lallit,
596 2771 664 2821 non
673 2749 820 2821 inaniter
829 2752 955 2821 sontem
968 2751 1223 2842 poturaCasta·
1247 2826 1254 2835 ,

141 2870 1218 2965 lium.TibiquoquedilectaMusisMantna.tibiPataviumtibi

143 2995 290 3080 Verona,
311 2993 371 3065 tibi
388 2993 636 3100 Cimbriaxlsir),
656 2993 716 3065 tibi
736 2997 855 3067 Sulmo
875 3017 974 3066 meus
992 2999 1165 3087 gratulor,
1186 3007 1217 3070 ct

143 3118 205 3191 tibi
226 3119 351 3190 domus
372 3118 535 3189 Maronea
553 3118 777 3212 Parthenope,
796 3118 879 3191 dum
901 3118 981 3189 alibi
1003 3122 1213 3213 poetantium

142 3263 254 3312 novos
281 3262 408 3332 greges
441 3240 580 3312 incertis
613 3241 808 3313 tramitibus
841 3244 908 3314 late
936 3264 1050 3336 vagos
1081 3266 1215 3338 semper

143 3363 259 3434 aridos
274 3362 500 3456 sitientesque
512 3365 697 3456 conspicio.
711 3364 786 3448 Qua
804 3365 839 3435 in
856 3386 902 3450 re,
922 3375 960 3436 nt
975 3366 1063 3448 dixi,
1085 3367 1216 3440 mordet

143 3486 294 3558 animum
322 3486 545 3569 conscicntia,
575 3488 675 3580 quasi
699 3509 826 3579 magna
850 3510 897 3559 ex
921 3498 1020 3584 parte
1038 3511 1132 3561 unus
1152 3511 1215 3582 ego

142 3607 198 3680 his
222 3607 382 3679 omnibus
407 3605 642 3679 deliramentis
663 3610 825 3680 alimenta
850 3609 1075 3704 praebuerim,
1099 3633 1216 3683 exem·

143 3733 269 3825 ploque
299 3729 487 3814 nocuerim,
519 3730 614 3822 quod
638 3752 707 3802 non
732 3731 890 3803 ultimum
918 3732 1066 3804 nocendi
1092 3754 1216 3826 genus

143 3872 338 3944 vereorque
353 3873 398 3922 ne
415 3852 556 3923 frondes
573 3853 640 3923 illae
656 3873 744 3924 meae
756 3852 949 3926 immaturis
963 3857 1094 3928 lanreae
1111 3857 1216 3930 ramis

143 3973 300 4067 cupidius
326 3973 514 4068 decerptae,
539 3975 699 4066 quamvis
726 3974 793 4046 diei
814 3978 947 4048 soleant
974 3978 1108 4049 somnia
1134 3998 1217 4050 vera

143 4096 255 4168 faeere
287 4097 385 4182 mihi,
421 4107 537 4169 tamen
569 4107 604 4169 et
623 4097 739 4170 multis
766 4099 851 4169 lalsa
881 4098 1023 4170 iecerint
1047 4097 1217 4170 insomnia

143 4229 179 4291 et
197 4230 297 4292 nocte
314 4219 479 4291 concubia
500 4242 562 4314 per
578 4232 781 4293 autumnum
798 4220 962 4293 eburneis
979 4221 1110 4293 emissa
1130 4219 1216 4292 limi·

144 4340 260 4413 nibus,
282 4342 350 4412 Sed
370 4342 459 4413 benc
480 4342 604 4413 habet:
631 4343 705 4436 ipse
731 4344 931 4415 criminibus
954 4343 1041 4415 meis
1063 4347 1213 4437 plector:

146 4487 225 4536 nam
245 4474 281 4536 et
301 4464 392 4535 domi
414 4476 534 4548 aesluo,
555 4477 590 4536 et
606 4467 668 4539 vix
689 4466 756 4537 iam
777 4468 811 4552 in
832 4467 1007 4562 publicum
1029 4467 1128 4538 exire
1153 4488 1212 4539 au·
