2738 5062
425 673 517 722 tutan
539 672 686 723 DECIMUS.
699 672 902 723 —ttl‘tsrottt
923 675 966 723 lll.
1193 664 1229 724 fil

153 814 345 905 ingressus,
365 808 531 900 angelicis
557 806 700 881 assidue
724 809 904 903 colloquiis
930 811 1124 882 recrearis?
1148 812 1230 883 felix

149 933 254 1008 animi
267 933 533 1024 fortunatusque
545 930 721 1026 propositi,
740 929 799 1024 qui
813 932 981 1004 mundum
996 941 1065 1003 tam
1079 935 1231 1006 maxime

148 1054 383 1128 blandientem
409 1056 525 1127 medio
554 1054 668 1125 zelatis
700 1054 784 1126 flore
811 1053 861 1124 sic
886 1074 1049 1147 spernere
1074 1055 1228 1147 potuisti,

148 1179 309 1272 interque
330 1176 491 1248 Sirenum
512 1197 620 1249 uoces
639 1173 818 1248 obstructa
839 1184 934 1246 tutus
960 1197 1045 1247 aure
1068 1177 1228 1247 transire.

146 1303 237 1374 Dum
256 1322 324 1392 ego
345 1310 380 1370 tc
400 1300 569 1393 alloquor,
598 1299 674 1391 ipsc
699 1320 756 1370 rcs
783 1318 880 1370 mons
906 1319 987 1390 ago,
1011 1299 1040 1370 si
1062 1302 1148 1371 forte
1174 1303 1230 1371 vel

148 1422 200 1496 sic
221 1443 323 1495 sacro
343 1422 460 1496 ardori
480 1433 552 1506 tuo,
574 1422 762 1495 admodum
788 1432 929 1515 torpens
953 1431 988 1492 ot
1010 1424 1113 1515 longo
1134 1427 1231 1516 gela-

150 1554 223 1617 tum
246 1545 316 1618 situ
342 1547 581 1640 pectusculum
608 1568 723 1618 meum
749 1546 986 1618 incalesceret.
1013 1545 1087 1617 Tibi
1113 1557 1229 1618 autem

146 1668 281 1740 clamor
299 1691 416 1754 meus,
439 1677 477 1739 ut
494 1668 636 1740 minime
652 1667 758 1752 utilis,
782 1667 833 1757 sic
852 1668 992 1740 minime
1012 1669 1230 1763 importunus

147 1812 229 1864 esse
246 1788 397 1889 debebit.
417 1790 539 1884 Neque
558 1789 650 1862 enim
670 1790 744 1875 tiro,
766 1799 805 1862 ut
822 1790 913 1874 olim,
936 1790 998 1862 scd
1015 1790 1144 1863 Christi
1162 1792 1228 1863 iam

148 1913 250 1986 miles
270 1935 325 2000 es,
344 1915 447 2006 longa
466 1913 588 1985 militia
613 1913 792 2007 probatus.
813 1912 949 1983 Gratias
970 1914 1031 1997 illi,
1054 1914 1114 2007 qui
1135 1922 1230 1985 tanto

148 2036 282 2108 bonore
303 2035 482 2127 dignatus,
509 2044 557 2119 et,
585 2044 624 2105 ut
649 2054 744 2127 saepe
763 2033 864 2119 alias,
885 2056 932 2106 ex
953 2035 1094 2125 agmine
1115 2035 1230 2106 medio

147 2156 376 2229 adversarum
394 2156 544 2253 partium
562 2155 735 2248 insignem
754 2159 970 2249 transfugam
984 2157 1030 2229 ad
1048 2178 1111 2230 sua
1130 2158 1229 2250 sigua

147 2279 328 2352 convertit.
348 2280 448 2352 Prius
469 2301 556 2372 ergo
576 2278 725 2352 verebar
750 2280 1016 2377 intempestivas
1037 2282 1097 2354 tibi
1122 2304 1229 2354 voces

149 2400 319 2493 ingerere,
340 2400 505 2495 deinceps
532 2422 679 2472 securus
700 2408 733 2473 te
759 2422 920 2474 securum
949 2403 1023 2497 ipse
1047 2405 1226 2496 compello.

148 2522 395 2617 incipientibus
429 2522 651 2596 formidolosa
676 2532 759 2596 sunt
783 2524 914 2596 omnia:
941 2546 1022 2619 quae
1049 2526 1228 2597 timuimus

144 2643 257 2740 pueri,
284 2644 522 2718 adolescentes
543 2646 695 2718 risimus
729 2646 870 2719 Militem
898 2647 1117 2742 inexpertum
1140 2659 1228 2720 stro-

142 2766 238 2861 pitus
255 2767 370 2840 omnis
388 2769 578 2852 exanimat;
598 2768 745 2841 duratus
765 2769 865 2841 bellis
882 2773 975 2841 nullo
992 2773 1130 2862 fragore
1147 2791 1228 2841 con-

144 2891 285 2963 cutitur:
307 2888 405 2962 rudis
422 2900 527 2963 nauta
544 2892 655 2984 primo
672 2900 856 2962 ventomm
872 2912 1048 2963 murmure
1061 2899 1226 2975 temetum

145 3011 357 3105 gubernator
378 3013 554 3106 antiquus,
587 3011 647 3105 qui
673 3011 800 3082 totiens
826 3012 1043 3082 fatiscentem
1064 3021 1099 3082 ct
1123 3033 1229 3083 exar-

143 3144 273 3208 matam
307 3134 450 3230 puppim
485 3132 649 3230 perduxit
669 3132 704 3202 in
726 3141 875 3226 portum,
910 3154 958 3203 ex
987 3134 1057 3203 alto
1081 3131 1228 3226 despicit

142 3258 270 3333 iratum
290 3279 400 3330 mare.
419 3259 528 3353 Spero
548 3269 665 3329 autem
686 3256 720 3328 in
742 3255 814 3342 illo,
837 3255 896 3348 qui
917 3265 952 3327 te
973 3253 1018 3327 ab
1039 3264 1137 3328 utero
1154 3278 1227 3327 ma-

141 3382 205 3456 tris
231 3392 316 3466 tuae,
343 3382 388 3453 ad
409 3382 474 3453 boc
501 3379 710 3453 laboriosum
736 3391 830 3478 certe
856 3381 919 3454 sed
945 3381 1135 3474 gloriosum
1162 3383 1227 3454 itcr

140 3504 347 3599 assumpsit,
370 3513 409 3575 ut
433 3504 636 3597 pervarias
661 3502 880 3577 difficultates
908 3515 1002 3577 tutus
1023 3505 1058 3576 in
1078 3505 1225 3598 patriam

142 3626 364 3721 pervenires:
383 3627 478 3720 quod
491 3627 583 3698 nulla
601 3636 636 3698 te
649 3624 797 3722 amplius
811 3648 926 3699 rerum
941 3627 1046 3700 facies
1062 3626 1223 3711 movebit,

143 3768 211 3818 non
240 3750 368 3833 luctus
396 3772 465 3821 non
490 3768 601 3834 curae,
624 3770 692 3820 non
714 3748 838 3833 morbi,
859 3770 929 3820 non
956 3758 1133 3832 senectus,
1156 3769 1225 3819 non

143 3880 272 3961 metus,
296 3894 365 3943 non
382 3873 505 3958 fames,
527 3894 597 3944 non
618 3883 772 3966 egestas,

300 4055 466 4120 terribiles
483 4054 552 4120 visu
569 4055 693 4135 formae,
711 4055 1065 4135 totumquetotumque

139 4259 318 4343 postremo
336 4269 405 4319 non
426 4249 549 4341 ingens

784 4384 894 4447 ianitor
911 4382 980 4448 Orci

303 4486 375 4552 Ossa
395 4504 486 4568 super
504 4488 652 4551 recubans
669 4494 756 4551 antro
773 4504 890 4555 semesa
906 4495 1034 4554 cruento
1043 4514 1051 4564 3
