<?xml version="1.0" encoding="UTF-8"?>
<!DOCTYPE html PUBLIC "-//W3C//DTD XHTML 1.0 Transitional//EN"
    "http://www.w3.org/TR/xhtml1/DTD/xhtml1-transitional.dtd">
<html xmlns="http://www.w3.org/1999/xhtml" xml:lang="en" lang="en">
 <head>
  <title>
</title>
<meta http-equiv="Content-Type" content="text/html;charset=utf-8" />
  <meta name='ocr-system' content='tesseract 3.04.00' />
  <meta name='ocr-capabilities' content='ocr_page ocr_carea ocr_par ocr_line ocrx_word'/>
</head>
<body>
  <div class='ocr_page' id='page_1' title='image "./epistolaederebu02fracgoog_0401.png"; bbox 0 0 2738 5062; ppageno 0'>
   <div class='ocr_carea' id='block_1_1' title="bbox 193 620 937 683">
    <p class='ocr_par' dir='ltr' id='par_1_1' title="bbox 193 620 937 683">
     <span class='ocr_line' id='line_1_1' title="bbox 193 620 937 683; baseline -0.005 0"><span class='ocrx_word' id='word_1_1' title='bbox 193 620 251 683; x_wconf 64' lang='lat'><strong>3¹³2</strong></span> <span class='ocrx_word' id='word_1_2' title='bbox 531 630 572 679; x_wconf 80' lang='lat' dir='ltr'><strong>nr</strong></span> <span class='ocrx_word' id='word_1_3' title='bbox 592 630 693 679; x_wconf 81' lang='lat' dir='ltr'><strong>nsnus</strong></span> <span class='ocrx_word' id='word_1_4' title='bbox 715 630 937 681; x_wconf 81' lang='lat' dir='ltr'><strong>rnunrnnrnus</strong></span> 
     </span>
    </p>
   </div>
   <div class='ocr_carea' id='block_1_2' title="bbox 178 768 1283 4144">
    <p class='ocr_par' dir='ltr' id='par_1_2' title="bbox 178 768 1283 4144">
     <span class='ocr_line' id='line_1_2' title="bbox 192 768 1283 864; baseline 0.005 -23"><span class='ocrx_word' id='word_1_5' title='bbox 192 791 254 842; x_wconf 92' lang='lat' dir='ltr'><strong>rus</strong></span> <span class='ocrx_word' id='word_1_6' title='bbox 272 771 403 853; x_wconf 77' lang='lat' dir='ltr'><strong>nescio·</strong></span> <span class='ocrx_word' id='word_1_7' title='bbox 419 791 621 864; x_wconf 85' lang='lat' dir='ltr'><strong>paucosque</strong></span> <span class='ocrx_word' id='word_1_8' title='bbox 638 770 713 862; x_wconf 88' lang='lat' dir='ltr'><strong>ipse</strong></span> <span class='ocrx_word' id='word_1_9' title='bbox 730 768 814 839; x_wconf 91' lang='lat' dir='ltr'><strong>mihi</strong></span> <span class='ocrx_word' id='word_1_10' title='bbox 834 769 896 839; x_wconf 87' lang='lat' dir='ltr'><strong>vix</strong></span> <span class='ocrx_word' id='word_1_11' title='bbox 910 771 1045 841; x_wconf 83' lang='lat' dir='ltr'><strong>iuratus</strong></span> <span class='ocrx_word' id='word_1_12' title='bbox 1057 770 1143 853; x_wconf 83' lang='lat' dir='ltr'><strong>dies,</strong></span> <span class='ocrx_word' id='word_1_13' title='bbox 1157 772 1283 845; x_wconf 87' lang='lat' dir='ltr'><strong>locum</strong></span> 
     </span>
     <span class='ocr_line' id='line_1_3' title="bbox 191 890 1280 984; baseline 0.003 -19"><span class='ocrx_word' id='word_1_14' title='bbox 191 894 269 965; x_wconf 87' lang='lat' dir='ltr'><strong>adii.</strong></span> <span class='ocrx_word' id='word_1_15' title='bbox 296 893 388 978; x_wconf 84' lang='lat' dir='ltr'><strong>Quid</strong></span> <span class='ocrx_word' id='word_1_16' title='bbox 412 902 578 984; x_wconf 77' lang='lat' dir='ltr'>expectas</span> <span class='ocrx_word' id='word_1_17' title='bbox 604 892 753 964; x_wconf 78' lang='lat' dir='ltr'><strong>audire?</strong></span> <span class='ocrx_word' id='word_1_18' title='bbox 780 890 856 960; x_wconf 90' lang='lat' dir='ltr'><strong>Pias</strong></span> <span class='ocrx_word' id='word_1_19' title='bbox 883 893 997 962; x_wconf 87' lang='lat' dir='ltr'><strong>lratris</strong></span> <span class='ocrx_word' id='word_1_20' title='bbox 1026 893 1205 978; x_wconf 82' lang='lat' dir='ltr'><strong>lacrimas,</strong></span> <span class='ocrx_word' id='word_1_21' title='bbox 1230 916 1280 967; x_wconf 89' lang='lat' dir='ltr'><strong>au</strong></span> 
     </span>
     <span class='ocr_line' id='line_1_4' title="bbox 191 1012 1276 1106; baseline 0.005 -22"><span class='ocrx_word' id='word_1_22' title='bbox 191 1015 258 1085; x_wconf 88' lang='lat' dir='ltr'><strong>illic</strong></span> <span class='ocrx_word' id='word_1_23' title='bbox 290 1016 466 1105; x_wconf 79' lang='lat' dir='ltr'><strong>agentium</strong></span> <span class='ocrx_word' id='word_1_24' title='bbox 494 1013 621 1083; x_wconf 78' lang='lat' dir='ltr'><strong>Christi</strong></span> <span class='ocrx_word' id='word_1_25' title='bbox 649 1034 831 1083; x_wconf 90' lang='lat' dir='ltr'><strong>servorum</strong></span> <span class='ocrx_word' id='word_1_26' title='bbox 858 1012 1007 1082; x_wconf 84' lang='lat' dir='ltr'><strong>humiles</strong></span> <span class='ocrx_word' id='word_1_27' title='bbox 1035 1034 1276 1106; x_wconf 78' lang='lat' dir='ltr'><strong>congressus.</strong></span> 
     </span>
     <span class='ocr_line' id='line_1_5' title="bbox 190 1132 1279 1230; baseline 0.004 -24"><span class='ocrx_word' id='word_1_28' title='bbox 190 1146 346 1206; x_wconf 88' lang='lat' dir='ltr'><strong>sanctam</strong></span> <span class='ocrx_word' id='word_1_29' title='bbox 383 1132 646 1226; x_wconf 76' lang='lat' dir='ltr'><strong>hospitalitatem</strong></span> <span class='ocrx_word' id='word_1_30' title='bbox 681 1132 908 1223; x_wconf 84' lang='lat' dir='ltr'><strong>salubresque</strong></span> <span class='ocrx_word' id='word_1_31' title='bbox 947 1154 1144 1217; x_wconf 90' lang='lat' dir='ltr'><strong>sermones,</strong></span> <span class='ocrx_word' id='word_1_32' title='bbox 1184 1137 1279 1230; x_wconf 91' lang='lat' dir='ltr'><strong>quid</strong></span> 
     </span>
     <span class='ocr_line' id='line_1_6' title="bbox 189 1251 1277 1347; baseline 0.005 -22"><span class='ocrx_word' id='word_1_33' title='bbox 189 1254 356 1336; x_wconf 78' lang='lat' dir='ltr'><strong>dixerim,</strong></span> <span class='ocrx_word' id='word_1_34' title='bbox 390 1253 474 1344; x_wconf 93' lang='lat' dir='ltr'><strong>quid</strong></span> <span class='ocrx_word' id='word_1_35' title='bbox 507 1253 690 1334; x_wconf 87' lang='lat' dir='ltr'><strong>audierim,</strong></span> <span class='ocrx_word' id='word_1_36' title='bbox 720 1252 805 1347; x_wconf 92' lang='lat' dir='ltr'><strong>quid</strong></span> <span class='ocrx_word' id='word_1_37' title='bbox 832 1251 994 1338; x_wconf 90' lang='lat' dir='ltr'><strong>viderim,</strong></span> <span class='ocrx_word' id='word_1_38' title='bbox 1020 1254 1105 1346; x_wconf 94' lang='lat' dir='ltr'><strong>quid</strong></span> <span class='ocrx_word' id='word_1_39' title='bbox 1131 1255 1180 1326; x_wconf 93' lang='lat' dir='ltr'><strong>ibi</strong></span> <span class='ocrx_word' id='word_1_40' title='bbox 1214 1280 1277 1330; x_wconf 88' lang='lat' dir='ltr'><strong>me</strong></span> 
     </span>
     <span class='ocr_line' id='line_1_7' title="bbox 189 1375 1276 1471; baseline 0.006 -24"><span class='ocrx_word' id='word_1_41' title='bbox 189 1386 372 1469; x_wconf 87' lang='lat' dir='ltr'><strong>praesente,</strong></span> <span class='ocrx_word' id='word_1_42' title='bbox 394 1375 479 1467; x_wconf 89' lang='lat' dir='ltr'><strong>quid</strong></span> <span class='ocrx_word' id='word_1_43' title='bbox 503 1375 653 1447; x_wconf 89' lang='lat' dir='ltr'><strong>abeunte</strong></span> <span class='ocrx_word' id='word_1_44' title='bbox 673 1387 811 1468; x_wconf 78' lang='lat' dir='ltr'><strong>gestum</strong></span> <span class='ocrx_word' id='word_1_45' title='bbox 834 1376 892 1459; x_wconf 88' lang='lat' dir='ltr'><strong>sit,</strong></span> <span class='ocrx_word' id='word_1_46' title='bbox 922 1388 959 1447; x_wconf 94' lang='lat' dir='ltr'><strong>ut</strong></span> <span class='ocrx_word' id='word_1_47' title='bbox 981 1385 1073 1448; x_wconf 88' lang='lat' dir='ltr'><strong>totus</strong></span> <span class='ocrx_word' id='word_1_48' title='bbox 1095 1377 1153 1450; x_wconf 90' lang='lat' dir='ltr'><strong>ille</strong></span> <span class='ocrx_word' id='word_1_49' title='bbox 1178 1402 1276 1471; x_wconf 81' lang='lat' dir='ltr'><strong>grex</strong></span> 
     </span>
     <span class='ocr_line' id='line_1_8' title="bbox 188 1496 1274 1590; baseline 0.006 -23"><span class='ocrx_word' id='word_1_50' title='bbox 188 1497 368 1589; x_wconf 80' lang='lat' dir='ltr'><strong>angelicus</strong></span> <span class='ocrx_word' id='word_1_51' title='bbox 399 1519 497 1569; x_wconf 89' lang='lat' dir='ltr'><strong>sacro</strong></span> <span class='ocrx_word' id='word_1_52' title='bbox 523 1496 589 1568; x_wconf 91' lang='lat' dir='ltr'><strong>sub</strong></span> <span class='ocrx_word' id='word_1_53' title='bbox 614 1499 684 1568; x_wconf 90' lang='lat' dir='ltr'><strong>lare</strong></span> <span class='ocrx_word' id='word_1_54' title='bbox 709 1498 952 1579; x_wconf 82' lang='lat' dir='ltr'><strong>circumfusus,</strong></span> <span class='ocrx_word' id='word_1_55' title='bbox 981 1497 1106 1590; x_wconf 87' lang='lat' dir='ltr'><strong>hospiti</strong></span> <span class='ocrx_word' id='word_1_56' title='bbox 1131 1502 1274 1573; x_wconf 92' lang='lat' dir='ltr'><strong>nullum</strong></span> 
     </span>
     <span class='ocr_line' id='line_1_9' title="bbox 188 1616 1275 1711; baseline 0.003 -21"><span class='ocrx_word' id='word_1_57' title='bbox 188 1618 305 1690; x_wconf 90' lang='lat' dir='ltr'><strong>devoti</strong></span> <span class='ocrx_word' id='word_1_58' title='bbox 326 1619 482 1711; x_wconf 90' lang='lat' dir='ltr'><strong>obsequii</strong></span> <span class='ocrx_word' id='word_1_59' title='bbox 504 1640 616 1710; x_wconf 81' lang='lat' dir='ltr'><strong>genus</strong></span> <span class='ocrx_word' id='word_1_60' title='bbox 637 1619 805 1701; x_wconf 88' lang='lat' dir='ltr'><strong>omiserit,</strong></span> <span class='ocrx_word' id='word_1_61' title='bbox 830 1630 866 1689; x_wconf 90' lang='lat' dir='ltr'><strong>ut</strong></span> <span class='ocrx_word' id='word_1_62' title='bbox 884 1616 1137 1710; x_wconf 78' lang='lat' dir='ltr'><strong>digredientem</strong></span> <span class='ocrx_word' id='word_1_63' title='bbox 1158 1624 1275 1693; x_wconf 88' lang='lat' dir='ltr'><strong>comi-</strong></span> 
     </span>
     <span class='ocr_line' id='line_1_10' title="bbox 188 1741 1272 1836; baseline 0.006 -25"><span class='ocrx_word' id='word_1_64' title='bbox 188 1741 249 1811; x_wconf 89' lang='lat' dir='ltr'><strong>tati</strong></span> <span class='ocrx_word' id='word_1_65' title='bbox 260 1761 381 1812; x_wconf 89' lang='lat' dir='ltr'><strong>omnes</strong></span> <span class='ocrx_word' id='word_1_66' title='bbox 397 1762 507 1832; x_wconf 90' lang='lat' dir='ltr'><strong>usque</strong></span> <span class='ocrx_word' id='word_1_67' title='bbox 520 1741 565 1812; x_wconf 93' lang='lat' dir='ltr'><strong>ad</strong></span> <span class='ocrx_word' id='word_1_68' title='bbox 578 1752 773 1811; x_wconf 86' lang='lat' dir='ltr'><strong>extremum</strong></span> <span class='ocrx_word' id='word_1_69' title='bbox 787 1741 899 1825; x_wconf 90' lang='lat' dir='ltr'><strong>limen,</strong></span> <span class='ocrx_word' id='word_1_70' title='bbox 911 1743 1087 1834; x_wconf 79' lang='lat' dir='ltr'><strong>fraterque</strong></span> <span class='ocrx_word' id='word_1_71' title='bbox 1101 1744 1272 1836; x_wconf 89' lang='lat' dir='ltr'><strong>ipsecum</strong></span> 
     </span>
     <span class='ocr_line' id='line_1_11' title="bbox 187 1862 1270 1956; baseline 0.007 -23"><span class='ocrx_word' id='word_1_72' title='bbox 187 1863 307 1956; x_wconf 87' lang='lat' dir='ltr'><strong>paucis</strong></span> <span class='ocrx_word' id='word_1_73' title='bbox 328 1862 465 1953; x_wconf 81' lang='lat' dir='ltr'><strong>longius</strong></span> <span class='ocrx_word' id='word_1_74' title='bbox 491 1883 602 1954; x_wconf 90' lang='lat' dir='ltr'><strong>usque</strong></span> <span class='ocrx_word' id='word_1_75' title='bbox 627 1863 671 1934; x_wconf 88' lang='lat' dir='ltr'><strong>ad</strong></span> <span class='ocrx_word' id='word_1_76' title='bbox 691 1862 842 1933; x_wconf 90' lang='lat' dir='ltr'><strong>radicem</strong></span> <span class='ocrx_word' id='word_1_77' title='bbox 868 1863 994 1934; x_wconf 91' lang='lat' dir='ltr'><strong>montis</strong></span> <span class='ocrx_word' id='word_1_78' title='bbox 1022 1864 1154 1937; x_wconf 89' lang='lat' dir='ltr'><strong>silvoso</strong></span> <span class='ocrx_word' id='word_1_79' title='bbox 1178 1870 1270 1941; x_wconf 86' lang='lat' dir='ltr'><strong>calle</strong></span> 
     </span>
     <span class='ocr_line' id='line_1_12' title="bbox 186 1985 1270 2079; baseline 0.006 -25"><span class='ocrx_word' id='word_1_80' title='bbox 186 1996 430 2077; x_wconf 87' lang='lat' dir='ltr'><strong>prosequutus,</strong></span> <span class='ocrx_word' id='word_1_81' title='bbox 453 1985 575 2077; x_wconf 86' lang='lat' dir='ltr'><strong>raptim</strong></span> <span class='ocrx_word' id='word_1_82' title='bbox 597 2006 659 2078; x_wconf 90' lang='lat' dir='ltr'><strong>pro</strong></span> <span class='ocrx_word' id='word_1_83' title='bbox 679 1994 831 2079; x_wconf 92' lang='lat' dir='ltr'><strong>tempore</strong></span> <span class='ocrx_word' id='word_1_84' title='bbox 850 1986 957 2055; x_wconf 91' lang='lat' dir='ltr'><strong>multa</strong></span> <span class='ocrx_word' id='word_1_85' title='bbox 974 2006 1135 2071; x_wconf 88' lang='lat' dir='ltr'><strong>monens,</strong></span> <span class='ocrx_word' id='word_1_86' title='bbox 1155 1992 1270 2061; x_wconf 86' lang='lat' dir='ltr'><strong>multa</strong></span> 
     </span>
     <span class='ocr_line' id='line_1_13' title="bbox 186 2107 1269 2200; baseline 0.009 -23"><span class='ocrx_word' id='word_1_87' title='bbox 186 2129 325 2200; x_wconf 81' lang='lat' dir='ltr'><strong>rogans,</strong></span> <span class='ocrx_word' id='word_1_88' title='bbox 343 2110 450 2178; x_wconf 87' lang='lat' dir='ltr'><strong>multa</strong></span> <span class='ocrx_word' id='word_1_89' title='bbox 467 2108 688 2192; x_wconf 84' lang='lat' dir='ltr'><strong>denuntians,</strong></span> <span class='ocrx_word' id='word_1_90' title='bbox 707 2107 834 2200; x_wconf 92' lang='lat' dir='ltr'><strong>quibus</strong></span> <span class='ocrx_word' id='word_1_91' title='bbox 852 2130 916 2179; x_wconf 89' lang='lat' dir='ltr'><strong>nec</strong></span> <span class='ocrx_word' id='word_1_92' title='bbox 931 2107 1008 2179; x_wconf 91' lang='lat' dir='ltr'><strong>dies</strong></span> <span class='ocrx_word' id='word_1_93' title='bbox 1026 2130 1092 2181; x_wconf 90' lang='lat' dir='ltr'><strong>nec</strong></span> <span class='ocrx_word' id='word_1_94' title='bbox 1107 2132 1179 2182; x_wconf 86' lang='lat' dir='ltr'><strong>nox</strong></span> <span class='ocrx_word' id='word_1_95' title='bbox 1193 2122 1269 2187; x_wconf 85' lang='lat' dir='ltr'><strong>teta</strong></span> 
     </span>
     <span class='ocr_line' id='line_1_14' title="bbox 188 2228 1265 2325; baseline 0.006 -27"><span class='ocrx_word' id='word_1_96' title='bbox 188 2228 392 2299; x_wconf 79' lang='lat' dir='ltr'><strong>suffecerat?</strong></span> <span class='ocrx_word' id='word_1_97' title='bbox 412 2229 494 2298; x_wconf 89' lang='lat' dir='ltr'><strong>Haec</strong></span> <span class='ocrx_word' id='word_1_98' title='bbox 514 2251 581 2319; x_wconf 77' lang='lat' dir='ltr'><strong>ego</strong></span> <span class='ocrx_word' id='word_1_99' title='bbox 602 2228 742 2321; x_wconf 89' lang='lat' dir='ltr'><strong>inquam</strong></span> <span class='ocrx_word' id='word_1_100' title='bbox 762 2230 878 2301; x_wconf 90' lang='lat' dir='ltr'><strong>omnia</strong></span> <span class='ocrx_word' id='word_1_101' title='bbox 902 2230 1042 2320; x_wconf 80' lang='lat' dir='ltr'><strong>ingenio</strong></span> <span class='ocrx_word' id='word_1_102' title='bbox 1063 2240 1121 2303; x_wconf 91' lang='lat' dir='ltr'><strong>tuo</strong></span> <span class='ocrx_word' id='word_1_103' title='bbox 1148 2234 1265 2325; x_wconf 85' lang='lat' dir='ltr'><strong>potius</strong></span> 
     </span>
     <span class='ocr_line' id='line_1_15' title="bbox 186 2349 1263 2444; baseline 0.006 -24"><span class='ocrx_word' id='word_1_104' title='bbox 186 2349 392 2421; x_wconf 76' lang='lat' dir='ltr'><strong>aestimanda</strong></span> <span class='ocrx_word' id='word_1_105' title='bbox 412 2370 516 2440; x_wconf 90' lang='lat' dir='ltr'><strong>quam</strong></span> <span class='ocrx_word' id='word_1_106' title='bbox 538 2353 669 2421; x_wconf 89' lang='lat' dir='ltr'><strong>calamo</strong></span> <span class='ocrx_word' id='word_1_107' title='bbox 695 2372 772 2421; x_wconf 90' lang='lat' dir='ltr'><strong>meo</strong></span> <span class='ocrx_word' id='word_1_108' title='bbox 791 2352 999 2444; x_wconf 85' lang='lat' dir='ltr'><strong>exponenda</strong></span> <span class='ocrx_word' id='word_1_109' title='bbox 1017 2354 1263 2426; x_wconf 89' lang='lat' dir='ltr'><strong>commiserim.</strong></span> 
     </span>
     <span class='ocr_line' id='line_1_16' title="bbox 187 2468 1263 2564; baseline 0.004 -23"><span class='ocrx_word' id='word_1_110' title='bbox 187 2471 298 2541; x_wconf 90' lang='lat' dir='ltr'><strong>Unum</strong></span> <span class='ocrx_word' id='word_1_111' title='bbox 319 2468 413 2560; x_wconf 92' lang='lat' dir='ltr'><strong>quod</strong></span> <span class='ocrx_word' id='word_1_112' title='bbox 440 2470 529 2540; x_wconf 90' lang='lat' dir='ltr'><strong>scire</strong></span> <span class='ocrx_word' id='word_1_113' title='bbox 550 2491 617 2539; x_wconf 91' lang='lat' dir='ltr'><strong>non</strong></span> <span class='ocrx_word' id='word_1_114' title='bbox 644 2482 743 2563; x_wconf 90' lang='lat' dir='ltr'><strong>potes</strong></span> <span class='ocrx_word' id='word_1_115' title='bbox 764 2472 831 2541; x_wconf 90' lang='lat' dir='ltr'><strong>uisi</strong></span> <span class='ocrx_word' id='word_1_116' title='bbox 856 2471 978 2543; x_wconf 90' lang='lat' dir='ltr'><strong>audias</strong></span> <span class='ocrx_word' id='word_1_117' title='bbox 1004 2473 1183 2564; x_wconf 78' lang='lat' dir='ltr'><strong>attingam.</strong></span> <span class='ocrx_word' id='word_1_118' title='bbox 1211 2476 1263 2545; x_wconf 91' lang='lat' dir='ltr'><strong>Si-</strong></span> 
     </span>
     <span class='ocr_line' id='line_1_17' title="bbox 185 2590 1262 2689; baseline 0.005 -27"><span class='ocrx_word' id='word_1_119' title='bbox 185 2590 324 2683; x_wconf 89' lang='lat' dir='ltr'><strong>quidem</strong></span> <span class='ocrx_word' id='word_1_120' title='bbox 341 2592 430 2663; x_wconf 89' lang='lat' dir='ltr'><strong>inter</strong></span> <span class='ocrx_word' id='word_1_121' title='bbox 455 2593 562 2662; x_wconf 87' lang='lat' dir='ltr'><strong>multa</strong></span> <span class='ocrx_word' id='word_1_122' title='bbox 582 2601 617 2660; x_wconf 91' lang='lat' dir='ltr'><strong>et</strong></span> <span class='ocrx_word' id='word_1_123' title='bbox 642 2591 794 2663; x_wconf 88' lang='lat' dir='ltr'><strong>salubria</strong></span> <span class='ocrx_word' id='word_1_124' title='bbox 814 2603 850 2663; x_wconf 92' lang='lat' dir='ltr'><strong>et</strong></span> <span class='ocrx_word' id='word_1_125' title='bbox 883 2603 1001 2664; x_wconf 89' lang='lat' dir='ltr'><strong>saneta</strong></span> <span class='ocrx_word' id='word_1_126' title='bbox 1035 2596 1158 2666; x_wconf 90' lang='lat' dir='ltr'><strong>solatia</strong></span> <span class='ocrx_word' id='word_1_127' title='bbox 1181 2616 1262 2689; x_wconf 71' lang='lat' dir='ltr'><strong>quae</strong></span> 
     </span>
     <span class='ocr_line' id='line_1_18' title="bbox 185 2712 1260 2810; baseline 0.005 -27"><span class='ocrx_word' id='word_1_128' title='bbox 185 2712 270 2783; x_wconf 91' lang='lat' dir='ltr'><strong>mihi</strong></span> <span class='ocrx_word' id='word_1_129' title='bbox 289 2714 344 2784; x_wconf 90' lang='lat' dir='ltr'><strong>ille</strong></span> <span class='ocrx_word' id='word_1_130' title='bbox 367 2735 464 2784; x_wconf 88' lang='lat' dir='ltr'><strong>sacer</strong></span> <span class='ocrx_word' id='word_1_131' title='bbox 485 2715 589 2795; x_wconf 92' lang='lat' dir='ltr'><strong>locus,</strong></span> <span class='ocrx_word' id='word_1_132' title='bbox 610 2712 693 2782; x_wconf 92' lang='lat' dir='ltr'><strong>illud</strong></span> <span class='ocrx_word' id='word_1_133' title='bbox 714 2712 822 2785; x_wconf 92' lang='lat' dir='ltr'><strong>breve</strong></span> <span class='ocrx_word' id='word_1_134' title='bbox 840 2724 975 2810; x_wconf 88' lang='lat' dir='ltr'><strong>tempus</strong></span> <span class='ocrx_word' id='word_1_135' title='bbox 996 2717 1118 2798; x_wconf 88' lang='lat' dir='ltr'><strong>attulit,</strong></span> <span class='ocrx_word' id='word_1_136' title='bbox 1141 2717 1260 2788; x_wconf 87' lang='lat' dir='ltr'><strong>nescio</strong></span> 
     </span>
     <span class='ocr_line' id='line_1_19' title="bbox 185 2833 1260 2928; baseline 0.001 -22"><span class='ocrx_word' id='word_1_137' title='bbox 185 2834 269 2928; x_wconf 93' lang='lat' dir='ltr'><strong>quid</strong></span> <span class='ocrx_word' id='word_1_138' title='bbox 289 2834 357 2906; x_wconf 89' lang='lat' dir='ltr'><strong>illie</strong></span> <span class='ocrx_word' id='word_1_139' title='bbox 381 2833 650 2905; x_wconf 88' lang='lat' dir='ltr'><strong>amariusculum</strong></span> <span class='ocrx_word' id='word_1_140' title='bbox 672 2833 870 2925; x_wconf 82' lang='lat' dir='ltr'><strong>degustavi,</strong></span> <span class='ocrx_word' id='word_1_141' title='bbox 892 2836 997 2907; x_wconf 88' lang='lat' dir='ltr'><strong>eredo</strong></span> <span class='ocrx_word' id='word_1_142' title='bbox 1019 2846 1057 2907; x_wconf 86' lang='lat' dir='ltr'><strong>ut</strong></span> <span class='ocrx_word' id='word_1_143' title='bbox 1080 2838 1184 2909; x_wconf 87' lang='lat' dir='ltr'><strong>detur</strong></span> <span class='ocrx_word' id='word_1_144' title='bbox 1208 2839 1260 2907; x_wconf 91' lang='lat' dir='ltr'><strong>in-</strong></span> 
     </span>
     <span class='ocr_line' id='line_1_20' title="bbox 185 2955 1259 3049; baseline 0.004 -20"><span class='ocrx_word' id='word_1_145' title='bbox 185 2957 289 3049; x_wconf 78' lang='lat' dir='ltr'><strong>telligi</strong></span> <span class='ocrx_word' id='word_1_146' title='bbox 313 2979 433 3029; x_wconf 90' lang='lat' dir='ltr'><strong>verum</strong></span> <span class='ocrx_word' id='word_1_147' title='bbox 452 2977 531 3027; x_wconf 91' lang='lat' dir='ltr'><strong>esse</strong></span> <span class='ocrx_word' id='word_1_148' title='bbox 550 2955 644 3048; x_wconf 92' lang='lat' dir='ltr'><strong>quod</strong></span> <span class='ocrx_word' id='word_1_149' title='bbox 662 2955 831 3039; x_wconf 81' lang='lat' dir='ltr'><strong>scribitur,</strong></span> <span class='ocrx_word' id='word_1_150' title='bbox 850 2957 910 3048; x_wconf 91' lang='lat' dir='ltr'><strong>qui</strong></span> <span class='ocrx_word' id='word_1_151' title='bbox 927 2959 1049 3028; x_wconf 88' lang='lat' dir='ltr'><strong>volunt</strong></span> <span class='ocrx_word' id='word_1_152' title='bbox 1069 2958 1104 3028; x_wconf 91' lang='lat' dir='ltr'><strong>in</strong></span> <span class='ocrx_word' id='word_1_153' title='bbox 1121 2959 1259 3033; x_wconf 84' lang='lat' dir='ltr'><strong>Christe</strong></span> 
     </span>
     <span class='ocr_line' id='line_1_21' title="bbox 184 3076 1256 3171; baseline 0.002 -23"><span class='ocrx_word' id='word_1_154' title='bbox 184 3078 238 3171; x_wconf 89' lang='lat' dir='ltr'><strong>pie</strong></span> <span class='ocrx_word' id='word_1_155' title='bbox 259 3078 380 3150; x_wconf 88' lang='lat' dir='ltr'><strong>vivere</strong></span> <span class='ocrx_word' id='word_1_156' title='bbox 404 3076 676 3171; x_wconf 86' lang='lat' dir='ltr'><strong>persecutionem</strong></span> <span class='ocrx_word' id='word_1_157' title='bbox 702 3098 784 3147; x_wconf 89' lang='lat' dir='ltr'><strong>esse</strong></span> <span class='ocrx_word' id='word_1_158' title='bbox 808 3097 990 3169; x_wconf 81' lang='lat' dir='ltr'><strong>pessume,</strong></span> <span class='ocrx_word' id='word_1_159' title='bbox 1018 3100 1133 3171; x_wconf 89' lang='lat' dir='ltr'><strong>neque</strong></span> <span class='ocrx_word' id='word_1_160' title='bbox 1155 3081 1256 3151; x_wconf 92' lang='lat' dir='ltr'><strong>ullam</strong></span> 
     </span>
     <span class='ocr_line' id='line_1_22' title="bbox 184 3198 1257 3293; baseline 0.002 -22"><span class='ocrx_word' id='word_1_161' title='bbox 184 3201 313 3274; x_wconf 90' lang='lat' dir='ltr'><strong>homini</strong></span> <span class='ocrx_word' id='word_1_162' title='bbox 333 3201 472 3283; x_wconf 90' lang='lat' dir='ltr'><strong>viatori,</strong></span> <span class='ocrx_word' id='word_1_163' title='bbox 494 3198 705 3291; x_wconf 88' lang='lat' dir='ltr'><strong>ubicumque</strong></span> <span class='ocrx_word' id='word_1_164' title='bbox 724 3208 827 3292; x_wconf 89' lang='lat' dir='ltr'><strong>caput</strong></span> <span class='ocrx_word' id='word_1_165' title='bbox 848 3199 1029 3283; x_wconf 89' lang='lat' dir='ltr'><strong>abdiderit,</strong></span> <span class='ocrx_word' id='word_1_166' title='bbox 1049 3223 1146 3293; x_wconf 91' lang='lat' dir='ltr'><strong>spem</strong></span> <span class='ocrx_word' id='word_1_167' title='bbox 1160 3201 1257 3293; x_wconf 89' lang='lat' dir='ltr'><strong>quie-</strong></span> 
     </span>
     <span class='ocr_line' id='line_1_23' title="bbox 184 3321 1253 3415; baseline 0 -22"><span class='ocrx_word' id='word_1_168' title='bbox 184 3326 241 3405; x_wconf 91' lang='lat' dir='ltr'><strong>tis,</strong></span> <span class='ocrx_word' id='word_1_169' title='bbox 269 3323 379 3393; x_wconf 90' lang='lat' dir='ltr'><strong>donec</strong></span> <span class='ocrx_word' id='word_1_170' title='bbox 408 3324 442 3392; x_wconf 93' lang='lat' dir='ltr'><strong>in</strong></span> <span class='ocrx_word' id='word_1_171' title='bbox 476 3322 621 3412; x_wconf 85' lang='lat' dir='ltr'><strong>patriam</strong></span> <span class='ocrx_word' id='word_1_172' title='bbox 649 3322 693 3393; x_wconf 91' lang='lat' dir='ltr'><strong>sit</strong></span> <span class='ocrx_word' id='word_1_173' title='bbox 723 3330 940 3415; x_wconf 91' lang='lat' dir='ltr'><strong>perventum.</strong></span> <span class='ocrx_word' id='word_1_174' title='bbox 968 3323 1057 3393; x_wconf 83' lang='lat' dir='ltr'><strong>llcce</strong></span> <span class='ocrx_word' id='word_1_175' title='bbox 1081 3322 1172 3392; x_wconf 86' lang='lat' dir='ltr'><strong>onim</strong></span> <span class='ocrx_word' id='word_1_176' title='bbox 1198 3321 1253 3393; x_wconf 89' lang='lat' dir='ltr'><strong>hic</strong></span> 
     </span>
     <span class='ocr_line' id='line_1_24' title="bbox 181 3443 1254 3515; baseline 0.001 -3"><span class='ocrx_word' id='word_1_177' title='bbox 181 3446 350 3515; x_wconf 88' lang='lat' dir='ltr'><strong>innocuus</strong></span> <span class='ocrx_word' id='word_1_178' title='bbox 380 3445 571 3515; x_wconf 85' lang='lat' dir='ltr'><strong>coelestium</strong></span> <span class='ocrx_word' id='word_1_179' title='bbox 604 3466 688 3515; x_wconf 88' lang='lat' dir='ltr'><strong>vere</strong></span> <span class='ocrx_word' id='word_1_180' title='bbox 720 3453 830 3515; x_wconf 88' lang='lat' dir='ltr'><strong>coetus</strong></span> <span class='ocrx_word' id='word_1_181' title='bbox 858 3445 1034 3515; x_wconf 90' lang='lat' dir='ltr'><strong>hominum</strong></span> <span class='ocrx_word' id='word_1_182' title='bbox 1068 3443 1254 3515; x_wconf 89' lang='lat' dir='ltr'><strong>honoribus</strong></span> 
     </span>
     <span class='ocr_line' id='line_1_25' title="bbox 180 3564 1255 3658; baseline -0.003 -22"><span class='ocrx_word' id='word_1_183' title='bbox 180 3566 381 3655; x_wconf 89' lang='lat' dir='ltr'><strong>divitiisque</strong></span> <span class='ocrx_word' id='word_1_184' title='bbox 402 3566 606 3658; x_wconf 90' lang='lat' dir='ltr'><strong>contemptis</strong></span> <span class='ocrx_word' id='word_1_185' title='bbox 625 3577 660 3637; x_wconf 92' lang='lat' dir='ltr'><strong>et</strong></span> <span class='ocrx_word' id='word_1_186' title='bbox 679 3565 841 3637; x_wconf 87' lang='lat' dir='ltr'><strong>invisibili</strong></span> <span class='ocrx_word' id='word_1_187' title='bbox 863 3565 963 3635; x_wconf 87' lang='lat' dir='ltr'><strong>hoste</strong></span> <span class='ocrx_word' id='word_1_188' title='bbox 977 3567 1117 3648; x_wconf 88' lang='lat' dir='ltr'><strong>calcato,</strong></span> <span class='ocrx_word' id='word_1_189' title='bbox 1133 3564 1255 3635; x_wconf 91' lang='lat' dir='ltr'><strong>visibi-</strong></span> 
     </span>
     <span class='ocr_line' id='line_1_26' title="bbox 180 3685 1253 3779; baseline 0.001 -23"><span class='ocrx_word' id='word_1_190' title='bbox 180 3687 270 3760; x_wconf 90' lang='lat' dir='ltr'><strong>libus</strong></span> <span class='ocrx_word' id='word_1_191' title='bbox 296 3707 387 3756; x_wconf 90' lang='lat' dir='ltr'><strong>nunc</strong></span> <span class='ocrx_word' id='word_1_192' title='bbox 419 3685 522 3756; x_wconf 84' lang='lat' dir='ltr'><strong>etiem</strong></span> <span class='ocrx_word' id='word_1_193' title='bbox 557 3687 601 3758; x_wconf 88' lang='lat' dir='ltr'><strong>ab</strong></span> <span class='ocrx_word' id='word_1_194' title='bbox 634 3687 793 3759; x_wconf 89' lang='lat' dir='ltr'><strong>hostibus</strong></span> <span class='ocrx_word' id='word_1_195' title='bbox 819 3687 1059 3769; x_wconf 85' lang='lat' dir='ltr'><strong>molestantur,</strong></span> <span class='ocrx_word' id='word_1_196' title='bbox 1096 3687 1253 3779; x_wconf 90' lang='lat' dir='ltr'><strong>interque</strong></span> 
     </span>
     <span class='ocr_line' id='line_1_27' title="bbox 180 3802 1252 3901; baseline -0.001 -22"><span class='ocrx_word' id='word_1_197' title='bbox 180 3809 369 3879; x_wconf 88' lang='lat' dir='ltr'><strong>saeculares</strong></span> <span class='ocrx_word' id='word_1_198' title='bbox 389 3817 424 3878; x_wconf 89' lang='lat' dir='ltr'><strong>et</strong></span> <span class='ocrx_word' id='word_1_199' title='bbox 443 3809 697 3881; x_wconf 86' lang='lat' dir='ltr'><strong>ecclesiasticos</strong></span> <span class='ocrx_word' id='word_1_200' title='bbox 718 3818 885 3901; x_wconf 80' lang='lat' dir='ltr'><strong>tyrannos</strong></span> <span class='ocrx_word' id='word_1_201' title='bbox 908 3808 1117 3901; x_wconf 83' lang='lat' dir='ltr'><strong>(miserabile</strong></span> <span class='ocrx_word' id='word_1_202' title='bbox 1144 3802 1252 3901; x_wconf 85' lang='lat' dir='ltr'><strong>dictu)</strong></span> 
     </span>
     <span class='ocr_line' id='line_1_28' title="bbox 178 3928 1254 4022; baseline -0.001 -23"><span class='ocrx_word' id='word_1_203' title='bbox 178 3929 300 4002; x_wconf 75' lang='lat' dir='ltr'><strong>alienae</strong></span> <span class='ocrx_word' id='word_1_204' title='bbox 321 3931 449 4022; x_wconf 83' lang='lat' dir='ltr'><strong>passim</strong></span> <span class='ocrx_word' id='word_1_205' title='bbox 476 3930 632 4002; x_wconf 88' lang='lat' dir='ltr'><strong>avaritiae</strong></span> <span class='ocrx_word' id='word_1_206' title='bbox 658 3928 775 4021; x_wconf 87' lang='lat' dir='ltr'><strong>praeda</strong></span> <span class='ocrx_word' id='word_1_207' title='bbox 802 3939 896 4013; x_wconf 85' lang='lat' dir='ltr'><strong>sunt,</strong></span> <span class='ocrx_word' id='word_1_208' title='bbox 923 3939 958 3999; x_wconf 89' lang='lat' dir='ltr'><strong>et</strong></span> <span class='ocrx_word' id='word_1_209' title='bbox 979 3951 1075 4021; x_wconf 85' lang='lat' dir='ltr'><strong>saepe</strong></span> <span class='ocrx_word' id='word_1_210' title='bbox 1100 3930 1254 4001; x_wconf 89' lang='lat' dir='ltr'><strong>necessi-</strong></span> 
     </span>
     <span class='ocr_line' id='line_1_29' title="bbox 179 4050 1251 4144; baseline 0.002 -23"><span class='ocrx_word' id='word_1_211' title='bbox 179 4062 246 4123; x_wconf 86' lang='lat' dir='ltr'><strong>tate</strong></span> <span class='ocrx_word' id='word_1_212' title='bbox 260 4055 377 4125; x_wconf 91' lang='lat' dir='ltr'><strong>ultima</strong></span> <span class='ocrx_word' id='word_1_213' title='bbox 390 4053 532 4126; x_wconf 78' lang='lat' dir='ltr'><strong>coactio</strong></span> <span class='ocrx_word' id='word_1_214' title='bbox 549 4050 678 4125; x_wconf 88' lang='lat' dir='ltr'><strong>divinis</strong></span> <span class='ocrx_word' id='word_1_215' title='bbox 692 4051 853 4124; x_wconf 91' lang='lat' dir='ltr'><strong>laudibus</strong></span> <span class='ocrx_word' id='word_1_216' title='bbox 863 4052 1113 4124; x_wconf 91' lang='lat' dir='ltr'><strong>distrahuntur.</strong></span> <span class='ocrx_word' id='word_1_217' title='bbox 1130 4052 1251 4144; x_wconf 81' lang='lat' dir='ltr'><strong>Longa</strong></span> 
     </span>
    </p>
   </div>
   <div class='ocr_carea' id='block_1_3' title="bbox 175 4172 1254 4513">
    <p class='ocr_par' dir='ltr' id='par_1_3' title="bbox 175 4172 1254 4513">
     <span class='ocr_line' id='line_1_30' title="bbox 175 4172 1250 4267; baseline 0 -25"><span class='ocrx_word' id='word_1_218' title='bbox 175 4183 272 4243; x_wconf 91' lang='lat' dir='ltr'><strong>essct</strong></span> <span class='ocrx_word' id='word_1_219' title='bbox 293 4174 443 4258; x_wconf 90' lang='lat' dir='ltr'><strong>historia,</strong></span> <span class='ocrx_word' id='word_1_220' title='bbox 480 4175 618 4267; x_wconf 88' lang='lat' dir='ltr'><strong>siquae</strong></span> <span class='ocrx_word' id='word_1_221' title='bbox 650 4175 826 4266; x_wconf 88' lang='lat' dir='ltr'><strong>perierunt</strong></span> <span class='ocrx_word' id='word_1_222' title='bbox 858 4172 999 4263; x_wconf 80' lang='lat' dir='ltr'><strong>indigna</strong></span> <span class='ocrx_word' id='word_1_223' title='bbox 1027 4174 1250 4265; x_wconf 89' lang='lat' dir='ltr'><strong>complectar.</strong></span> 
     </span>
     <span class='ocr_line' id='line_1_31' title="bbox 175 4292 1254 4379; baseline 0.001 -15"><span class='ocrx_word' id='word_1_224' title='bbox 175 4294 318 4364; x_wconf 88' lang='lat' dir='ltr'><strong>Summa</strong></span> <span class='ocrx_word' id='word_1_225' title='bbox 331 4292 410 4365; x_wconf 83' lang='lat' dir='ltr'><strong>haec</strong></span> <span class='ocrx_word' id='word_1_226' title='bbox 421 4304 483 4379; x_wconf 91' lang='lat' dir='ltr'><strong>est,</strong></span> <span class='ocrx_word' id='word_1_227' title='bbox 499 4293 591 4365; x_wconf 90' lang='lat' dir='ltr'><strong>unde</strong></span> <span class='ocrx_word' id='word_1_228' title='bbox 605 4295 789 4365; x_wconf 87' lang='lat' dir='ltr'><strong>minutiora</strong></span> <span class='ocrx_word' id='word_1_229' title='bbox 809 4292 973 4365; x_wconf 87' lang='lat' dir='ltr'><strong>coniicias</strong></span> <span class='ocrx_word' id='word_1_230' title='bbox 995 4292 1121 4365; x_wconf 90' lang='lat' dir='ltr'><strong>licebit.</strong></span> <span class='ocrx_word' id='word_1_231' title='bbox 1141 4294 1254 4365; x_wconf 88' lang='lat' dir='ltr'><strong>Omne</strong></span> 
     </span>
     <span class='ocr_line' id='line_1_32' title="bbox 175 4414 1253 4513; baseline -0.003 -25"><span class='ocrx_word' id='word_1_232' title='bbox 175 4416 265 4489; x_wconf 89' lang='lat' dir='ltr'><strong>latus</strong></span> <span class='ocrx_word' id='word_1_233' title='bbox 286 4414 443 4487; x_wconf 91' lang='lat' dir='ltr'><strong>ambiunt</strong></span> <span class='ocrx_word' id='word_1_234' title='bbox 465 4416 645 4513; x_wconf 78' lang='lat' dir='ltr'><strong>tyrannuli,</strong></span> <span class='ocrx_word' id='word_1_235' title='bbox 665 4414 1000 4509; x_wconf 90' lang='lat' dir='ltr'><strong>importunissimum</strong></span> <span class='ocrx_word' id='word_1_236' title='bbox 1022 4436 1146 4505; x_wconf 78' lang='lat' dir='ltr'><strong>genus,</strong></span> <span class='ocrx_word' id='word_1_237' title='bbox 1161 4424 1207 4499; x_wconf 88' lang='lat' dir='ltr'><strong>et,</strong></span> <span class='ocrx_word' id='word_1_238' title='bbox 1222 4416 1253 4487; x_wconf 89' lang='lat' dir='ltr'><strong>si</strong></span> 
     </span>
    </p>
   </div>
   <div class='ocr_carea' id='block_1_4' title="bbox 0 0 1374 5062">
    <p class='ocr_par' dir='ltr' id='par_1_4' title="bbox 0 0 1374 5062">
     <span class='ocr_line' id='line_1_33' title="bbox 0 0 1374 5062; baseline 0 5"><span class='ocrx_word' id='word_1_239' title='bbox 0 0 1374 5062; x_wconf 95' lang='lat' dir='ltr'><strong> </strong></span> 
     </span>
    </p>
   </div>
  </div>
 </body>
</html>
