2738 5062
141 651 201 714 tto
480 659 521 707 nn
543 656 643 706 nanas
664 656 886 705 rnuruumaus

28 834 31 841 ·
141 802 235 893 lique
251 795 467 869 clementiam
485 814 644 873 cernens,
665 813 799 863 mecum
823 810 920 883 saepe
936 788 1119 862 dicebam:
1138 814 1242 865 nunc

142 923 196 992 ille
214 917 400 1013 quidagit,
422 917 488 986 nisi
507 914 602 1006 quod
621 913 780 1006 promissi
797 913 852 983 sui
866 914 1057 995 immemor,
1076 924 1242 987 nostrae·

142 1064 211 1135 que
228 1040 354 1112 oblitus
373 1038 543 1118 amicitiae,
566 1036 812 1131 Babylonicum
831 1057 969 1106 coenum
989 1032 1079 1119 terit,
1098 1047 1137 1106 et
1157 1048 1240 1107 tan-

142 1175 199 1235 tus
237 1173 371 1233 amator
402 1160 570 1229 libertatis
598 1158 826 1248 laudatorque
860 1155 1066 1239 modestiae,
1105 1166 1238 1251 sponte

143 1306 205 1353 sua
237 1282 466 1375 superborum
501 1280 677 1351 liminibus
710 1281 942 1350 obversatur?
970 1279 1005 1349 Si
1036 1268 1238 1351 ambitione

142 1415 273 1476 tractus
294 1404 376 1475 nihil
403 1402 555 1487 inanius,
579 1403 609 1474 si
630 1402 778 1474 avaritia
797 1401 881 1472 nihil
901 1401 1118 1474 obscoenius.
1141 1402 1236 1487 Quis

143 1534 260 1597 autem
284 1523 390 1595 linis‘?
410 1545 454 1595 an
475 1524 559 1595 dum
576 1524 716 1594 cumulo
736 1544 852 1593 rerum
880 1522 925 1592 sit
949 1522 1108 1595 extincta
1131 1525 1236 1619 cupi·

140 1647 264 1720 ditas‘l
301 1645 494 1738 quaerendo
533 1643 587 1714 illa
623 1644 737 1733 magis
772 1643 953 1736 magisque
989 1644 1232 1717 succenditur.

142 1772 248 1841 Deme
287 1766 455 1850 divitias,
494 1767 652 1838 avaritiae
693 1765 912 1837 subtraxeris
948 1766 1231 1839 tundamentum.

140 1893 277 1983 Pauper
303 1890 393 1961 enim
418 1912 486 1960 non
507 1888 574 1959 nisi
592 1886 791 1959 necessaria
812 1887 895 1958 vitae
920 1888 1024 1980 cupit,
1042 1910 1127 1982 quaa
1149 1900 1233 1961 sunt

95 1988 99 2001 ⁸
141 2036 266 2106 pauca:
297 2012 398 2083 dives
411 2010 471 2102 qni
492 2010 560 2081 ium
586 2031 807 2081 nummorum
834 2012 994 2081 cumulos
1016 2010 1116 2093 vidit,
1138 2012 1233 2087 didi-

140 2135 255 2225 citque
288 2135 458 2204 immensa
496 2144 532 2203 et
561 2133 693 2203 inutilia
725 2132 864 2216 mirari,
899 2133 1056 2224 protinus
1098 2156 1231 2209 aureos

143 2266 277 2325 montes
311 2262 348 2324 ct
380 2268 546 2345 argentea
575 2254 717 2325 llumina
745 2254 871 2346 cupida
905 2253 970 2325 sibi
1005 2256 1231 2331 meditatione

141 2377 325 2468 componit.
357 2375 591 2458 Quamobrem
626 2376 655 2444 si
689 2378 733 2447 ad
764 2375 951 2447 finiendam
982 2377 1229 2451 leniendamve

142 2497 338 2592 cupidinem
360 2518 506 2587 magnas
527 2496 668 2568 divitias
692 2508 868 2590 optamus,
898 2498 931 2569 in
957 2500 1153 2573 adversum
1179 2500 1230 2571 ni-

143 2622 257 2693 timur.
281 2620 422 2690 Crescat
442 2619 499 2689 illa
521 2620 744 2691 successibus
765 2632 800 2691 et
820 2623 967 2691 latenter
986 2621 1143 2715 obrepet,
1165 2644 1230 2695 nec

142 2743 312 2837 cupiditas
346 2752 495 2827 tantum,
529 2745 590 2816 sed
622 2744 815 2815 necessitas
845 2743 977 2814 evitata
1005 2753 1228 2815 succrescet:

142 2867 329 2958 nullusque
362 2865 520 2936 laborum
544 2868 610 2938 erit
635 2864 783 2948 modae,
818 2865 887 2937 nisi
921 2888 1001 2937 cum
1037 2867 1229 2957 intelligere

143 2987 291 3080 coeperis
321 3010 443 3059 omnes
465 2988 529 3060 hos
556 2992 701 3082 laqueos
726 2998 925 3083 contemptu
947 3010 1052 3081 opum
1079 2988 1229 3061 dissolvi

144 3131 249 3202 posse
274 3132 342 3180 uon
369 3110 504 3202 opibus.
523 3112 612 3181 Dum
640 3111 719 3183 talia
752 3111 930 3182 volverem
965 3109 1075 3180 iratus
1104 3109 1165 3182 tibi
1194 3120 1230 3182 et

143 3234 290 3305 fortunae
310 3252 411 3314 meae,
431 3253 511 3303 ecce
530 3232 645 3303 subito
659 3235 748 3303 lama
767 3231 898 3302 tristior
917 3231 1061 3302 infelicis
1080 3232 1230 3305 launcu-

144 3355 234 3421 sinm
256 3353 336 3422 belli
353 3352 497 3423 terribili
519 3355 645 3426 tonitru
667 3354 811 3449 perculit
830 3375 934 3425 aures
953 3375 1061 3424 meas.
1079 3353 1229 3447 Obrigui

145 3481 305 3567 stupens,
319 3483 354 3544 et
370 3473 414 3544 ad
435 3483 468 3546 te
488 3477 603 3546 animo
616 3497 822 3547 conversus:
836 3476 935 3558 heus,
949 3475 1101 3567 inquam,
1117 3476 1230 3549 amico

144 3598 329 3677 fortunate,
350 3605 388 3664 ut
407 3597 441 3667 in
462 3598 580 3669 malis!
608 3600 694 3671 Nam
726 3598 801 3669 sive
832 3598 900 3669 ista
925 3618 1168 3691 praesenseras
1194 3606 1232 3671 el

144 3738 271 3809 magna
288 3717 428 3810 quidem
446 3721 579 3792 consilii
594 3722 642 3791 tui
664 3720 733 3802 vis3
753 3721 829 3792 sive
850 3722 896 3791 nil
914 3722 981 3791 tale
1003 3722 1232 3813 praesagienti

143 3841 289 3933 contigit
309 3842 447 3927 abesse,
469 3854 505 3913 ct
530 3855 644 3913 tecum
666 3842 700 3914 in
726 3846 916 3916 eosaltem
943 3843 1150 3915 clementior
1170 3853 1232 3916 tua

145 3984 234 4048 sors,
261 3965 357 4067 quod
377 3965 565 4039 admodum
582 3966 655 4037 lero
677 3950 873 4060 spectaculo
894 3976 928 4035 te
948 3963 1109 4037 dimovit.
1127 3965 1233 4037 Certe

143 4086 307 4178 quicquid
329 4089 451 4160 borum
482 4089 616 4171 verius,
654 4088 796 4160 tarditas
824 4086 884 4157 tibi
910 4087 1085 4158 celeritate
1108 4086 1234 4161 melior

143 4208 260 4289 luerit;
280 4212 369 4280 mala
387 4212 507 4280 saltem
528 4210 734 4282 miserabilis
749 4210 869 4305 patriae
887 4231 955 4280 non
968 4208 1122 4279 videbis,
1137 4210 1235 4295 Quid

144 4351 230 4401 vero
252 4354 341 4404 nunc
372 4334 517 4424 loquar?
546 4332 679 4415 Quibus
712 4332 831 4405 verbis
865 4331 1145 4423 magnitudinem
1181 4332 1236 4407 rei

145 4455 311 4545 aequem?
336 4453 437 4537 Quod
458 4454 608 4527 verebar
629 4455 769 4528 accidit:
794 4455 829 4525 ld
865 4455 893 4525 si
926 4454 1038 4526 dicam
1061 4456 1235 4529 mentiar:
