2738 5062
365 662 457 711 trouu
479 662 946 715 ammonemus-nument
967 667 1008 716 rx.
1169 658 1225 720 537

147 801 240 874 enim
262 800 391 873 bellum
408 800 562 874 defuisse
579 822 755 894 nunquam
776 802 885 898 puto),
904 803 994 877 iutra
1015 805 1121 878 breve
1142 815 1230 879 tem·

146 946 212 1019 pus
233 925 383 1018 primum
404 924 500 1010 victi,
523 945 607 996 mox
626 924 794 1010 victores,
817 948 955 999 rursum
978 928 1108 1001 maiore
1138 949 1228 1023 prae·

146 1047 193 1118 lio
208 1046 292 1117 victi
315 1057 410 1131 sunt,
442 1048 567 1140 inquo
588 1047 654 1119 illis
676 1047 815 1141 quidem
839 1059 877 1120 ut
896 1049 1095 1121 homiuibus
1122 1063 1228 1145 atque

147 1167 243 1240 ltalia
261 1168 461 1264 compatior,
484 1169 567 1240 milri
594 1181 708 1243 autem
742 1173 911 1263 gratulor,
942 1173 1037 1265 quod
1069 1171 1145 1246 haec
1174 1174 1228 1247 eis

146 1293 237 1363 mala
256 1291 372 1364 omnia
392 1300 540 1365 ventura
557 1292 719 1387 praevidi,
748 1292 981 1388 praedixique,
1016 1316 1083 1367 non
1115 1304 1229 1370 astro-

145 1436 224 1487 mm
241 1412 381 1499 iudicio,
404 1425 464 1488 aut
486 1418 555 1489 ullo
573 1416 726 1489 vaticinii
747 1438 891 1510 genere,
910 1419 1007 1510 quod
1028 1427 1137 1491 totum
1167 1419 1228 1494 de

146 1537 255 1632 spicio
296 1538 502 1632 reicioque,
543 1539 605 1612 sed
641 1540 817 1634 praesagio
848 1538 1001 1633 quodam
1034 1541 1161 1614 mentis
1191 1552 1228 1615 et

146 1658 351 1754 urgentibus
370 1661 591 1746 coniecturis,
613 1661 740 1756 quibus
762 1662 894 1735 ineam
918 1663 1123 1735 sententiam
1158 1674 1227 1738 tra-

144 1781 256 1854 hebar
275 1793 314 1854 ut
333 1781 453 1854 videre
470 1782 554 1853 mibi
581 1793 661 1856 tunc
692 1783 833 1857 viderer
864 1783 959 1878 quod
988 1806 1080 1856 nunc
1112 1785 1225 1859 video.

144 1904 259 1998 Atque
280 1904 411 1977 utinam
436 1903 511 1976 dux
536 1904 707 1991 Andreas
733 1907 794 2000 qui
825 1929 943 1979 rerum
974 1928 1122 1980 summae
1144 1918 1225 1989 tunc

144 2039 307 2121 praerat,
343 2027 446 2101 bodie
482 2029 642 2100 vireret:
676 2028 893 2121 exagitarem
925 2050 1005 2101 eum
1040 2029 1162 2101 litteris
1189 2039 1226 2103 et

144 2170 266 2222 omnes
277 2152 420 2223 aculeos
434 2150 632 2238 incuterem,
643 2173 684 2224 ac
698 2160 768 2223 lota
782 2163 899 2223 uterer
910 2149 1079 2224 libertate.
1091 2154 1225 2225 Bonum

143 2272 235 2345 enim
255 2273 370 2345 virum
384 2285 489 2367 atque
509 2273 682 2364 integrum
703 2275 1081 2371 suaequelleipublicae
1107 2299 1226 2349 aman-

143 2395 318 2469 tissimum
338 2396 506 2480 sciebam,
541 2397 680 2469 doctum
713 2408 884 2490 praeterea
910 2408 946 2469 et
978 2399 1163 2471 facundum
1191 2408 1227 2472 et

142 2518 430 2612 circumspectum
452 2528 488 2590 et
508 2518 681 2592 allabilem
701 2530 737 2594 et
758 2522 886 2592 mitem.
902 2522 978 2592 Uno
991 2531 1106 2592 tamen
1119 2521 1225 2591 olleo·

142 2638 260 2726 deber,
282 2640 377 2734 quod
397 2640 478 2713 belli
500 2642 616 2714 studio
648 2643 824 2715 ardentior
848 2652 924 2713 erat
955 2665 1059 2735 quam
1087 2653 1222 2715 naturae

142 2784 184 2836 ac
197 2763 271 2835 suis
292 2762 446 2836 moribus
463 2765 676 2836 conveniret.
690 2764 828 2834 Viventi
841 2762 1003 2856 equidem
1020 2785 1087 2836 nou
1101 2786 1225 2860 peper-

142 2884 189 2970 ci,
210 2895 247 2958 et
267 2906 423 2979 praesens
443 2886 551 2959 verbo
571 2896 607 2957 et
628 2884 756 2958 absens
777 2885 900 2956 litteris
921 2886 1094 2958 lacessere
1113 2907 1224 2960 ausus

143 3018 274 3081 tantum
296 3007 427 3092 virum;
448 3029 530 3103 quaa
550 3009 606 3080 ille
625 3008 670 3080 de
690 3006 805 3079 animo
827 3030 904 3080 meo
920 3018 1038 3079 certus
1056 3008 1226 3100 patienter

141 3130 288 3212 serebat;
311 3131 375 3203 sed
401 3133 528 3203 recenti
549 3131 694 3203 victoria
720 3133 832 3203 elatus
862 3130 1044 3202 consilium
1080 3151 1226 3224 respue·

141 3250 211 3325 bat.
234 3252 414 3324 Consuluit
433 3254 607 3340 illimus,
631 3263 669 3326 ut
688 3263 724 3325 et
737 3252 999 3324 acerbissimum
1015 3251 1223 3345 patriaesuae

141 3377 272 3449 luctum
292 3387 327 3447 et
347 3375 581 3447 mordaciores
603 3397 699 3446 meas
721 3375 853 3446 litteras
886 3394 955 3445 non
988 3374 1134 3446 videret.
1168 3375 1224 3449 Uti

141 3497 234 3569 enim
253 3500 403 3569 lortuuae
424 3497 620 3570 testimonio
653 3497 798 3581 solebat,
833 3517 897 3570 nec
929 3496 1104 3583 dubitare,
1138 3497 1223 3592 quin

142 3620 233 3693 sicut
252 3620 309 3692 illa
330 3620 529 3715 prosperior
548 3620 740 3705 videretur,
776 3620 828 3694 sic
862 3622 987 3692 iustior
1017 3642 1124 3692 causa
1157 3639 1221 3691 sua

140 3752 245 3815 esset.
265 3744 385 3835 ltaque
406 3763 499 3835 saepe
521 3732 666 3815 mecum
680 3744 762 3816 illud
790 3743 959 3839 Scipionis
992 3741 1144 3814 Africani
1169 3740 1223 3813 di-

139 3873 232 3936 ctum
252 3865 458 3958 usurpabat,
474 3863 531 3956 qui
547 3867 694 3956 loquens
709 3886 788 3934 cum
803 3863 1009 3935 Hannibale:
1024 3863 1084 3944 llil,
1100 3861 1219 3952 inquit,

141 3998 250 4060 testes
271 3988 341 4058 sint
360 3989 420 4080 qui
441 3998 476 4057 et
496 3986 586 4056 illius
618 3982 699 4055 belli
719 3984 853 4053 exitum
875 3981 1067 4054 secundum
1080 3982 1135 4053 ius
1152 3984 1220 4053 las-

138 4131 208 4203 que
229 4109 414 4195 dederunt,
436 4122 472 4181 et
496 4110 600 4181 huius
627 4108 712 4180 dant
735 4117 770 4177 et
794 4103 937 4177 dabunt.
962 4103 1050 4176 lllud
1078 4127 1219 4198 quoque

140 4229 356 4302 Caesareum:
851 4247 854 4255 ·

300 4397 369 4458 llaec
388 4397 447 4459 lato
466 4414 534 4474 quac
554 4404 626 4458 testc
643 4395 764 4476 probol,
782 4392 852 4470 quis
869 4393 980 4454 iustius
997 4408 1081 4455 arma

300 4494 413 4571 induit,
432 4495 494 4557 lucc
512 4493 590 4557 arios
608 4494 723 4557 virtum
739 4493 852 4555 lucitus
871 4499 1039 4553 nocoulcm.
