2738 5062
182 710 239 774 512
516 720 558 771 nn
578 720 679 772 ancus
700 719 921 772 recurremus

180 856 299 930 multis
326 855 479 927 nondum
504 863 709 948 consumpta
733 854 939 940 terroribus,
968 877 1037 928 una
1061 856 1159 927 velot
1183 878 1260 930 ma-

180 981 259 1072 gnis
280 978 315 1050 in
337 977 489 1050 tenebris
516 980 578 1049 lux
611 988 767 1070 apparet,
789 977 973 1050 irreditura
992 980 1079 1049 sorte
1104 979 1134 1049 si
1159 1001 1259 1074 sper·

181 1102 284 1174 nitor.
310 1099 435 1195 Arripe
463 1101 555 1171 illam
574 1100 658 1172 dum
679 1121 719 1172 se
744 1099 901 1185 exhibet,
924 1109 962 1171 ut
981 1100 1107 1172 dicaris
1133 1101 1260 1172 italicae

181 1224 276 1314 pacis
301 1232 435 1304 auctor,
466 1242 663 1315 nomenque
691 1229 788 1294 tuum
813 1243 892 1293 cum
919 1220 1035 1292 multis
1059 1230 1096 1292 et
1120 1221 1260 1313 magnis

182 1344 301 1428 rebus,
323 1355 394 1414 tum
412 1343 479 1415 hac
493 1345 666 1436 praecipue
684 1344 873 1436 gloriosum
891 1345 1007 1415 mittas
1026 1341 1070 1414 ad
1087 1355 1258 1438 posteros.

181 1464 236 1537 Nil
257 1463 319 1535 tibi
338 1463 486 1550 suadeo,
520 1465 589 1536 nisi
620 1466 715 1559 quod
736 1475 834 1537 tuum
859 1475 929 1537 est:
956 1464 1125 1537 rationem
1159 1466 1260 1558 sequi

180 1604 250 1659 non
283 1585 466 1680 impetum,
493 1595 528 1657 et
551 1607 678 1658 cavere
698 1609 743 1658 ne
763 1589 893 1682 impetu
914 1586 1030 1657 omnia
1050 1588 1084 1656 in
1102 1586 1261 1682 praecipi-

182 1684 267 1779 tium
289 1717 403 1779 tecum
425 1708 554 1780 trahas.
577 1708 661 1780 Com
682 1708 774 1779 enim
800 1708 836 1781 id
860 1718 962 1802 turpe
984 1705 1161 1794 omnihus,
1186 1717 1258 1779 tum

186 1828 248 1902 tihi
269 1830 509 1923 turpissimum
530 1839 566 1901 ct
582 1833 719 1924 penitus
740 1832 889 1901 alienum
913 1840 977 1901 est.
994 1830 1080 1901 Nam
1101 1829 1185 1921 quid
1204 1831 1261 1902 hae

183 1951 307 2024 litterae
324 1953 529 2045 profuerint,
550 1953 635 2046 quid
648 1951 764 2026 studia
784 1953 861 2024 haec
880 1952 1003 2025 artium
1025 1952 1258 2038 honestamm,

184 2074 312 2169 quibos
333 2083 368 2145 te
387 2075 610 2167 praecunctis
630 2075 745 2148 aetatis
762 2086 892 2147 nostrae
910 2073 1060 2147 ducibus
1080 2073 1262 2146 mundan-

185 2196 359 2267 tissimum
378 2197 471 2267 lama
490 2196 672 2288 praedicat,
685 2217 750 2269 nec
770 2196 949 2281 mentitur,
973 2195 1003 2267 si
1022 2217 1102 2267 cum
1120 2197 1262 2268 meliora

183 2317 395 2410 provideris,
417 2317 590 2389 deteriora
607 2318 772 2390 secteris?
790 2317 891 2390 Absit
916 2318 983 2390 hoc
1001 2318 1047 2391 ab
1066 2317 1183 2390 animo
1202 2327 1262 2391 too

184 2441 311 2524 scelus,
332 2450 368 2511 et
393 2450 431 2511 ut
455 2439 522 2511 iam
550 2438 757 2532 loquacioris
777 2460 881 2533 quam
906 2437 1072 2534 putabam
1104 2439 1263 2535 epistolae

185 2561 309 2633 modus
331 2561 391 2647 sit,
409 2583 485 2649 oro,
504 2582 634 2655 precor,
646 2560 804 2644 obsecro,
824 2560 980 2635 obtestor
1007 2572 1111 2655 atque
1141 2562 1263 2636 adiuro

184 2690 218 2754 te
238 2703 301 2776 per
318 2684 459 2757 virtutis
484 2704 636 2756 amorem
663 2704 704 2754 ac
737 2680 907 2766 studium,
937 2703 1008 2775 quo
1031 2684 1118 2754 nulli
1146 2681 1261 2766 cedis,

183 2827 246 2899 per
262 2807 384 2899 patriae
403 2806 607 2879 charitatem
625 2828 695 2900 qua
705 2815 849 2879 cunctos
865 2815 1263 2901 exsuperas,post1emo

182 2950 246 3021 per
277 2931 429 3023 quinque
457 2928 585 3001 Christi
604 2929 768 3014 vulnera,
790 2927 916 3022 quibus
943 2927 1204 3002 sacratissimus
1228 2936 1264 3000 et

183 3049 489 3124 innocentissimus
522 3051 666 3143 sanguis
693 3048 809 3134 lluxit,
833 3071 905 3144 quo
930 3050 1101 3143 redempti
1121 3071 1259 3135 somus,

186 3182 222 3244 ut
243 3173 272 3243 si
293 3196 350 3245 me
370 3173 474 3259 hene,
497 3173 526 3244 si
545 3172 615 3266 pie,
635 3171 665 3244 si
682 3170 832 3244 fideliter
852 3174 1032 3265 loquutum
1050 3183 1162 3266 putas,
1178 3173 1260 3246 mihi

183 3315 286 3366 aures
299 3295 523 3386 animumque
539 3315 610 3364 non
625 3313 749 3385 neges,
763 3300 799 3366 et
812 3292 843 3363 si
854 3291 1037 3363 consilium
1055 3294 1179 3386 placet,
1193 3314 1260 3364 non

183 3427 385 3492 contemnas
397 3429 584 3492 auctorem.
598 3418 759 3512 Alioquin
779 3416 895 3489 omnia
912 3414 1039 3487 videns
1059 3418 1151 3487 Deus
1163 3413 1259 3484 Chri-

183 3550 260 3611 stus
285 3539 384 3627 mihi,
410 3552 446 3612 et
473 3563 630 3635 praesens
655 3541 691 3613 in
719 3562 823 3613 omne
844 3561 962 3612 aevum
986 3538 1133 3631 epistola
1151 3543 1259 3608 testes

183 3661 253 3732 sint
272 3661 323 3755 (ut
342 3684 363 3733 a
381 3664 566 3735 Plutarcho
588 3663 795 3758 philosopho
823 3660 954 3754 aliquid
980 3681 1132 3745 sumam,
1156 3670 1262 3754 tuque

184 3784 233 3854 sis
254 3785 357 3857 hodie
370 3784 540 3856 Traianus
558 3786 685 3877 meus),
699 3784 794 3877 quod
813 3783 849 3854 in
866 3783 1053 3876 perniciem
1067 3781 1177 3853 ltaliae
1192 3801 1261 3852 non

184 3907 288 3981 modo
316 3930 385 3980 non
409 3908 528 4003 pergis
554 3919 694 3980 auctore
719 3906 920 3988 Francisco,
944 3904 1007 3975 sed
1036 3924 1101 3998 pro
1125 3902 1261 3974 viribus

184 4032 382 4119 reluctante,
397 4042 509 4126 teque,
523 4029 665 4125 quando
690 4026 784 4100 aliud
803 4026 937 4121 nequit,
959 4027 1030 4096 alto
1052 4025 1206 4120 suspirio
1229 4034 1262 4094 et

184 4153 320 4240 magnis
340 4154 445 4224 animi
466 4150 655 4245 gemitibus
677 4157 877 4222 revocante.

325 4301 487 4370 Mediolani,
501 4302 534 4356 V.
552 4301 613 4356 Kal.
628 4300 701 4356 Iunii
714 4299 877 4356 MGGGLIV.
