2738 5062
204 620 244 682 98
536 635 578 684 mr
600 635 703 685 nunus
723 634 950 705 rnunuurnus

203 790 276 857 quoe
299 765 419 837 dicitu-r
443 770 522 854 vita,
548 794 636 842 mors
661 783 726 844 est:
760 772 855 847 unde
891 773 930 846 lit
960 784 998 846 ut
1030 784 1178 847 mortem
1209 796 1285 871 prae

205 888 366 960 omnibus
387 899 423 960 et
443 892 618 966 oderimus
645 905 680 966 et
706 917 878 981 amemuS,
908 896 1163 991 conveniatque
1184 896 1286 970 nobis

204 1009 289 1082 illud
326 1012 511 1084 comicum:
550 1016 629 1086 Volo
666 1020 764 1103 uolo,
796 1021 873 1088 nolo
916 1021 1001 1089 colo.
1036 1019 1209 1091 Caeterum
1247 1029 1288 1091 ut

106 1126 110 1133 ’
204 1133 282 1205 haec
315 1135 551 1228 philosophica
577 1137 612 1210 in
639 1148 778 1233 tempus
798 1141 973 1225 omittam,
995 1140 1194 1236 importuna
1216 1143 1288 1214 lor·

205 1265 302 1328 tasse
323 1257 387 1328 sed
408 1280 491 1330 vera
517 1263 639 1354 loquar
664 1263 844 1334 hominum
871 1285 970 1336 more
1001 1263 1212 1355 vulgarium.
1244 1265 1289 1339 Ut

206 1379 251 1451 sit
271 1379 346 1451 haec
367 1381 452 1465 vita,
476 1404 556 1475 quae
578 1386 685 1477 vulgo
703 1385 776 1458 vita
792 1385 931 1472 dicitur,
953 1397 1119 1480 tantaque
1138 1386 1288 1481 diligen-

205 1503 251 1574 tia
272 1513 449 1587 servatur,
470 1517 599 1598 quauta
622 1517 750 1594 tamen,
777 1531 850 1594 oro,
886 1518 955 1593 est,
982 1509 1047 1581 etsi
1074 1509 1178 1581 hodic
1202 1510 1288 1581 inci-

205 1628 295 1717 piat?
306 1627 420 1698 Facile
434 1628 468 1699 id
482 1630 622 1723 quidem
637 1632 806 1725 intelliget
818 1632 978 1726 quisquis
992 1631 1191 1726 praeteritos
1202 1633 1289 1705 vitae

205 1772 316 1822 annos
337 1752 543 1844 cogitatione
563 1777 784 1850 percurrens,
809 1757 931 1828 eadem
953 1754 1083 1827 scilicet
1099 1736 1285 1842 mensura,

204 1898 274 1968 qua
286 1875 363 1948 illos
377 1879 493 1972 lapsos
512 1880 682 1964 meminit,
698 1890 866 1952 venturos
883 1878 1046 1962 metiens,
1061 1900 1186 1971 usque,
1201 1877 1232 1951 si
1246 1879 1289 1950 li-

205 1995 278 2080 bet,
301 1998 345 2069 ad
365 1999 595 2071 centesimum
616 2021 745 2072 annum
768 2022 850 2095 spes
880 2020 1053 2093 curasque
1076 1999 1286 2093 porrexerit.

204 2117 304 2187 Nunc
317 2139 402 2188 vero
415 2119 552 2210 longius
566 2120 633 2191 iam
648 2122 823 2214 provectis
840 2123 1056 2214 quantulum,
1075 2140 1211 2212 quaeso,
1232 2129 1290 2193 est

206 2239 352 2333 reliqui?
370 2242 524 2313 Profecto
545 2242 636 2313 enim
656 2244 858 2337 quidquido
876 2254 976 2335 tergo
992 2251 1062 2327 est,
1078 2253 1173 2315 certa
1189 2266 1287 2317 mors

207 2362 364 2434 abstulit:
386 2364 481 2456 quod
498 2375 578 2436 ante
596 2374 664 2450 est,
684 2368 756 2438 vita
773 2367 941 2462 promittit
961 2366 1096 2450 brevia,
1115 2366 1309 2475 volatilis„

206 2494 242 2557 et
261 2486 405 2558 incerta:
426 2508 517 2579 quae,
540 2498 578 2559 ut
599 2487 739 2583 impleat
755 2491 850 2583 quod
868 2489 1065 2585 spopondit,
1081 2499 1220 2561 constat
1236 2500 1288 2561 ta·

209 2638 299 2699 men,
322 2614 389 2686 etsi
411 2615 554 2687 totidem
575 2615 657 2701 sint,
677 2616 795 2689 nescio
815 2617 1002 2709 quomodo,
1025 2614 1208 2686 breviores
1230 2636 1288 2687 se-

206 2762 289 2811 num
322 2760 433 2810 annos
466 2761 548 2810 esse
579 2760 684 2832 quam
717 2738 894 2810 iuvenum.
931 2740 1002 2809 lam
1034 2736 1114 2831 quis
1147 2735 1287 2809 dubitet

205 2865 289 2937 illud
329 2865 379 2936 sic
415 2886 496 2936 esse
520 2887 584 2961 per
607 2864 736 2947 omnia,
764 2873 803 2936 ut
831 2863 933 2936 dicis:
963 2863 1020 2934 hic
1047 2883 1112 2933 nos
1142 2862 1287 2937 assidue

207 3009 412 3083 summoque
451 2989 566 3061 studio
603 2989 681 3060 dies
718 2989 828 3061 honos
870 2997 905 3058 et
945 2987 1141 3058 felicitatem
1188 3006 1287 3080 quae-

205 3135 295 3196 rere,
329 3113 388 3184 ubi
418 3133 531 3205 neque
560 3111 636 3182 dies
667 3132 816 3204 usquam
849 3109 945 3195 honi,
980 3131 1094 3202 neque
1125 3107 1284 3195 felicitas,

207 3257 319 3329 neque
340 3233 456 3326 quies,
480 3254 593 3326 neque
616 3233 726 3317 saluS,
759 3254 872 3326 neque
895 3232 979 3316 vita,
1007 3252 1120 3325 neque
1145 3232 1286 3305 omnino

207 3356 395 3448 quidquam
433 3364 489 3425 est
525 3352 618 3425 aliud
654 3376 759 3446 quam
795 3355 922 3426 durum
959 3354 1024 3426 itcr
1067 3340 1118 3426 ac*
1147 3354 1287 3427 difficile

207 3480 252 3551 ad
278 3489 460 3563 aeternam,
490 3477 548 3549 ubi
579 3477 796 3569 respicimus,
823 3478 946 3562 vitam,
975 3481 1044 3563 vel,
1077 3477 1106 3550 si
1139 3478 1288 3570 negligi·

208 3626 295 3688 muS,
311 3604 356 3675 ad
372 3613 539 3674 aeternam
562 3604 730 3671 mortem?
749 3601 817 3672 illic
838 3622 924 3671 vero
944 3601 1020 3673 dies
1041 3601 1152 3673 bonos
1172 3590 1285 3694 quaeri

208 3737 380 3820 oportere,
398 3725 482 3797 dum
504 3735 642 3817 ternpus
659 3735 726 3807 est,
741 3724 801 3796 ubi
822 3724 952 3819 optima
974 3746 1015 3797 ac
1034 3726 1188 3820 perlecta
1205 3731 1286 3796 sunt

208 3849 347 3920 omnia?
368 3850 500 3921 Caetera
533 3847 666 3919 eisdem
699 3849 734 3918 in
767 3846 890 3917 litteris
925 3847 993 3918 tuis
1025 3846 1286 3939 elegantissime

209 3979 352 4044 tractata
372 3984 557 4066 praetereo,
586 3970 680 4063 quod
699 3978 734 4042 et
754 3969 913 4042 absoluta
939 3992 997 4042 res
1017 3982 1084 4055 est,
1107 3979 1143 4040 et
1162 3969 1200 4040 in
1224 3990 1285 4042 ore

207 4093 398 4187 peccatoris
432 4092 581 4165 hominis
614 4093 742 4164 devota
775 4114 897 4185 parum
932 4090 1147 4164 auctoritatis
1180 4089 1287 4163 habet

208 4215 326 4300 oratio,
341 4217 375 4286 in
394 4217 529 4288 silentio
549 4216 725 4288 admirans
742 4226 777 4288 et
797 4217 902 4288 animi
923 4217 973 4287 tui
989 4215 1230 4300 constantiam,
1250 4222 1286 4286 et

210 4337 278 4408 stili
306 4339 424 4421 robur,
452 4361 523 4430 quo
557 4339 641 4410 satis
674 4338 862 4411 admoneor
887 4339 990 4411 alium
1013 4336 1199 4432 quemdam
1224 4339 1286 4409 ha·

208 4462 329 4537 buisse
350 4463 435 4536 lein
457 4466 667 4537 monasterio
694 4475 939 4560 praeceptorem
964 4487 1066 4557 quam
1095 4464 1128 4535 in
1156 4465 1285 4537 saeculo
