2738 5062
472 634 512 683 bit
535 634 636 683 llEllllS
658 632 879 683 Ftltttlttttnns

558 946 734 1011 brlsrotu
755 946 798 1010 ll'.

195 1146 386 1195 rutbclscbs
408 1142 576 1192 Pbrntttttt
596 1142 727 1191 ebiberit
747 1139 990 1191 ARGfltbtllcoito
1014 1140 1188 1194 unbertus}

616 1248 642 1293 S.
666 1248 693 1294 l‘.
716 1247 746 1293 Il.

180 1414 280 1469 Narrat
294 1414 329 1468 de
344 1413 538 1468 Genuensibus
553 1412 582 1467 in
594 1410 678 1466 lldem
692 1410 803 1465 Domini
818 1410 1041 1468 blediolanensis
1053 1416 1200 1488 receptis,

265 1504 354 1575 dequo
369 1518 467 1557 eorum
481 1506 555 1556 sorte
568 1501 706 1557 solicitum
720 1500 773 1572 piis
788 1500 901 1555 monitis
912 1504 1092 1559 consolatur.

237 1743 444 1840 Expectabo
465 1743 669 1835 supplicium
694 1754 765 1813 est:
792 1742 859 1813 boc
886 1752 919 1813 te
945 1764 1055 1836 quam
1081 1744 1234 1837 primum

125 1870 287 1941 liberare
307 1866 475 1960 disposui.
499 1868 618 1959 ltaque
640 1875 718 1958 post
738 1886 805 1937 uon
828 1867 957 1936 multos
977 1864 1059 1938 dies
1079 1868 1232 1962 primum

139 1990 248 2064 cladis
270 1989 427 2059 nuntium
449 2000 598 2080 sequuta
620 1986 746 2079 legatio
772 1984 938 2057 solemnis
960 1986 1031 2058 buo
1053 1990 1156 2063 venit
1175 2010 1233 2061 so

141 2114 215 2183 bria
226 2111 391 2204 quadam,
405 2117 441 2181 et
461 2118 501 2179 ut
519 2108 565 2179 ita
586 2109 750 2192 dixerim,
774 2107 972 2179 veneranda
996 2109 1156 2196 tristitia,
1178 2121 1231 2185 at-

140 2254 217 2325 que,
235 2240 271 2302 ut
283 2233 461 2321 eleganter
472 2230 519 2301 ait
533 2231 675 2313 Statius,
695 2230 804 2301 multa
819 2248 900 2299 eum
919 2228 1106 2301 maiestate
1120 2232 1228 2303 malo

141 2375 229 2425 rum.
255 2353 339 2423 Erat
365 2354 397 2422 in
425 2352 535 2423 oculis
557 2366 706 2446 aoceptae
727 2351 838 2446 pudor
858 2351 1086 2441 ignominiae,
1109 2364 1146 2425 et
1166 2376 1228 2447 pn·

140 2476 220 2548 blici
239 2475 356 2549 damni
376 2474 487 2559 dolor,
509 2483 544 2545 et
565 2475 687 2567 patriae
709 2473 898 2556 miseratio,
924 2473 1086 2568 interque
1108 2486 1160 2548 tot
1178 2478 1225 2547 al-

139 2603 249 2673 lectus
283 2600 449 2695 trepidos,
484 2597 676 2690 indignatio
709 2597 812 2679 acris,
845 2607 881 2667 ct
911 2594 1040 2667 ardeus
1060 2599 1224 2691 quaedaru

141 2722 288 2795 scintilla
310 2722 482 2794 viudietae.
504 2720 621 2791 blultis
643 2720 784 2812 quidem
818 2739 874 2789 res
908 2730 985 2789 acta
1018 2720 1225 2793 tractatibus

140 2864 229 2937 quos
250 2846 346 2916 locus
373 2846 437 2915 iste
463 2864 530 2914 nou
551 2843 661 2937 capit:
686 2842 825 2914 tandem
847 2862 1012 2933 supremo
1032 2840 1112 2913 dies
1133 2844 1226 2917 adsi-

141 2980 245 3061 gnata
263 2969 539 3061 colloquioque
554 2966 612 3037 ubi
627 2966 754 3049 illuxit,
771 2964 884 3036 vocati
896 2985 1020 3035 ornnes
1038 2966 1225 3051 adfuimus,

142 3090 331 3183 atquo-illis
353 3089 529 3162 dominnm
551 3084 814 3183 expectantibus
836 3086 955 3157 iussus
982 3108 1103 3160 comes
1124 3110 1225 3167 esse.

142 3212 267 3304 cupide
280 3212 500 3307 parui‚utqui
514 3220 671 3304 optarem
687 3220 822 3281 moestae
832 3209 958 3279 seriem
972 3209 1227 3305 historlae‚qutt·-

143 3335 249 3423 vulgo
272 3335 365 3403 varie
386 3334 630 3405 iactareturex
646 3354 706 3403 ore
720 3331 860 3402 scientis
882 3330 1074 3403 addiscere.
1099 3334 1228 3406 Conse-

142 3452 275 3522 dimus:
298 3455 403 3543 regiae
421 3456 546 3526 domus
566 3457 598 3524 in
619 3454 730 3527 medio
751 3457 829 3526 aula
849 3444 973 3545 ingens
989 3466 1045 3525 est
1061 3478 1151 3528 auro
1167 3478 1229 3529 ve-

144 3574 235 3647 stitis
270 3574 378 3643 muris
408 3596 448 3644 ao
479 3575 634 3647 trabibus
656 3578 781 3667 insigni
804 3578 938 3669 fulgore
961 3576 1141 3650 mirabilis.
1165 3578 1228 3651 Ubi

143 3722 222 3769 curn
246 3696 340 3766 multi
361 3718 407 3765 ex
430 3695 550 3766 aulicis
570 3699 831 3781 convenissent,
852 3722 937 3771 casu
960 3699 1043 3769 mibi
1066 3702 1229 3799 prinecps

145 3819 326 3912 legationis
346 3819 379 3889 in
399 3828 492 3890 sorte
511 3818 630 3901 datuS,
649 3819 705 3888 vir
722 3819 877 3911 prudeus
894 3831 930 3891 et
948 3823 1142 3894 litterarum
1160 3846 1229 3897 nou

145 3943 303 4034 ignarus,
326 3965 395 4036 quo
428 3964 507 4013 eum
543 3963 659 4014 serino
693 3942 775 4013 mibi
806 3967 869 4039 pro
901 3956 1055 4037 tempore
1089 3948 1228 4032 varius,

144 4063 245 4133 ouius
265 4064 309 4135 de
330 4076 375 4146 te,
399 4086 503 4157 quem
527 4064 582 4136 ille
603 4064 710 4157 probe
732 4077 891 4147 uouerat,
915 4065 1023 4159 prinra
1047 4087 1130 4160 pars
1151 4067 1230 4149 fuit,

146 4186 304 4276 proxima
338 4187 382 4256 de
417 4197 507 4257 statu
544 4187 664 4280 patriae
698 4188 854 4259 uroestior
882 4208 922 4258 ao
943 4189 1080 4280 longior
1100 4192 1229 4273 oratio,

144 4308 244 4379 euius
267 4306 341 4377 lraec
362 4329 497 4378 sumrua
519 4309 593 4380 luit.
607 4310 726 4381 Omnis
745 4310 884 4403 quidem
903 4311 1046 4382 iulelieis
1066 4312 1175 4405 praelii
1194 4313 1230 4383 iu

147 4453 252 4502 rruurn
273 4430 397 4501 (laricem
419 4432 518 4521 eulpa
542 4431 742 4503 rellectitur:
757 4433 815 4523 qui
832 4430 960 4503 utinam
976 4434 1231 4525 Carthaginen-
