2736 5026
390 308 477 350 motin
504 308 529 349 m
545 306 670 349 nin-mm
687 308 709 346 s.
724 323 760 331 —
776 304 922 348 lrtd‘ota
950 303 987 346 tt.
1169 292 1219 343 litt

146 441 206 510 aut
224 438 385 531 Neptuni,
404 440 459 509 eni
477 439 658 533 imperium
679 435 791 529 pelagi
813 457 1017 529 saevumque
1036 434 1218 505 tridentem

146 573 237 633 sorte
257 561 376 634 datum
397 562 498 633 illusa
523 560 657 655 putavit
686 559 888 651 antiquitas,
918 559 982 631 sed
1006 557 1133 630 Christi
1158 558 1221 628 do-

145 706 242 767 nurn,
266 708 322 757 our
343 706 425 756 vere

460 879 567 943 dirum
583 884 668 958 pater
686 884 776 956 atquo
793 878 952 940 bominum
971 872 1030 940 rex'

303 979 338 1041 lit
355 979 489 1041 mulcere
507 977 587 1041 dedit
603 979 711 1040 lluotns
730 985 758 1039 et
776 975 881 1039 tollere
900 983 1004 1050 vento,

143 1183 203 1276 qui
223 1203 305 1254 vere
326 1181 417 1254 dicto
433 1180 534 1253 citius
556 1179 686 1252 tumida
707 1200 846 1272 aequora
864 1180 988 1270 placat,
1007 1199 1070 1247 neo
1090 1186 1220 1247 tantum

145 1326 299 1397 aequora,
323 1306 386 1377 sed
406 1307 533 1377 eoelum
555 1303 644 1395 regit
664 1324 704 1374 ao
726 1314 851 1385 terrae,
873 1309 921 1385 et,
943 1322 1013 1392 qua
1030 1302 1125 1371 nulla
1142 1322 1222 1392 gra-

144 1428 222 1499 vior
241 1440 296 1499 est
315 1430 477 1521 procella,
501 1439 587 1500 nutu
609 1428 682 1498 solo
707 1425 901 1518 comprimit
926 1423 1119 1494 animorum
1144 1423 1221 1493 llui-

143 1551 286 1622 tantium
301 1559 535 1644 tempestates,
549 1571 589 1620 ao
606 1549 787 1642 passiones
804 1546 986 1617 eliminans
1005 1552 1041 1616 et
1058 1566 1220 1614 serenum

142 1674 331 1757 revebens,
353 1696 422 1745 non
440 1671 637 1767 improprie,
663 1682 699 1741 nt
717 1680 772 1741 est
792 1668 885 1762 apud
907 1681 1058 1760 poetam,

304 1864 506 1942 collectasque
524 1864 606 1938 lugat
624 1860 719 1922 nubes
735 1861 892 1939 solemque
909 1858 1033 1923 reducit.

144 2042 326 2113 Multarum
348 2043 392 2112 illi
415 2064 530 2114 rerum
551 2065 590 2115 es
608 2042 756 2126 debitor,
782 2043 814 2111 in
842 2040 969 2134 quibus
987 2040 1082 2113 baud
1099 2048 1217 2112 extro-

143 2188 235 2237 mam
256 2165 403 2238 dixerim
424 2167 627 2239 modestiam
649 2168 739 2238 illam
761 2189 841 2258 quae
859 2189 904 2236 ex
927 2165 1048 2235 litteris
1071 2166 1138 2236 tuis
1160 2187 1219 2236 oo-

142 2291 238 2382 gnita
266 2313 394 2384 magno
419 2313 474 2362 me
499 2291 626 2382 gaudio
658 2290 782 2372 affecit,
818 2288 877 2358 ubi
911 2298 946 2358 et
975 2289 1217 2380 Episcopaturn

142 2426 238 2485 tuum
266 2413 326 2482 tibi
351 2413 576 2482 suffecturum
604 2411 771 2502 spondes
793 2411 883 2479 etin
911 2408 1013 2479 finem
1043 2411 1122 2490 alt0,
1152 2410 1218 2479 nisi

144 2555 198 2603 me
218 2554 315 2601 amor
333 2532 431 2613 lallit,
453 2532 569 2600 animo
586 2530 781 2618 subiungis,
801 2551 864 2599 neo
881 2531 996 2600 minus
1014 2552 1096 2600 vere
1112 2552 1217 2621 quam

144 2652 189 2724 ad
209 2673 322 2722 meam
355 2650 560 2721 sententiam
593 2649 964 2730 accommodatissime,
986 2671 1158 2741 nusquam
1184 2662 1217 2722 te

143 2797 211 2847 non
232 2776 333 2866 longe
354 2773 478 2846 melius
498 2795 602 2866 quarn
637 2771 812 2867 Babylone
838 2771 1022 2842 victurum.
1048 2773 1218 2845 Praeclare

142 2897 283 2990 quidem
304 2920 344 2968 ac
365 2894 558 2988 magnifiee.
579 2897 664 2967 Nam
684 2905 719 2966 et
735 2894 790 2967 cui
812 2916 927 2965 rerum
941 2894 1069 2988 optima
1088 2894 1219 2968 medio-

141 3019 245 3090 critas
267 3040 335 3088 non
356 3016 492 3102 sufficit,
516 3019 621 3088 nullae
641 3014 815 3112 sufficient
841 3037 938 3109 opes;
964 3026 998 3088 et
1025 3016 1084 3109 qui
1109 3021 1218 3089 semel

140 3142 277 3215 fastidia
295 3142 398 3213 buius
416 3162 526 3214 sacrae
545 3140 641 3211 urbis
658 3149 825 3232 expertus
842 3149 910 3222 eet,
929 3138 994 3209 nisi
1014 3141 1098 3211 lorte
1115 3142 1217 3232 longa

141 3265 390 3337 consuetudine
412 3265 490 3335 imis
517 3262 675 3336 medullis
696 3262 937 3359 babylonicum
958 3262 1058 3334 viros
1078 3264 1217 3336 insede-

143 3386 187 3456 rit
200 3385 299 3479 (quos
316 3389 519 3483 exeeptione
537 3387 601 3458 bac
614 3397 733 3459 notare
753 3384 864 3471 velim,
882 3385 1068 3479 intelligis),
1085 3389 1215 3457 nullum

143 3520 214 3580 toto
235 3532 385 3600 unquam
411 3509 495 3581 orbe
520 3509 652 3581 videbit
682 3510 893 3582 inamoenum
926 3513 1056 3582 locum:
1078 3511 1123 3582 de
1146 3533 1216 3604 quo

142 3644 177 3705 et
203 3633 312 3702 multa
336 3653 430 3725 saepe
462 3631 537 3704 dixi
563 3642 599 3702 et
624 3634 721 3723 plora
741 3633 907 3717 dicerem,
929 3633 964 3703 ni
985 3655 1128 3704 vererer
1147 3657 1216 3705 non

143 3765 212 3827 tam
227 3755 330 3827 huius
344 3754 479 3850 paludis
501 3754 730 3837 habitatores,
745 3757 852 3845 vulgo
870 3777 1017 3846 magnos
1031 3776 1071 3826 ao
1084 3757 1213 3842 felices,

142 3880 225 3951 mihi
245 3887 362 3950 autern
383 3900 527 3972 prorsus
550 3875 766 3948 miserabiles
787 3899 828 3948 ac
848 3876 1011 3971 pusillos,
1034 3884 1137 3973 quarn
1160 3903 1216 3951 me

143 4002 256 4098 ipsum
289 4001 485 4085 offendere,
517 4003 576 4094 qui
607 4000 841 4093 indignantem
871 4003 1084 4075 stomachum
1115 4003 1216 4096 gravi

141 4126 463 4199 commemoratione
487 4137 522 4194 et
546 4122 727 4213 indigestis
749 4125 946 4198 nominibus
966 4126 1148 4200 exacerbo.
1173 4125 1215 4193 ll-

265 4258 290 4297 n.
1033 4249 1060 4296 ta
