2738 5062
386 624 480 701 ornan
501 651 903 701 enuncians-smmum
926 655 985 701 xri.
1167 645 1220 705 tlt

140 784 233 857 vobis
270 784 500 878 potissimum
532 806 579 854 ex
612 785 705 855 omni
740 807 837 857 sacro
870 787 1013 878 collegio
1047 790 1222 862 Romanus

141 906 299 980 Pontifex
320 905 515 998 gloriosum
537 904 602 976 hoc
622 915 658 975 et
678 906 903 991 meritorium,
933 908 1094 1000 quamvis
1120 931 1221 1004 aequa

141 1010 234 1103 lance
254 1025 470 1099 librantibus
491 1027 644 1122 apprime
671 1050 793 1119 gravo,
817 1030 951 1122 pondus
974 1031 1174 1119 iniunxerit,
1202 1058 1222 1106 c

141 1151 269 1249 quibus
291 1162 377 1236 tres,
400 1160 526 1243 praeter
547 1150 850 1243 profundissimam
868 1153 1070 1246 sapientiam
1088 1155 1221 1229 uberri-

144 1296 310 1367 mamque
321 1273 523 1356 doctrinam,
540 1295 759 1344 romanarum
776 1296 914 1366 qnoque
933 1299 1049 1349 rorum
1067 1280 1220 1352 notitiam

142 1398 362 1494 experientia
389 1395 580 1477 docuisset;
601 1406 746 1488 quartus
775 1418 859 1467 vero
886 1421 953 1469 non
981 1401 1081 1470 modo
1108 1424 1220 1473 roma-

143 1543 197 1595 nae
216 1528 320 1593 esset
337 1518 497 1611 originis,
525 1518 588 1589 scd
607 1540 720 1609 genus
736 1517 854 1601 etiam,
874 1531 912 1589 nt
930 1517 1069 1611 quidam
1091 1530 1220 1612 putant,

141 1668 189 1718 ex
207 1643 384 1716 altissima
409 1662 451 1714 ac
475 1641 713 1713 vetustissima
741 1642 891 1714 traheret
916 1648 1017 1733 gente
1043 1642 1220 1728 Cornelia3

142 1779 178 1840 et
196 1766 256 1839 hic
277 1766 313 1860 (o
334 1787 419 1837 vcra
437 1765 560 1856 pietas,
580 1766 739 1857 opatriae
756 1764 866 1835 dulcis
886 1766 1029 1857 amorl),
1049 1766 1220 1838 adversus

143 1888 333 1983 superbam
362 1886 589 1972 nobilitatem,
621 1887 750 1958 athleta
776 1886 1001 1971 fortissimus,
1032 1887 1221 1960 indefensae

141 2034 285 2087 causam
305 2009 417 2105 plebis
430 2021 550 2103 ageret
561 2022 595 2082 et
607 2031 787 2105 oppressae
800 2010 1025 2104 patrocinium
1040 2010 1219 2083 libertatis.

145 2137 241 2207 llanc
257 2134 364 2227 igitur
383 2133 429 2207 ad
448 2155 590 2206 causam
616 2158 638 2206 a
657 2136 728 2204 Deo
750 2131 882 2206 indicos
908 2134 979 2206 dati
1005 2136 1136 2205 nullum
1163 2157 1220 2207 so-

148 2256 274 2328 oordiae
294 2257 418 2341 locum,
442 2257 571 2326 nullum
593 2256 754 2327 humanis
772 2256 931 2349 precihus
948 2270 1008 2329 aut
1025 2258 1147 2350 gratiae
1165 2283 1219 2329 ro-

151 2379 318 2471 linquatis.

243 2501 310 2574 Sed
331 2510 369 2572 ut
389 2502 456 2571 iam
479 2502 615 2573 tandem
641 2503 844 2596 qnaestionis
864 2514 900 2574 et
926 2506 1105 2575 sentcntiae
1130 2526 1218 2575 mom

144 2645 316 2697 summam
338 2623 439 2694 brevi
460 2646 618 2695 sermone
640 2626 861 2718 complectar,
882 2627 923 2695 lis
940 2626 1079 2718 antiqua
1097 2630 1220 2719 repeti-

144 2757 210 2819 tur.
232 2744 349 2839 Atque
364 2747 492 2817 utinam
509 2746 633 2839 priscae
652 2746 824 2838 superbiae
841 2749 888 2817 nil
906 2767 1008 2818 novae
1026 2748 1218 2842 tyrannidis

143 2867 364 2942 accessisset.
389 2868 518 2960 ignava
539 2871 747 2962 placensque
768 2867 886 2937 sibiet
907 2889 1076 2961 spernens
1098 2878 1218 2940 cuncta

147 2990 307 3063 nobilitas
321 2990 513 3061 humilitate
538 2989 643 3060 nimia
672 3008 825 3058 romanae
850 2987 959 3081 plebis
977 2987 1138 3073 abutitur,
1157 3014 1221 3062 nec

146 3113 248 3185 aliter
264 3135 370 3205 quam
391 3113 533 3185 totidem
554 3114 679 3184 Poenos
696 3120 756 3183 ant
781 3110 937 3181 Cimbros
959 3120 1079 3204 captos
1099 3123 1134 3183 et
1155 3112 1221 3183 sub

146 3236 265 3330 iugum
289 3236 430 3320 missos
454 3234 722 3328 ignominiosum
744 3233 912 3327 protrahit
932 3234 977 3305 ad
998 3233 1219 3326 triumphum.

146 3357 252 3453 Atqui
271 3361 366 3431 nulla
385 3360 463 3450 lege
483 3368 635 3444 cautum,
664 3359 756 3428 nullo
783 3379 877 3429 more
903 3366 1104 3442 servatum,
1132 3380 1221 3428 nun-

148 3503 253 3575 quam
287 3483 373 3554 alias
407 3481 510 3553 fando
542 3481 699 3552 anditum
734 3491 803 3564 est,
840 3490 877 3550 ut
911 3480 1051 3552 domitis
1084 3478 1220 3552 civibus

148 3604 387 3700 triumphetur.
410 3605 537 3676 Verum
559 3605 624 3676 hoc
644 3603 748 3675 etiam
770 3607 842 3676 loco
860 3624 928 3674 non
949 3605 1098 3675 alienum
1119 3603 1222 3674 fuerit

148 3728 315 3814 interfari,
338 3751 383 3799 nc
403 3751 472 3821 qna
491 3729 636 3799 orationi
664 3749 751 3799 mem
772 3729 826 3798 vel
854 3727 940 3797 levis
962 3726 1031 3799 odii
1052 3725 1098 3798 sit
1117 3726 1221 3796 inter-

150 3853 259 3924 mixta
280 3852 446 3945 suspicio,
468 3874 525 3921 me
545 3850 674 3923 scilicet
693 3851 833 3933 harum,
857 3848 948 3921 unde
964 3872 1006 3921 ea
1026 3851 1068 3919 lis
1098 3850 1219 3929 oritur,

150 3974 356 4047 familiarum
390 3976 532 4046 alteram
566 3995 634 4045 non
668 3972 798 4054 odisse,
821 3974 964 4044 alteram
997 3992 1101 4054 vero,
1128 3972 1222 4063 quod

152 4118 420 4169 commemorare
441 4099 666 4191 superfluum,
689 4119 758 4168 non
779 4118 896 4167 amore
914 4096 1024 4165 solnm
1044 4092 1107 4164 scd
1124 4094 1222 4164 fami-

152 4219 223 4293 liari
255 4220 408 4314 quodam
442 4241 578 4314 semper
615 4219 783 4310 obsequio
820 4216 983 4301 coluisse,
1023 4217 1222 4311 nullamque

153 4340 184 4413 in
210 4352 282 4415 toto
315 4343 399 4415 orbe
432 4342 624 4435 principum
657 4342 861 4413 familiarum
889 4364 944 4413 me
969 4341 1135 4413 cariorem
1161 4340 1223 4410 ha-

154 4466 280 4541 buisse.
303 4467 422 4539 Carior
444 4477 556 4538 tamon
580 4465 662 4537 mihi
685 4487 740 4535 res
766 4463 915 4557 publica,
947 4465 1059 4537 carior
1092 4464 1220 4537 Roma,
1346 4488 1357 4535 n
