2738 5062
142 636 200 696 lto
478 653 518 698 un
538 652 639 700 uncus
662 652 884 700 rnururlnruus

140 815 226 866 caue
247 804 440 888 perempto,
467 797 582 866 nullus
603 794 812 889 peragendae
837 793 972 864 iniuriae
995 796 1093 867 locus
1113 808 1222 868 esset.

140 916 236 989 Alios
256 938 395 1010 quoque
420 918 625 1011 superstites
654 916 806 989 dominis
826 916 1028 998 interiectis,
1052 918 1118 990 sed
1136 919 1221 989 affli-

141 1050 215 1112 ctos
233 1038 436 1110 vulneribus
457 1060 708 1134 perseverasse
729 1051 857 1122 tamen,
879 1048 915 1110 et
934 1041 1076 1132 quando
1096 1040 1142 1111 ab
1159 1041 1221 1113 ho

143 1164 272 1235 minum
290 1163 545 1255 nequivissent,
565 1162 729 1234 dilectum
748 1184 875 1258 corpus
892 1185 913 1234 a
929 1165 1081 1234 ferarum
1100 1163 1221 1235 saltem

143 1308 183 1357 ac
203 1288 380 1357 volucrum
402 1285 526 1357 iniuria
552 1284 761 1357 defendisse.
792 1284 969 1368 Quosdam
1002 1285 1220 1357 dominorum

141 1407 315 1480 interitum
353 1407 570 1479 vindicasse:
603 1407 772 1500 quosdam
807 1429 893 1479 vero
925 1407 1086 1481 dominos
1126 1408 1221 1480 humi

141 1531 284 1605 obrutos
315 1532 476 1604 officiosis
507 1533 683 1624 unguibus
714 1532 890 1615 effodisse,
919 1542 955 1603 et
985 1533 1222 1604 interfectores

142 1654 254 1725 turbae
275 1656 503 1750 spectantium
518 1655 696 1727 immixtos
709 1668 744 1728 et
761 1656 937 1728 morsibus
961 1653 1095 1727 crebris
1111 1664 1148 1727 et
1162 1655 1223 1726 de-

142 1775 199 1848 bili
217 1780 341 1848 latratu
347 1833 426 1847 .......
431 1764 438 1796 ¹
454 1798 561 1872 prope
574 1776 619 1848 ad
634 1786 793 1850 extrema
810 1789 1017 1872 perventum
1029 1786 1097 1849 est.
1112 1777 1219 1864 Alius,

141 1900 303 1972 extinctis
326 1900 490 1984 dominis,
514 1900 592 1972 cibo
614 1922 726 1993 usque
755 1901 800 1972 ad
831 1900 965 1972 exitum
987 1899 1220 1973 abstinuisse:

140 2024 235 2116 quod
260 2022 391 2093 Patavii
419 2046 530 2116 nuper
561 2023 608 2094 illi
638 2024 714 2096 viro
733 2022 873 2115 optimo,
902 2023 1004 2094 euius
1029 2044 1100 2094 nou
1122 2020 1222 2096 modo

141 2146 277 2227 animae,
293 2145 355 2216 sed
369 2145 475 2215 cineri
489 2147 742 2239 memoriaeque,
757 2148 902 2216 multum
916 2145 1039 2227 debeo,
1054 2157 1221 2239 postcru-

141 2267 256 2337 delem
279 2267 374 2336 illum
407 2276 443 2336 et
463 2266 622 2338 lacrimas
643 2277 869 2339 renovantem
892 2269 974 2338 vitae
995 2266 1110 2353 finem,
1138 2290 1220 2341 suus

142 2390 238 2461 canis
260 2389 344 2460 mihi
365 2392 466 2480 plane
486 2398 590 2459 notus
616 2391 785 2482 praestitit.
810 2391 1002 2462 Nonnullos
1022 2391 1221 2463 audivimus

144 2512 291 2608 sepulcri
326 2532 414 2584 saxo
440 2511 658 2604 pertinaciter
688 2512 887 2597 inhaesisse,
915 2535 979 2585 nec
1005 2523 1087 2584 ante
1110 2513 1221 2586 divul-

144 2657 203 2708 sos
220 2658 325 2729 quam
346 2635 459 2708 inedia
482 2634 641 2728 perirent.
663 2635 759 2707 Alios
781 2635 975 2708 ardentium
1000 2636 1221 2709 dominorum

144 2782 247 2853 rogos
269 2757 446 2832 insiluisse
462 2770 566 2852 atque
587 2759 719 2831 arsisse
739 2760 912 2831 cumillis.
935 2760 1059 2830 Mirum
1078 2780 1100 2829 a
1116 2760 1222 2830 Plinio

144 2886 303 2958 Secundo
322 2906 363 2957 ac
376 2883 492 2957 Solino
506 2882 669 2956 scribitur
684 2882 930 2955 Garamantum
948 2904 1069 2973 regem
1084 2881 1133 2954 ab
1148 2882 1222 2954 exi-

144 3009 188 3080 lio
207 3009 433 3079 ducentorum
454 3029 579 3079 canum
593 3029 655 3101 pro
669 3029 707 3077 se
723 3015 842 3078 contra
863 3006 1086 3077 adversarios
1104 3004 1222 3077 decer-

143 3133 288 3204 tantium
320 3129 487 3221 obsequio
520 3128 679 3199 rediisse.
714 3126 945 3199 Miserabilius
976 3128 1072 3220 quod
1103 3130 1222 3200 Romae

143 3262 255 3324 actum
278 3251 411 3323 dicunt:
437 3271 558 3321 canem
583 3250 784 3322 damnatum
806 3250 998 3333 dominum,
1023 3273 1104 3322 curn
1127 3272 1222 3344 aegre

143 3383 262 3467 posset
272 3373 421 3457 excludi,
440 3373 474 3443 in
490 3394 667 3445 carcerem
680 3383 917 3468 prosecutum,
936 3395 976 3444 ac
989 3374 1127 3461 deinde,
1145 3396 1222 3471 per-

143 3517 248 3569 cusso
264 3495 417 3579 domino,
432 3518 553 3567 canem
566 3495 697 3587 ingenti
719 3497 851 3567 ululatu
872 3496 1029 3568 dolorem
1047 3497 1223 3590 proprium

144 3622 251 3692 fuisse
264 3629 439 3702 testatum,
455 3619 595 3691 demum
609 3642 698 3704 cum,
713 3623 839 3713 populo
853 3621 1048 3704 miserante,
1063 3621 1221 3692 adesum

144 3743 361 3825 invitaretur,
380 3741 533 3813 oblatum
555 3739 670 3812 cibum
693 3742 736 3814 ad
754 3765 793 3814 os
815 3742 945 3815 domini
966 3745 1019 3816 sui
1041 3743 1220 3815 retulisse:

144 3877 319 3960 postremo
345 3866 506 3938 iactatum
533 3865 568 3936 iu
593 3863 742 3936 Tiberim
763 3868 929 3952 cadaver,
952 3867 1143 3940 innatando
1167 3886 1222 3938 se·

142 4012 212 4083 que
231 3992 356 4064 dilecto
375 3992 471 4063 oneri
493 3988 734 4074 subiectando,
758 3999 956 4062 sustentare
984 3991 1103 4062 visum
1124 4009 1219 4071 esse,

143 4136 211 4184 non
232 4116 402 4187 immerito
419 4116 573 4209 quidem,
589 4125 628 4185 ut
641 4113 751 4206 ipsius
769 4113 868 4184 Plinii
885 4113 993 4185 verbo
1012 4125 1103 4197 utar,
1123 4114 1221 4206 effusa

145 4235 352 4307 multitudine
383 4237 427 4307 ud
458 4237 668 4332 spectandum
700 4237 857 4306 animulis
888 4233 997 4328 fidem.
1020 4237 1220 4307 tununen-

235 4420 243 4451 Ι
260 4422 351 4483 Aperte
365 4427 448 4484 patet,
460 4421 515 4472 heic
527 4422 647 4473 nonnulla
663 4421 738 4472 rerba
754 4419 859 4483 deesse,
871 4434 927 4486 quie
941 4421 965 4471 in
981 4419 1120 4472 florentinis
1131 4415 1218 4470 codici·

145 4500 192 4551 bus
208 4500 392 4552 desiderantur.
