2738 5062
420 710 513 760 trnnn
535 711 648 761 nouus.
662 710 863 761 -srrsrota
884 713 950 773 rull,
1183 699 1220 760 tr

141 833 190 904 ria
209 827 404 902 recessisti.
426 827 584 898 [tolerem
597 836 711 919 elego
732 850 824 898 nunc
840 827 970 920 pariter
985 827 1099 899 vicem
1119 840 1220 914 tuam,
1276 918 1279 922 λ

140 953 208 1025 nisi
240 964 279 1025 tu
306 953 371 1023 iter
394 950 471 1022 eius
503 949 703 1035 miseratus,
730 949 832 1022 tacite
857 951 996 1043 quidem
1024 960 1057 1022 te
1089 951 1222 1024 felicem

139 1075 302 1148 absentia
327 1072 509 1144 iudicares.
531 1071 702 1144 Gaudenti
727 1081 843 1143 autem
867 1073 1031 1168 compati,
1046 1094 1125 1143 non
1151 1072 1226 1164 pie-

142 1199 231 1283 tatis,
255 1195 319 1268 sed
343 1193 528 1266 dementiae
553 1215 642 1287 opus
667 1205 736 1278 est,
759 1193 827 1264 nisi
845 1195 932 1265 sorte
953 1194 1111 1265 miserari
1137 1196 1224 1267 falso

141 1315 273 1411 gaudio
293 1317 512 1409 gaudentem,
531 1316 730 1387 cadomum
750 1314 986 1386 misericordia
1005 1338 1141 1389 summa
1157 1325 1223 1388 est.

141 1442 317 1514 Caeterum
344 1437 410 1509 etsi
437 1448 475 1509 tu
500 1447 579 1509 ante
598 1447 736 1530 tempus
756 1437 943 1509 immobilis
963 1441 1075 1510 lactus
1096 1460 1144 1523 es,
1163 1460 1225 1532 pa-

142 1575 217 1635 tere
244 1572 362 1633 mmen
390 1581 494 1652 aequo
513 1559 629 1631 animo
653 1558 761 1643 bunc,
787 1583 892 1652 quem
919 1572 989 1632 tota
1009 1570 1125 1631 mente
1149 1560 1226 1631 dili-

143 1705 229 1776 gere
262 1693 356 1754 certe
389 1681 477 1766 scio,
507 1682 636 1754 inertes
676 1702 793 1752 moras
830 1683 941 1755 itineri
979 1682 1226 1780 posthabuisse

143 1803 340 1897 magnifico.
375 1804 501 1875 Virens
534 1805 626 1875 enim
656 1816 745 1877 aetns
778 1812 853 1888 est,
887 1829 1013 1900 corpus
1045 1807 1223 1892 validum,

143 1929 336 2022 praeclarus
363 1925 522 2018 sanguis,
550 1929 657 1997 altum
683 1929 875 2019 ingenium,
906 1929 1033 2000 ardens
1058 1930 1226 2002 noscendi

143 2048 339 2144 cupiditas3
361 2049 395 2119 bi
419 2059 501 2120 sunt
521 2047 666 2133 stimuli,
694 2049 823 2143 quibus
843 2049 1014 2145 impulsus
1040 2059 1075 2121 et
1095 2052 1227 2143 Sequa-

143 2194 226 2243 nam
246 2180 283 2243 et
302 2171 507 2244 Rhodanum
530 2172 689 2243 amittere
709 2194 817 2245 ausus
837 2183 902 2243 est.
920 2173 1018 2244 Neve
1039 2175 1131 2245 solos
1150 2173 1226 2267 phi-

144 2293 312 2388 losophos
335 2294 590 2387 peregrinatos,
618 2306 722 2390 atqua
748 2297 813 2369 hoe
838 2295 982 2367 obtentu
1008 2297 1100 2369 hunc
1129 2297 1226 2389 regia

145 2415 309 2509 prosapia
337 2427 450 2488 ortum
479 2416 525 2488 ab
556 2418 690 2491 illorum
721 2419 936 2492 humanitate
969 2420 1225 2513 segregandum

144 2546 259 2632 putes,
281 2537 527 2610 illustrioribus
547 2542 723 2636 exemplis
739 2563 852 2633 agam.
874 2543 1030 2627 Quatuor
1049 2553 1085 2614 et
1103 2540 1226 2632 viginti

145 2681 258 2733 annos
283 2670 389 2731 natus
413 2669 489 2732 erat
506 2661 635 2758 Scipio,
662 2686 741 2736 cum
768 2665 942 2737 adversus
967 2677 1114 2759 quatuor
1139 2663 1227 2735 vali-

144 2784 312 2857 dissimos
324 2782 662 2874 Carthaginiensium
678 2785 866 2869 exercitus,
881 2786 1095 2877 totidemque
1106 2784 1227 2854 claris-

146 2905 254 2978 simos
271 2904 381 2976 duces
398 2904 434 2975 in
455 2905 640 3002 Hispanias
658 2910 830 3001 prolectas
848 2918 911 2991 est,
931 2908 1010 2979 inde
1028 2908 1227 2978 innumera-

147 3026 276 3098 bilibus
311 3027 466 3099 victoriis
503 3039 648 3100 ornatus
686 3026 848 3098 rediens:
881 3049 960 3096 eum
993 3035 1092 3119 parta
1124 3025 1227 3098 laude

146 3158 331 3222 contentus
362 3149 456 3222 domi
487 3172 628 3222 manere
662 3158 798 3245 posset,
833 3155 975 3219 tonante
1006 3168 1069 3239 per
1095 3146 1226 3218 ltaliam

147 3273 358 3357 Hannibale,
393 3274 427 3343 in
460 3272 610 3344 hlricam
645 3272 794 3344 transire
827 3268 969 3354 maluit,
1003 3278 1038 3342 et
1068 3291 1107 3342 se
1139 3270 1229 3341 inter

146 3397 339 3489 asperrima
358 3404 541 3467 vocantem
563 3395 703 3467 maioris
726 3417 822 3489 spem
850 3394 971 3487 gloriae
992 3403 1134 3465 secutus
1159 3404 1225 3478 est,

147 3541 216 3590 non
236 3518 318 3591 inde
343 3518 483 3590 divitias
505 3521 687 3601 relaturus,
710 3516 773 3588 sed
794 3519 941 3588 salutem
962 3517 1097 3610 patriae,
1120 3538 1228 3609 agno-

150 3663 300 3734 menque
321 3640 409 3723 sibi3
430 3640 488 3732 qui
509 3641 600 3711 enim
628 3638 807 3711 Cornelius
828 3639 952 3723 iverat,
973 3639 1075 3710 rediit
1098 3637 1230 3710 Africa-

151 3782 227 3830 nus.
253 3762 320 3834 lvit
339 3762 385 3833 ad
405 3762 540 3832 Troiam
559 3762 817 3856 Neoptolemus,
846 3762 1050 3856 contemptis
1072 3760 1130 3831 avi
1152 3782 1229 3854 pre-

149 3880 247 3953 cibus
278 3906 318 3956 nc
348 3883 507 3956 lacrimis.
535 3882 600 3953 lvit
631 3884 775 3980 Ulysses
802 3907 864 3979 per
892 3906 1014 3955 omnes
1040 3894 1150 3956 terras
1185 3905 1226 3954 ac

151 4005 271 4089 maria,
292 4017 329 4079 et
348 4017 424 4078 erat
441 4006 487 4076 illi
513 4005 606 4078 domi
626 4006 822 4102 decrepitus
844 4017 954 4100 pater,
982 4005 1095 4075 inlans
1120 4003 1225 4089 filius,

148 4125 276 4199 coniux
295 4129 500 4200 adolescens
519 4139 554 4199 et
571 4128 684 4221 procis
704 4128 865 4211 obsessa,
893 4149 973 4199 cum
998 4125 1073 4218 ipse
1092 4126 1225 4198 interea

150 4247 289 4321 cimaeis
309 4251 450 4345 poculis,
474 4251 632 4321 Sirenum
653 4248 822 4333 cantibus,
845 4249 1032 4342 Cyclopum
1050 4248 1221 4330 violentia,

150 4372 260 4464 pelagi
282 4374 449 4445 monstris
474 4395 514 4445 ac
534 4370 799 4468 tempestatibus
820 4371 1027 4456 decertaret,
1054 4372 1109 4441 vir
1132 4393 1228 4441 erro.

151 4492 247 4567 ribus
269 4495 344 4567 suis
360 4499 483 4581 clarus,
505 4495 646 4567 calcatis
667 4492 855 4578 aflectibus,
875 4495 1035 4586 neglecto
1051 4493 1149 4582 regni
1171 4513 1227 4562 so-
