2738 5062
156 634 215 696 llll
487 647 528 694 ou
550 646 650 696 naeus
671 649 893 698 rturmturous

155 810 231 858 rum
253 787 348 880 paria
364 786 537 857 numerari
558 788 615 857 ait.
636 784 832 858 Accedebat
850 782 945 877 quod
961 782 1021 875 qui
1042 785 1229 857 amicitiam

153 911 308 983 stabilem
329 912 417 981 inter
436 921 573 980 nostros
590 921 626 980 ct
646 907 800 982 felicibus
821 907 985 1000 auspiciis
1003 909 1226 980 reformatam

152 1050 328 1126 cuperem,
359 1031 487 1125 quique
520 1031 614 1102 viros
647 1032 753 1100 lortes
786 1052 826 1101 ac
859 1029 1030 1099 virtutum
1050 1027 1230 1123 multiplici

152 1153 334 1248 splendore
351 1153 541 1224 simillimos
559 1155 761 1246 alloquerer,
775 1152 848 1223 Nisi
866 1162 901 1223 et
917 1152 1061 1248 Euryali
1082 1150 1228 1223 brevem

85 1336 89 1345 .
152 1281 323 1370 longeque
342 1278 506 1371 imparem
540 1286 644 1369 atque
676 1275 896 1358 dissimilem,
918 1297 997 1346 cum
1020 1295 1109 1366 puer
1133 1281 1231 1346 esset

152 1402 337 1496 Euryalus
357 1400 402 1472 ad
426 1401 503 1471 haec
522 1409 558 1470 et
582 1399 726 1470 inlclicis
746 1398 863 1469 exitus
884 1397 1079 1480 amicitiam,
1094 1419 1160 1468 ceu
1177 1397 1232 1469 di-

152 1546 230 1594 rum
254 1545 356 1595 omen
376 1524 554 1607 exhorrui,
574 1545 638 1593 nec
657 1520 858 1592 nominatim
881 1519 1012 1590 inserui
1031 1519 1162 1613 quibus
1178 1522 1230 1592 le-

151 1646 201 1715 lix
230 1647 449 1738 faustumque
480 1645 563 1715 nilril
595 1646 671 1728 luit,
695 1645 760 1715 nisi
782 1646 933 1736 prolecto
952 1641 1131 1732 Virgilius.
1156 1643 1229 1715 Nec

150 1768 382 1839 Gracchorum
403 1767 532 1839 calidas
552 1766 719 1839 amicitias
741 1766 873 1857 ignoro,
901 1775 962 1835 aut
985 1764 1073 1858 quid
1097 1765 1228 1837 Lucius

152 1889 331 1981 Rheginus
344 1889 480 1983 captivo
493 1890 658 1984 Caepioni,
671 1887 755 1984 quid
767 1888 920 1959 extincto
935 1888 1142 1960 Volumnius
1159 1890 1229 1961 Lu-

151 2015 241 2083 cullo
267 2011 387 2083 fideles
408 2011 589 2084 tribuerint
611 2013 725 2096 amici;
756 2035 902 2107 quorum
931 2012 1018 2082 alter
1038 2032 1102 2103 pro
1126 2010 1227 2083 amici

151 2133 350 2203 liberatione
379 2132 556 2223 dignitatis
588 2135 809 2207 amissionem
841 2133 1055 2226 exiliumque
1085 2154 1156 2204 non
1186 2133 1228 2204 ti·

150 2256 253 2337 muit;
278 2257 364 2325 alter
395 2255 477 2324 nillil
507 2255 616 2326 amico
636 2260 851 2348 profuturam
872 2265 1020 2327 mortem
1036 2254 1226 2327 miserabili

150 2375 303 2467 quidem,
324 2375 387 2447 sed
405 2375 648 2449 ardentissima
670 2377 739 2451 fide
756 2382 961 2474 complexus
976 2388 1046 2464 est,
1063 2388 1102 2450 ut
1119 2401 1225 2473 quem

148 2498 250 2570 valde
270 2498 452 2582 dilexerat,
475 2500 520 2572 ad
545 2500 672 2572 inferos
695 2511 908 2592 sequeretur.
931 2500 1009 2572 Scio
1027 2502 1143 2593 qualis
1159 2503 1225 2573 Pu·

147 2621 218 2694 blio
231 2622 336 2693 Caelio
349 2623 540 2708 Petronius,
559 2625 671 2715 qualis
684 2625 723 2694 D.
737 2624 844 2695 Bruto
861 2623 1005 2695 Servius
1023 2624 1223 2709 Terentium

148 2748 210 2820 sed
227 2747 261 2818 in
278 2747 320 2819 iis
334 2748 491 2820 amicitiis
504 2760 564 2820 aut
583 2751 725 2843 praelata
742 2746 889 2840 publicae
906 2746 1042 2842 privata
1054 2747 1222 2833 charitas,

146 2884 207 2943 aut
225 2872 353 2943 eximia
371 2870 458 2944 fides
479 2871 583 2943 finem
605 2883 769 2945 moestum
796 2870 1123 2964 inominabilemque
1149 2893 1222 2944 sor-

148 2992 207 3063 tita
232 3003 298 3065 est.
325 2994 411 3064 Nam
438 3005 472 3064 et
497 2993 720 3087 Hephaestion
740 2992 944 3077 Alexandri,
968 3003 1220 3087 praeterquam

145 3113 239 3207 quod
252 3115 353 3184 nimis
370 3115 537 3207 imparem
554 3126 675 3184 nactus
694 3114 831 3184 videtur
848 3114 1044 3199 amicitiam,
1060 3114 1097 3186 in
1112 3115 1219 3187 bomi-

144 3260 220 3308 nem
239 3235 407 3307 inciderat
432 3235 466 3303 in
489 3236 589 3305 cuius
609 3236 763 3307 moribus
794 3259 862 3308 non
888 3238 986 3309 facile
1012 3238 1220 3311 consisteret

143 3358 301 3428 amicitiae
330 3357 610 3440 tundamentum,
642 3368 678 3429 et
702 3357 844 3431 Achillis
875 3362 992 3433 nescio
1021 3362 1108 3454 quid
1136 3362 1217 3435 ami-

142 3480 231 3550 citiae
266 3480 400 3551 luscum
434 3481 531 3552 inest.
566 3484 647 3554 llaec
681 3483 864 3567 hactenus,
905 3484 934 3554 si
978 3483 1063 3575 quid
1103 3488 1216 3558 lorsan

143 3600 379 3673 admirationis
397 3601 514 3686 inerat,
533 3604 721 3676 dictasint.
744 3606 832 3678 lllud
848 3606 940 3677 enim
959 3607 1216 3681 macedonicum

143 3747 203 3817 par
223 3749 244 3796 a
263 3723 400 3818 plebeio
421 3735 521 3818 poeta
541 3726 751 3799 celebratum
774 3728 807 3798 in
829 3738 924 3801 tanta
946 3733 1021 3801 luce
1043 3741 1213 3814 veterum,

142 3869 205 3919 nec
225 3847 363 3919 nomine
383 3849 526 3940 dignum
545 3871 636 3932 reor,
660 3831 800 3941 quando
819 3873 941 3923 omnes
961 3853 1028 3923 iam
1046 3854 1107 3946 qui
1126 3855 1214 3925 iner-

141 3981 209 4039 tcm
227 3976 395 4044 calamum
414 3973 519 4045 luscis
538 3973 672 4064 agimus
693 3973 918 4059 membranis,
939 3998 1007 4048 non
1024 3976 1214 4050 imitatores

142 4092 205 4164 scd
225 4097 334 4168 simiae
350 4099 428 4168 lacti
451 4119 584 4169 sumus.
608 4099 657 4168 Tu
678 4099 766 4168 vale.

281 4239 324 4292 Ad
338 4240 441 4296 sontem
455 4244 557 4315 Sergiae
572 4244 643 4298 l'lll.
662 4245 800 4301 Kalendas
813 4246 992 4318 Septembris.
