2738 5062
138 664 197 727 lltl
472 670 512 719 nn
534 670 634 718 rtsucs
654 666 875 716 ramcrsnmus

140 813 222 882 Haec
237 817 293 881 est
308 827 403 898 ergo,
422 806 467 875 mi
485 806 604 887 frater,
628 802 849 875 Ciceroniana
867 802 925 872 lex
942 800 1020 883 Dei,
1040 822 1156 895 quam
1175 806 1235 875 vir

141 934 205 1017 ille,
220 953 288 1003 non
301 931 412 1002 dicam
430 927 522 1021 quod
538 926 738 996 Lactantius
755 924 810 1007 ait,
826 927 928 1018 longe
945 946 965 994 a
984 924 1152 997 verit-atis
1167 946 1233 997 no-

142 1054 214 1125 titia
232 1060 400 1129 remotus,
417 1048 480 1119 setl
497 1047 554 1138 qui
574 1047 752 1116 veritatem
768 1044 855 1115 hanc
867 1044 1016 1127 Christo,
1030 1068 1142 1137 quem
1156 1068 1231 1119 non

75 1224 78 1229 -
142 1182 300 1255 noverat,
325 1174 500 1242 revelante
520 1176 759 1259 cognosceret,
787 1167 874 1237 adeo
895 1165 1142 1258 significanter
1161 1190 1229 1241 ex·

142 1294 281 1388 pressit,
297 1302 335 1362 ut
348 1288 600 1382 significantius
614 1311 716 1361 nemo
730 1296 849 1381 posset
861 1298 920 1358 aut
933 1288 1081 1359 brevius
1098 1310 1228 1361 corum

141 1435 280 1509 quoquc
300 1414 360 1505 qui
380 1432 477 1483 verae
497 1409 577 1482 fidci
600 1408 826 1483 sacramentis
852 1408 971 1479 initiati
1001 1420 1100 1479 sunt:
1125 1412 1227 1503 quod

143 1537 218 1607 sine
237 1534 356 1618 dubio,
383 1535 419 1605 in
445 1534 510 1604 hoc
533 1534 622 1604 enim
645 1554 665 1603 a
691 1530 868 1603 Lactantio
893 1529 1073 1614 discordo,
1100 1532 1227 1605 divino

142 1660 257 1751 aliquo
288 1658 410 1752 spiritu
445 1655 630 1746 instigatus
664 1654 789 1724 fecisse
816 1652 1014 1724 credendus
1046 1662 1114 1723 est.
1147 1654 1226 1727 Scis

142 1795 259 1856 autem
280 1803 344 1851 cur
364 1777 547 1848 immobilis
577 1776 695 1847 divina
717 1779 774 1845 lex
794 1778 872 1845 est‘?
900 1773 982 1866 quia
1003 1772 1050 1877 ab
1073 1775 1134 1847 illo
1155 1778 1225 1847 latu

142 1917 198 1976 est
217 1904 274 1997 qui
294 1922 432 1994 semper
451 1899 541 1970 idem
561 1899 634 1991 ipse
651 1907 720 1982 est,
735 1906 771 1966 et
787 1896 868 1966 anni
888 1896 942 1967 sui
959 1917 1029 1968 non
1046 1895 1223 1981 deficient

142 2028 237 2099 etde
255 2023 360 2095 rebus
379 2029 519 2093 estnon
542 2018 802 2092 transeuntibus
815 2074 828 2103 ,.
846 2038 961 2111 neque
976 2018 1222 2107 mutabilibus,

142 2148 205 2218 secl
223 2145 377 2225 «eternis,
396 2153 432 2212 ot
450 2142 479 2212 si
496 2163 742 2234 nonnunquam
757 2142 801 2214 de
822 2140 1033 2212 transitoriis
1049 2142 1220 2235 loquatur,

143 2269 175 2335 in
199 2267 272 2357 ipsa
295 2274 409 2335 tamen
433 2272 547 2332 mente
569 2263 775 2353 legislatoris
796 2262 912 2334 omnia
933 2261 977 2333 ad
994 2274 1167 2335 aeternum
1182 2262 1223 2335 il-

142 2389 208 2456 lam
231 2386 425 2455 reseruntur
454 2384 575 2465 ritum,
598 2386 688 2454 ultra
716 2406 820 2475 quam
842 2385 926 2455 nihil
946 2396 1013 2455 est.
1035 2388 1087 2459 lta
1109 2390 1221 2479 legem

142 2507 188 2577 ab
208 2505 339 2577 infinito
357 2515 393 2576 et
409 2502 613 2574 immutabili
631 2506 727 2576 etde
744 2505 1018 2579 immutabilibus
1035 2518 1144 2601 atque
1160 2510 1221 2579 im-

142 2629 366 2723 possibilibus
380 2629 480 2698 aliter
494 2650 532 2701 se
551 2628 681 2699 habere
694 2627 833 2713 editam,
849 2630 882 2699 in
896 2639 1029 2700 aeterna
1043 2630 1220 2723 republica

142 2749 428 2822 interminabilem
442 2772 582 2842 quoque
595 2761 629 2821 ct
642 2748 890 2821 immutabilem
900 2772 980 2822 esse
994 2771 1146 2823 necesse
1155 2762 1219 2823 est

142 2872 382 2943 Huiusauctor
394 2871 479 2963 legis
492 2870 725 2955 estClrristus
739 2883 775 2942 et
787 2873 864 2944 berc
876 2884 930 2943 nst
942 2873 998 2942 illa
1011 2874 1071 2942 lem
1086 2874 1223 2943 Domini

140 2996 356 3065 immaculata
367 2997 703 3078 corruerteuscuimcs,
718 2995 762 3065 de
774 3018 842 3085 qua
857 2994 1008 3086 loquitur
1022 2996 1219 3081 Psalmisla,

141 3117 294 3210 illuthue
318 3118 537 3186 testimonium
564 3116 701 3215 Domini
721 3114 815 3207 fidele
840 3117 1037 3208 sapientium
1056 3131 1220 3210 proestcm

137 3244 300 3333 porculis.
328 3242 421 3309 llanc
442 3248 477 3308 tu
498 3241 625 3330 legem,
644 3258 810 3329 germane
822 3239 1017 3323 carissime,
1038 3262 1109 3311 non
1129 3242 1221 3313 inter

142 3361 425 3459 scholasticorum
449 3382 574 3453 greges
592 3361 626 3432 in
645 3359 803 3455 strepitu.
828 3361 890 3431 sed
911 3363 1007 3432 solus
1024 3362 1058 3431 in
1082 3362 1219 3435 silentio

141 3480 304 3561 didicisti;
324 3482 416 3572 quod
436 3484 553 3573 utique
569 3506 638 3554 non
657 3484 799 3554 fecisses
819 3483 847 3553 si
862 3487 1028 3574 pamulus
1044 3506 1115 3555 non
1134 3486 1219 3557 luis·

143 3624 212 3674 ses
226 3603 292 3672 Pro
307 3602 463 3692 parvulis
476 3600 566 3669 enim
586 3601 734 3673 humiles
753 3605 860 3697 accipi
879 3607 974 3676 locus
987 3606 1043 3676 ille
1057 3616 1218 3691 testatur,

141 3727 201 3795 ubi
230 3722 394 3814 scriptum
419 3732 489 3792 est:
511 3724 609 3791 sinite
631 3726 790 3815 paruulos
810 3729 925 3797 uenire
947 3725 992 3797 ud
1009 3750 1077 3813 rue,
1100 3732 1220 3801 tullum

141 3858 187 3916 cst
207 3848 294 3916 enim
314 3868 454 3939 taquam
475 3847 645 3924 colorum
665 3856 701 3916 ct
722 3846 794 3917 ille:
815 3848 1014 3920 abscondisti
1035 3854 1106 3921 lroec
1124 3876 1147 3923 c
1167 3876 1219 3924 rc-

136 3973 303 4061 pientibus
325 3983 355 4041 et
372 3968 590 4064 prudentibus
614 3980 645 4038 et
669 3972 824 4039 revelasti
847 3992 886 4041 eu
909 3975 1075 4065 paruulis,
1099 3976 1218 4047 sedin

140 4091 263 4185 primis
289 4096 387 4166 itlea
412 4104 445 4165 te
469 4114 535 4164 nun
564 4094 822 4186 praetermissus
853 4094 911 4165 nbi
941 4119 1019 4167 cum
1045 4097 1215 4182 dixisset,

141 4212 322 4285 castodiens
340 4220 498 4309 porcellos
520 4217 694 4300 Dominus,
718 4229 754 4288 ut
783 4228 904 4310 aperte
924 4229 1133 4294 monstraret
1158 4190 1218 4317 qbi

142 4336 210 4407 sint
230 4335 285 4404 isti
307 4341 440 4429 parvuli
464 4361 545 4409 mox
568 4341 705 4412 adiecit:
723 4342 912 4411 latrnr'lictus
928 4364 1000 4411 aum
1017 4356 1048 4413 et
1065 4346 1219 4415 liberauit

140 4480 205 4527 rue:
217 4469 376 4550 tanquam
393 4462 422 4529 si
436 4462 579 4532 diceret:
594 4484 670 4533 rum
685 4463 857 4534 ctustodiat
870 4465 1035 4537 Dominus
1049 4470 1217 4561 parvulos
