2738 5062
387 688 480 737 tmen
499 687 734 737 auunculus-
752 686 902 736 epistota
924 687 985 735 llll.
1147 676 1204 737 149

143 827 270 907 tensus,
292 822 410 895 solitae
430 823 564 916 pietatis
581 825 699 894 oculos
717 822 894 894 avertisti?
910 822 1075 892 Miserere
1092 821 1170 903 iam,
1188 832 1223 892 et

142 945 226 1019 tanti
244 947 406 1017 maculas
422 943 585 1036 absterge
601 944 792 1016 dedecoris.
807 945 926 1016 Hucne
945 944 1049 1035 igitur
1069 945 1223 1017 vivendo

139 1069 354 1153 decidimus
376 1067 434 1139 hic
458 1078 533 1138 erat
564 1089 798 1139 aerumnarum
825 1067 1005 1150 terminus,
1033 1076 1070 1137 ut
1100 1066 1135 1135 in
1159 1089 1222 1159 pu-

140 1195 244 1279 blico,
267 1195 329 1265 vel
354 1193 451 1286 qnod
476 1192 614 1289 publico
638 1192 750 1263 maius
776 1201 843 1274 est,
870 1213 986 1262 coram
1008 1190 1137 1261 Christi
1162 1192 1221 1260 Vi-

140 1319 237 1391 cario
256 1328 296 1389 et
313 1338 434 1388 coram
454 1315 696 1409 Apostolorum
719 1313 980 1386 successoribus
996 1325 1218 1407 quaereretur,

141 1442 292 1515 liceatne
320 1461 500 1512 romanum
521 1438 635 1510 civem
668 1438 702 1508 in
730 1453 889 1509 senatum
918 1437 1011 1527 eligi,
1045 1459 1124 1507 cum
1150 1449 1219 1506 tam

140 1566 202 1639 din
225 1563 443 1655 alienigenas
463 1583 623 1653 regnare,
644 1570 680 1633 et
701 1568 752 1630 tot
772 1559 975 1652 Tarquinios
989 1559 1159 1651 superbos
1186 1559 1219 1629 in

142 1686 314 1784 Capitolio
333 1685 542 1757 videamus?
565 1685 619 1754 En
644 1682 793 1778 quaestio
818 1681 990 1774 adquam
1017 1681 1219 1753 solvendam

141 1819 296 1903 quatmr
328 1807 406 1879 coeli
435 1807 613 1878 cardinum
647 1807 745 1878 labor
774 1803 952 1896 invigilet!
977 1806 1077 1875 Certe
1100 1826 1165 1895 ego
1191 1805 1219 1874 si

142 1932 323 2013 consular,
348 1929 560 2024 respondero
585 1952 654 2001 non
680 1928 850 2011 dubitem,
878 1946 1021 1998 romano
1046 1947 1141 1997 more
1168 1948 1222 1998 se-

142 2062 261 2126 natum
292 2071 474 2123 romanum
491 2049 629 2121 nonnisi
657 2072 704 2120 ex
729 2051 879 2122 romanis
896 2048 1032 2121 civibus
1048 2056 1217 2132 constare,

144 2190 179 2251 et
195 2189 365 2250 externos
385 2197 406 2245 a
426 2174 542 2244 limine
564 2174 804 2259 secludendos,
824 2196 892 2245 non
913 2184 981 2244 tam
1006 2194 1094 2266 quos
1116 2171 1220 2243 mise-

149 2301 217 2371 rint
232 2299 420 2392 longinqua
441 2307 627 2382 terrarum,
651 2298 715 2370 sed
734 2299 873 2371 Latinos
890 2308 925 2370 et
942 2307 1080 2392 gentem
1102 2297 1220 2390 proxi-

149 2444 238 2495 mam
256 2432 292 2495 et
309 2422 511 2513 contiguam
536 2423 700 2494 Romanis
736 2433 771 2495 et
798 2444 897 2517 paene
920 2445 999 2494 cum
1026 2422 1077 2493 eis
1112 2443 1217 2491 unum

144 2566 287 2639 corpus,
313 2566 427 2636 nequo
448 2543 523 2616 illos
545 2547 658 2616 solum
686 2545 792 2616 verbo
825 2547 881 2615 uel
914 2546 1059 2625 calamo,
1083 2542 1160 2625 scd,
1188 2541 1216 2612 si

142 2665 218 2739 lieri
244 2666 373 2761 possit,
401 2667 505 2737 etiam
531 2668 646 2759 gladio
678 2666 920 2747 deterrendos;
953 2666 1114 2758 cxcmplo
1139 2663 1217 2733 Auli

141 2789 259 2862 Manlii
271 2789 444 2882 Torquati,
460 2791 528 2882 qui,
543 2812 623 2860 cum
636 2789 747 2860 Latini
760 2786 933 2880 quondam
948 2794 1105 2877 peterent
1119 2794 1156 2855 ut
1171 2807 1219 2856 cx

143 2913 198 2985 eis
214 2914 321 2985 altum
341 2912 523 2984 consilium
543 2922 580 2981 ct
600 2920 742 2981 senatus
763 2931 844 3002 pars
863 2908 1005 2978 dimidia
1030 2910 1215 2998 legeretur,

146 3048 241 3109 tanta
259 3035 496 3126 indignatione
517 3044 694 3128 permotus
714 3043 781 3116 est,
809 3041 847 3102 ut
872 3031 1015 3114 iuraret,
1039 3051 1078 3099 se
1098 3029 1133 3097 in
1157 3053 1217 3100 cu-

142 3158 227 3231 riam
247 3156 398 3230 cinctum
421 3158 535 3248 gladio
556 3165 752 3240 venturum,
775 3165 821 3239 et,
845 3154 876 3226 si
895 3175 998 3246 quem
1016 3151 1063 3222 ibi
1080 3151 1219 3222 Latino-

142 3307 218 3357 rum
236 3292 411 3366 cerncrct,
430 3303 535 3352 manu
553 3280 689 3376 propria
705 3289 973 3373 perempturum.
991 3277 1150 3358 Quonam
1163 3273 1218 3344 ille

143 3406 258 3479 animo
279 3413 475 3499 spectasset
494 3406 658 3475 Senatum
680 3413 786 3474 totum
807 3424 827 3473 a
851 3400 962 3471 Rheni
987 3399 1070 3493 ripis
1092 3400 1148 3469 vel
1173 3397 1218 3469 ab

144 3528 285 3601 Umbria
306 3529 510 3612 venientem,
525 3527 585 3620 qui
600 3527 708 3597 solam
722 3525 829 3619 partis
842 3523 995 3597 dimidiae
1009 3521 1216 3593 mentionem

144 3664 212 3724 lam
233 3652 376 3744 indigne
396 3650 534 3744 pertulit
553 3672 573 3722 a
593 3649 748 3721 Latinis?

238 3774 358 3845 Nostri
379 3783 494 3844 autem
524 3772 708 3866 peregrini,
729 3795 773 3844 ne
794 3774 869 3844 sinc
889 3796 994 3845 causa
1026 3775 1139 3845 furere
1166 3771 1218 3842 vi-

146 3896 301 3980 deantur,
318 3896 407 3965 hanc
428 3896 584 3989 usurpati
603 3906 746 3966 senatus
763 3897 929 3968 rationem
949 3896 1105 3978 afferunt,
1124 3896 1218 3988 qnod

147 4022 357 4112 potentiores
378 4026 459 4089 sunt
476 4019 521 4090 ad
538 4042 626 4090 onus
645 4021 729 4090 tanti
747 4021 847 4091 officii
863 4017 1117 4113 perferendum.
1131 4020 1218 4101 Quae

147 4142 210 4216 ista
232 4143 384 4238 potentia
400 4154 467 4226 est,
500 4165 677 4234 nunquam
699 4143 765 4212 nisi
786 4142 913 4214 damno
936 4141 1085 4213 civitatis
1102 4142 1221 4233 cogni-

148 4271 201 4338 ta‘l
221 4268 322 4340 Unde
335 4275 465 4350 aulem,
481 4269 796 4358 quantulacumque
816 4273 884 4350 est,
904 4264 1034 4336 nisiex
1052 4265 1221 4357 sanguine

153 4391 265 4483 populi
286 4399 323 4460 et
343 4388 542 4484 reipublicae
562 4389 710 4460 conllata
730 4388 949 4460 visceribus?
969 4392 1012 4461 Ut
1028 4411 1155 4480 magna
1173 4399 1223 4457 ta-

152 4532 225 4583 men
249 4512 295 4583 sit
315 4520 351 4582 ct
368 4510 459 4583 iusta
477 4511 642 4606 potentia,
661 4510 745 4602 quid
763 4512 808 4584 ad
825 4516 921 4583 rcm‘?
939 4514 1038 4583 Certe
1056 4511 1139 4582 dum
1157 4509 1221 4587 illa,
