2738 5062
958 388 965 395 ι.

156 681 193 742 lb
481 690 522 739 bs
543 691 645 742 REBUS
667 692 888 744 summamus

152 849 217 921 cst,
237 848 271 909 et
296 854 366 906 non
391 835 536 931 impuris
562 838 781 911 adulatorum
805 834 945 909 datibus
968 837 1116 922 evanuit,
1133 838 1222 908 iacta

152 981 230 1030 mea
248 980 327 1030 cum
349 959 482 1030 illorum
509 961 629 1033 verbis
654 962 807 1032 conferre
832 955 1015 1028 debueras.
1036 957 1071 1027 Si
1096 960 1223 1031 nullius

150 1081 229 1153 iacti
248 1090 308 1152 aut
322 1081 406 1153 dicti
427 1084 494 1153 mei
512 1083 681 1178 asperitas
702 1087 877 1176 appareat,
899 1081 993 1150 nulla
1017 1079 1139 1153 frontis
1163 1105 1224 1154 ne

151 1202 233 1276 buia
254 1201 383 1275 turbati
403 1205 507 1275 animi
527 1207 663 1298 signum
684 1203 848 1296 proferat,
871 1200 956 1292 quid
975 1201 1024 1273 ita
1043 1203 1223 1296 vaticinari

148 1324 416 1411 deiectokcuius
434 1326 596 1400 contrarii
617 1333 805 1396 cernuntur
823 1322 992 1395 effectus?
1015 1347 1072 1397 me
1095 1326 1225 1398 scilicet

150 1451 286 1523 bostem
308 1452 369 1523 tibi
385 1452 441 1524 cui
461 1451 592 1523 amicus
611 1466 691 1517 esse
712 1446 831 1530 velim,
856 1456 908 1530 et,
943 1447 974 1518 si
1002 1470 1095 1520 unus
1126 1470 1224 1521 amor

149 1575 334 1647 amicitiam
353 1573 523 1670 perficiat,
546 1569 611 1644 sim
627 1566 917 1639 amicus‘iOmnia
929 1568 1083 1662 peiorem
1095 1569 1130 1641 in
1143 1592 1225 1665 par-

149 1707 216 1767 tem
235 1701 347 1767 malus
370 1695 474 1767 trahit
499 1694 677 1786 interpres.
698 1689 750 1759 Tu
770 1698 887 1762 autem
908 1690 987 1762 talis
1007 1692 1072 1775 vir,
1087 1694 1154 1765 hac
1166 1715 1224 1765 sa-

147 1816 283 1912 pientia,
305 1818 372 1888 hac
391 1825 504 1903 aetate
526 1836 589 1888 cur
614 1809 713 1882 alteri
733 1811 974 1907 potiusquam
1006 1815 1067 1887 tibi
1095 1816 1140 1888 de
1166 1838 1223 1888 me

148 1939 287 2012 credis?
307 1939 445 2027 Claude,
466 1957 597 2035 precor,
620 1955 742 2006 aurem
760 1937 1026 2022 susurronibus,
1053 1939 1224 2009 animum·

147 2084 216 2154 que
237 2073 333 2133 tuum
355 2062 390 2132 in
419 2059 553 2132 silentio
573 2056 617 2128 de
638 2054 746 2129 rebus
774 2059 863 2132 meis
894 2059 1079 2152 interroga.
1108 2060 1142 2129 ls
1167 2080 1223 2130 me

147 2179 284 2253 bostem
304 2192 399 2253 tuum
420 2177 576 2272 negabit,
596 2179 818 2275 amicumque
829 2181 1004 2268 fatebitur,
1016 2182 1094 2255 illos
1106 2191 1223 2255 autem

145 2324 250 2376 rems
270 2303 401 2390 hostes,
424 2302 484 2397 qui
503 2301 603 2374 virus
620 2303 862 2377 absconditum
879 2317 916 2378 ct
935 2309 980 2379 iel
1011 2306 1114 2378 meite
1145 2329 1225 2400 per-

144 2424 293 2497 mixtum
316 2423 383 2496 sub
399 2424 499 2497 labiis
524 2434 667 2517 gerunt,
693 2447 763 2518 quo
787 2428 892 2499 modo
918 2451 1125 2519 generosam
1151 2429 1225 2499 ani-

144 2567 236 2616 mam
258 2549 405 2618 iatenter
425 2544 577 2617 inficiant
596 2556 632 2618 ct
651 2549 855 2642 praeclaram
872 2550 998 2619 samam
1015 2549 1132 2618 infami
1143 2572 1225 2621 ver-

142 2665 268 2740 borum
288 2668 459 2741 veneficio
477 2668 690 2753 decolorent,
704 2691 773 2740 non
786 2669 862 2740 sine
875 2669 1103 2741 amicitiarum
1115 2670 1224 2742 iactu-

141 2810 199 2877 ra,
220 2815 291 2886 qua
311 2792 374 2864 vin
393 2791 462 2864 alia
481 2789 655 2862 nobilibus
681 2790 806 2862 animis
831 2791 940 2862 maior
966 2792 1022 2862 sit.
1049 2793 1121 2864 Sed
1144 2816 1224 2865 cum

140 2909 211 2985 illis
231 2916 317 2987 mibi
337 2915 422 2986 nibil
440 2913 568 3004 negotii
588 2934 670 2985 esse
691 2924 820 3007 potest,
842 2935 990 3008 quorum
1011 2935 1115 3008 aeque
1130 2915 1226 3006 ocgi-

140 3043 239 3108 tatus
252 3048 422 3131 actusque
436 3046 473 3107 et
487 3035 598 3108 verba
618 3037 783 3133 despicio.
801 3039 945 3121 Tecum,
965 3048 1071 3129 pater,
1090 3048 1128 3108 ut
1139 3038 1223 3122 dixi,

141 3165 259 3232 tecum
277 3161 385 3252 litigo,
406 3168 501 3231 certe
522 3158 590 3230 sub
609 3159 722 3231 iudice
748 3181 818 3230 non
840 3169 1017 3250 suspecto,
1039 3170 1226 3249 qnantum-

140 3277 226 3351 libet
245 3281 320 3377 ipse
341 3292 527 3377 suspectus
549 3281 627 3351 sim.
649 3282 763 3352 Unum
788 3291 822 3352 te
856 3301 964 3363 reum,
982 3287 1117 3361 testem,
1135 3279 1224 3350 iudi·

140 3420 289 3495 oemque
306 3404 495 3487 constitum
517 3414 637 3476 contra
652 3424 792 3496 quoqne
812 3423 868 3472 me
894 3421 1005 3484 rcum,
1040 3410 1076 3471 te
1099 3401 1224 3472 eodem

139 3531 241 3610 teste,
256 3538 291 3598 te
304 3529 428 3602 iudice.
450 3531 507 3602 Sic
526 3528 660 3602 actione
682 3529 860 3621 reciproca
879 3547 945 3597 nec
961 3536 1093 3598 mutato
1109 3525 1224 3600 iudice
1257 3541 1263 3548 '

141 3666 199 3717 ms
224 3660 360 3741 agetur.
377 3651 424 3722 Et
443 3674 510 3744 ego
529 3650 684 3745 quidem,
706 3659 745 3719 ut
769 3647 837 3720 iam
862 3645 946 3718 hinc
969 3649 1147 3740 expediar,
1162 3650 1225 3722 ad-

140 3789 272 3842 versus
292 3782 325 3845 te
344 3772 430 3845 nihii
449 3775 575 3857 habeo,
598 3782 724 3867 praetcr
742 3769 948 3864 suspicionis
960 3769 1136 3853 iniuriam,
1155 3797 1225 3866 qua

140 3888 375 3969 innocentium
395 3920 506 3970 meam
528 3896 669 3992 premis.
691 3896 742 3964 Tu
760 3894 936 3967 adversus
957 3916 1013 3966 me
1034 3897 1224 3967 muitaior-

141 4032 208 4082 san
228 4024 265 4086 et
283 4018 417 4109 gravia,
433 4021 463 4091 si
482 4017 706 4116 stipatoribus
723 4016 792 4088 tuis
809 4015 933 4088 credis.
953 4015 999 4088 At
1019 4019 1048 4089 si
1068 4017 1128 4088 tibi
1147 4038 1224 4087 cre-

140 4132 287 4222 dideris,
308 4141 394 4212 nihii
411 4164 564 4238 prorsus,
582 4153 622 4214 ut
637 4151 731 4234 puto.
753 4141 789 4210 Si
809 4139 964 4212 absolvis
977 4140 1097 4232 igitur,
1111 4137 1223 4210 habeo

142 4258 238 4350 quod
258 4261 435 4353 petebum;
457 4266 488 4337 si
507 4287 568 4337 ore
584 4275 701 4337 autem
721 4287 777 4336 me
794 4264 1022 4344 condemnas
1044 4259 1224 4332 eonscien-

144 4376 229 4450 tiam
245 4386 397 4479 appello:
423 4387 480 4459 ilia
505 4390 624 4480 procul
655 4386 763 4460 dubio
790 4410 848 4458 me
877 4385 1046 4459 absolvet.
1077 4381 1154 4472 Ego
1178 4380 1223 4452 ad

144 4524 324 4581 mmanam
352 4510 485 4584 curiam
505 4508 566 4582 tibi
595 4510 742 4585 nocendi
763 4510 879 4582 animo
904 4504 1047 4577 venisse
1071 4523 1220 4595 arguor,
