2738 5062
194 692 253 754 ιιι
533 704 573 752 nn
594 703 694 752 uenus
714 702 933 752 Flttllllltlltlts

195 862 343 912 examen
362 840 624 912 exactissimum
648 848 760 911 status
782 841 831 910 tui
852 852 977 922 tecum,
998 838 1103 910 immo
1121 860 1266 923 mecum,

195 962 299 1031 immo
320 960 502 1032 nobiseum
527 960 694 1044 habitum,
717 982 759 1030 eo
780 948 1102 1030 fluctuantisanimi
1130 980 1269 1051 proram

196 1093 326 1167 vertas,
348 1092 387 1154 ut
406 1106 453 1156 ex
473 1084 590 1155 multis
607 1084 691 1154 vitae
708 1081 985 1175 tempestatibus,
1004 1081 1131 1153 adhoc
1152 1084 1269 1154 solita-

195 1205 284 1277 rium
302 1217 407 1300 atque
423 1223 561 1299 agreste
578 1206 802 1290 domicilium,
818 1214 853 1277 et
870 1205 914 1277 ad
932 1227 1001 1289 me,
1015 1207 1113 1276 velut
1128 1206 1173 1279 ad
1190 1229 1271 1299 por-

196 1339 270 1401 tum
282 1331 446 1424 aliquem,
460 1332 647 1423 confugere
666 1329 827 1403 videaris.
846 1330 938 1401 Bene
955 1330 1085 1401 utinam
1103 1330 1269 1422 eligeres:

196 1452 260 1525 sed
276 1453 381 1524 habet
401 1454 466 1524 boc
483 1453 610 1525 ardens
627 1462 663 1524 et
679 1453 815 1524 intensa
834 1453 910 1524 sitis
927 1464 966 1523 ιιι
982 1453 1074 1523 nullo
1092 1463 1210 1546 potum
1224 1455 1269 1527 de

195 1577 286 1648 tonte
303 1576 465 1648 fastidiat.
482 1576 589 1648 Vides
605 1576 837 1672 Pythagoram
855 1597 896 1646 ac
910 1576 1087 1647 Platonem
1104 1575 1271 1648 doctrinae

195 1699 374 1786 haustum,
401 1720 505 1792 quem
526 1709 596 1770 toto
615 1698 698 1770 orbe
720 1697 953 1781 refunderent,
977 1699 1178 1795 aegyptiacis
1200 1699 1270 1792 pri-

196 1845 290 1894 mum
311 1832 346 1895 et
366 1845 449 1894 mox
478 1821 568 1894 italis
594 1819 768 1892 liminibus
795 1820 1040 1892 mendicantes.
1075 1819 1149 1891 Tibi
1177 1844 1270 1895 nunc

194 1956 324 2037 quanta
343 1944 499 2018 discendi
519 1944 594 2016 sitis
614 1955 681 2029 est,
703 1965 784 2037 quae
804 1953 838 2015 te
862 1940 907 2014 ad
931 1943 1060 2014 exilem
1093 1964 1134 2014 ac
1160 1943 1270 2015 turbi-

194 2067 278 2140 dum
298 2068 428 2161 ingenii
447 2066 516 2139 mei
533 2066 684 2139 rivulum
700 2065 814 2158 cogit?
834 2066 954 2138 Doceri
971 2064 1108 2157 flagitas
1125 2086 1172 2136 ex
1195 2088 1267 2152 me,

195 2191 255 2283 qui
275 2190 432 2261 discendi
464 2212 541 2260 sum
568 2189 723 2282 cupidior
743 2211 847 2282 quam
868 2187 1029 2270 doeendi3
1056 2210 1126 2261 non
1153 2200 1269 2262 tamen

195 2312 232 2384 id
250 2312 396 2403 cogitas:
411 2312 474 2382 sed
487 2312 632 2383 honesta
648 2313 836 2404 cupiditate
852 2334 1057 2396 succensuS,
1078 2313 1213 2385 aridum
1231 2313 1272 2384 li-

197 2456 275 2506 men
294 2434 412 2525 lingua
432 2454 525 2527 saepe
546 2435 664 2527 pulsas
680 2442 716 2504 et
733 2435 875 2504 calamo.
894 2435 982 2506 Ecce
1000 2434 1059 2504 tibi
1076 2437 1169 2507 sores
1186 2457 1266 2529 ape-
1319 2515 1321 2520 ,

196 2556 259 2628 rio.
280 2554 417 2648 Siquid
443 2554 477 2624 in
503 2554 617 2626 animo
638 2576 714 2625 meo
739 2565 795 2624 est
818 2553 912 2646 quod
937 2547 1031 2625 'sitim
1052 2555 1141 2626 hano
1161 2557 1269 2629 lenire

196 2679 319 2773 possit,
339 2677 482 2750 arbitrio
512 2688 571 2749 tuo
604 2688 717 2749 utere:
748 2677 899 2770 alioquin
928 2679 982 2749 lac
1015 2678 1109 2771 quod
1129 2678 1270 2771 ingenui

196 2802 372 2876 convivae:
387 2802 547 2874 affectum
560 2801 629 2873 laeti
646 2800 794 2893 hospitis
808 2800 940 2884 metire,
958 2824 1026 2873 non
1044 2805 1176 2897 epulas.
1192 2804 1271 2896 Ego

197 2925 338 3020 quidem
355 2926 480 3008 omnia,
502 2934 542 2996 ut
561 2924 609 2995 ait
629 2923 797 3008 Annaeus,
820 2924 855 2993 in
874 2933 907 2994 te
927 2925 1028 3017 cupio
1050 2927 1272 3000 transfunde-

197 3071 247 3121 re.
269 3050 334 3134 Tu,
359 3057 398 3119 ut
418 3046 533 3130 video,
557 3046 607 3117 sic
628 3046 772 3117 affectus
792 3068 847 3130 ιε,
870 3057 909 3118 ιιι
933 3056 1024 3118 totus
1046 3045 1079 3117 in
1102 3046 1271 3143 Scipionis

198 3173 267 3245 mei
285 3195 325 3244 ac
346 3171 453 3243 solius
470 3169 595 3240 Africae
615 3169 753 3240 nomine
770 3169 1011 3262 conquiescas,
1039 3169 1178 3241 virtutis
1198 3172 1271 3241 cul-

198 3307 263 3378 tor,
283 3293 508 3365 avidissimus
529 3292 730 3362 litterarum.
749 3289 852 3382 Atqui
873 3290 1014 3363 nedum
1037 3292 1151 3384 Scipio
1172 3314 1271 3365 meus

198 3417 243 3488 ad
264 3437 438 3486 summum
458 3434 536 3486 meo
556 3413 744 3509 perductus
760 3424 814 3483 est
830 3412 991 3497 carmine,
1010 3424 1045 3484 ot
1061 3413 1177 3487 Africa
1193 3416 1270 3488 diu·

200 3540 268 3608 tius
288 3537 370 3606 mihi
389 3558 568 3629 possessa,
589 3546 625 3607 et
644 3534 850 3607 laboriosius
869 3546 1012 3605 exarata
1033 3558 1137 3630 quam
1159 3538 1270 3609 eredi-

199 3658 250 3742 di,
269 3657 422 3729 nondum
442 3670 554 3728 tamen
576 3679 739 3749 supremo
761 3658 898 3727 sarculo
915 3658 1007 3728 culta
1026 3669 1094 3743 est,
1116 3659 1269 3731 nondum

199 3780 357 3874 glebulas
389 3780 527 3851 inutiles
560 3781 681 3852 rastris
711 3778 843 3863 attrivi,
866 3778 1019 3852 nondum
1050 3782 1269 3876 superductis
1307 3788 1316 3803 ‘

199 3902 352 3975 cratibus
380 3901 564 3975 scabrioris
590 3901 689 3994 agelli
710 3903 867 3972 cumulos
892 3902 1089 3995 coaequavi,
1117 3904 1268 3976 nondum

197 4024 339 4097 frondes
352 4035 388 4097 et
401 4024 617 4098 luxuriantes
630 4024 810 4118 pampinos
822 4034 857 4095 et
869 4023 1038 4095 hirsutam
1055 4047 1172 4121 sepem
1186 4027 1269 4098 falce
1293 4077 1295 4080 <

197 4152 405 4242 compescui.
436 4152 474 4222 ln
504 4150 645 4244 reliquis
674 4173 759 4242 ergo
788 4148 948 4221 omnibus
970 4147 1123 4232 utlibet,
1146 4149 1182 4220 in
1207 4148 1269 4220 hoc

199 4293 268 4342 uno
289 4273 452 4365 patientia
472 4296 560 4369 opus
578 4282 633 4344 est
648 4283 714 4344 tua.
737 4274 832 4359 Sino,
855 4272 1059 4369 priusquam
1081 4282 1114 4364 to
1136 4273 1170 4342 in
1192 4291 1269 4365 pos-

200 4393 392 4467 sessionem
411 4395 484 4465 Alri
502 4396 593 4466 ruris
615 4396 789 4480 inducam,
816 4397 899 4468 dum
925 4397 1017 4480 licet,
1047 4396 1131 4466 illud
1158 4394 1268 4466 adbuc

199 4519 339 4612 paulum
359 4515 489 4588 ambire
509 4527 544 4588 et
564 4518 683 4590 videre
704 4531 869 4612 quantum
898 4520 963 4590 hoc
986 4519 1080 4591 sesso
1105 4528 1141 4590 et
1160 4511 1266 4606 fragili
