2738 5062
859 404 871 429 Q

360 672 453 723 alneu
475 671 767 722 ocrlvusneclllus.
777 689 817 702 -
828 671 982 720 EPISTULA
1005 674 1023 719 l.
1171 659 1230 720 463

153 814 253 906 ptior.
268 810 366 893 Olim,
383 807 512 901 inquis,
533 806 687 879 Romana
702 804 910 899 Respublica
929 806 1031 879 dives
1047 809 1119 879 luit.
1132 810 1228 895 Quis,

151 955 212 1006 oro
233 943 281 1015 te,
307 929 451 1002 divitem
475 927 578 1025 illam
593 926 687 1011 lecit,
708 927 775 999 nisi
794 927 924 999 civium
945 950 1088 1002 snorum
1106 931 1228 1018 virtus,

150 1078 190 1129 ac
217 1051 398 1124 modestiae
423 1049 577 1123 studium
601 1060 637 1123 et
661 1050 802 1122 iustitiae
825 1052 939 1122 cultus
963 1064 999 1124 et
1023 1055 1073 1123 rei
1097 1053 1230 1126 bellicen

149 1175 353 1268 disciplina?
372 1173 463 1256 Quid
482 1183 599 1244 autem
619 1172 732 1245 maius
753 1194 896 1247 censes:
922 1173 1011 1246 inter
1038 1185 1088 1248 tot
1107 1187 1229 1268 gentes

150 1296 351 1380 indomitae,
376 1295 468 1365 inter
491 1302 542 1365 tot
573 1297 718 1389 populos
751 1295 974 1390 prohibentes
1003 1298 1171 1386 evexisse
1193 1298 1229 1367 in

150 1421 248 1491 silvis
274 1418 447 1502 dumosis,
468 1425 504 1488 et
524 1417 558 1486 in
580 1416 724 1488 oollibns
750 1418 928 1512 imperviis
948 1419 1141 1491 inauditum
1162 1419 1229 1491 illis
1290 1500 1294 1506 ,

150 1539 373 1635 temporibus,
393 1549 429 1611 et
445 1539 597 1610 invisum
615 1559 749 1624 nomen,
768 1559 812 1610 an
829 1539 945 1612 adhue
962 1540 1135 1613 stantibus
1151 1542 1230 1612 lun-

149 1664 320 1736 damentis
348 1673 385 1733 el
407 1661 602 1733 reverentia
631 1661 780 1733 nominis
805 1672 876 1733 toto
896 1661 980 1732 orbe
1004 1661 1145 1745 diffusa,
1173 1683 1229 1734 se·

148 1794 285 1857 neotute
306 1786 495 1877 collapsum
522 1782 730 1855 restituere?
754 1783 820 1853 Hie
837 1783 921 1879 mibi
946 1784 1180 1855 mutationem.
1198 1785 1229 1855 si

149 1908 228 1998 quis
248 1906 388 1978 obiiciat
407 1925 475 1976 non
498 1903 650 1987 audiam,
672 1905 731 1975 vel
749 1904 780 1974 si
802 1903 939 1976 audiam
966 1904 1096 1977 ridebo.
1119 1905 1230 1977 Credo
1307 1948 1310 1953 -

148 2029 240 2098 enim
261 2028 354 2111 mibi,
377 2027 505 2111 Caesar,
528 2025 679 2097 mundus
698 2024 787 2098 idem
809 2037 865 2099 est
883 2028 944 2120 qui
959 2028 1031 2113 luit,
1051 2027 1144 2100 idem
1165 2032 1227 2113 sol,

149 2150 271 2221 eadem
288 2152 475 2221 elementa:
494 2148 606 2222 virtus
625 2151 699 2220 sola
715 2149 881 2221 decrevit.
900 2149 1085 2223 Civitatem
1102 2171 1231 2244 nempe

149 2292 323 2362 manuque
343 2283 589 2363 congestarum
616 2272 756 2342 molium
783 2272 861 2343 aliae
885 2283 1086 2357 creverunt,
1108 2274 1230 2347 decre·
1311 2275 1314 2279 ’

148 2415 234 2464 vere
254 2393 344 2477 aliae,
366 2393 525 2486 quaedam
552 2394 710 2466 funditus
736 2405 953 2479 corruerunt,
978 2395 1108 2469 nostris
1132 2417 1231 2489 quee-

147 2516 228 2587 dam
246 2536 434 2588 surrexere
451 2516 677 2609 temporibus.
694 2517 804 2603 Vetus
820 2529 877 2590 est
893 2519 1098 2591 vinissitudo
1111 2541 1228 2591 rerum
1283 2613 1285 2617 ἢ

148 2637 392 2710 humanarum.
425 2638 517 2721 Quid
549 2639 631 2712 bine
658 2640 784 2712 elicis?
813 2640 941 2711 lterum
974 2660 1097 2732 quaeso
1127 2639 1230 2711 erede

146 2760 240 2830 mibi.
272 2762 308 2831 Si
338 2762 448 2832 lioma
472 2761 530 2834 illa
554 2761 647 2833 unde
674 2762 811 2832 tilulum
839 2760 962 2844 trabis,
995 2762 1085 2832 etsi
1111 2761 1230 2832 Caesar
1322 2750 1325 2755 ’

146 2884 212 2966 ille,
232 2885 333 2955 euius
350 2903 476 2954 nomen
497 2893 610 2975 alque,
631 2893 668 2953 ut
684 2890 826 2974 sperale
845 2882 1054 2976 solebamus,
1073 2880 1228 2953 animum

146 3003 265 3088 babes
280 3004 383 3077 hodie
397 3005 566 3091 viverent,
586 3006 695 3075 multo
707 3004 810 3077 eitius
826 3025 930 3096 quem
950 3013 1032 3076 tune
1049 3002 1094 3074 ad
1111 3025 1228 3076 arcem

146 3147 261 3197 rerum
283 3137 387 3220 atque
406 3127 545 3219 lmperii
565 3126 740 3218 fastigium
765 3127 996 3220 pervenirent.
1019 3128 1115 3198 Tune
1135 3126 1228 3198 enim

145 3249 384 3341 repugnantiae
403 3252 548 3321 multum
570 3250 647 3334 luit,
670 3271 779 3340 grave
799 3249 929 3322 nostris
949 3249 1152 3344 perieulum,
1175 3248 1229 3317 in·

144 3392 233 3463 gens
253 3370 372 3443 labor:
399 3394 491 3443 nuno
515 3374 617 3467 plana
643 3371 813 3444 etfacilis
839 3374 895 3445 via
921 3382 998 3444 est:
1026 3372 1090 3444 sed
1116 3371 1228 3442 viator

144 3493 265 3565 deest:
300 3496 407 3565 luxus
431 3505 467 3565 et
490 3496 613 3567 inertia
644 3498 712 3568 late
746 3505 911 3588 regnant:
940 3496 1081 3588 ignavia
1106 3493 1225 3567 orbem

145 3625 315 3687 terrarum
349 3616 519 3717 possidet,
548 3631 680 3690 armato
706 3619 837 3690 Caesari
861 3641 946 3691 mox
970 3639 1129 3700 cessura,
1158 3617 1228 3690 imo

143 3740 200 3809 vel
226 3759 288 3831 pro
315 3748 491 3833 tepentes
524 3749 653 3814 actura.
684 3742 805 3813 Nonne
829 3744 956 3815 etenim
981 3756 1079 3814 tuum
1099 3761 1226 3812 nomen

143 3861 263 3954 paneis
302 3861 402 3934 bonis
439 3874 474 3934 el
509 3865 721 3936 amatoribus
766 3867 905 3937 virtutis
943 3877 1048 3957 atque
1090 3861 1227 3955 lmperii

143 3984 298 4056 adiutum
322 3986 497 4057 adversus
522 3985 667 4057 inertem
694 3988 816 4057 luxum
842 3987 1081 4076 inermemque
1107 4003 1228 4075 super·

140 4103 233 4176 biam
248 4105 347 4177 laoile
365 4106 493 4178 bellum
512 4129 613 4178 omne
632 4105 842 4189 conficeret?
858 4108 920 4179 Vis
937 4129 1007 4178 non
1026 4106 1130 4177 modo
1146 4127 1226 4199 pro-

140 4226 220 4298 bem
249 4227 313 4300 sed
338 4229 519 4301 ostendam
547 4229 607 4298 tibi
633 4230 700 4300 ista
723 4249 804 4299 esse
834 4240 873 4300 ut
903 4227 1005 4301 dieo?
1028 4250 1119 4300 eece.
1152 4230 1226 4300 Nu-

141 4346 347 4421 dinsler·tins
373 4360 477 4445 capnt
501 4351 627 4422 extulit
658 4349 797 4444 quidam
827 4372 847 4421 e
881 4351 980 4444 plebe
1010 4351 1130 4424 bumili
1156 4374 1224 4421 non

140 4492 307 4545 romanus
335 4498 409 4555 rex,
439 4494 506 4543 non
532 4477 669 4557 consul,
696 4495 764 4544 non
797 4474 961 4565 patricius
986 4485 1022 4544 rt
1048 4474 1106 4545 vix
1135 4472 1224 4540 beno
