2738 5062
384 605 480 655 trusa
502 607 922 656 oeconomus-earsrutn
947 612 984 656 rr.
1169 602 1221 662 tta

146 762 230 813 mosa
249 739 398 825 militia,
418 742 544 814 ductus
561 745 721 837 apparuit
745 746 970 815 inconsultus.
998 745 1223 818 Excellentis-

149 864 214 935 sirni
237 862 397 935 verbum
419 865 517 937 ducis
542 876 611 950 est,
640 867 880 959 imperatorem
902 889 940 936 sc
967 868 1118 958 genitum
1140 891 1221 939 esse

147 1010 205 1058 nun
229 986 452 1058 bellatorem.
477 989 521 1059 Et
545 988 600 1060 hio
625 997 756 1074 noster,
784 1001 822 1061 ut
848 991 962 1072 andiu,
986 991 1127 1061 eremita
1154 995 1221 1062 ler-

144 1132 226 1212 uens
245 1110 331 1193 iuit3
351 1121 391 1181 ut
410 1109 526 1197 video,
548 1112 657 1185 abbas
674 1123 729 1183 est
754 1114 901 1207 tepidus.
922 1114 963 1183 Ut
985 1114 1068 1185 libet
1089 1127 1217 1199 tamen,

145 1256 204 1305 sna
223 1255 286 1305 res
304 1232 433 1323 agitur.
451 1234 526 1325 Ego
542 1234 633 1305 enim
653 1235 732 1307 hinc
749 1246 876 1327 praeter
894 1236 1043 1308 laborem
1063 1237 1145 1306 nibil
1164 1239 1218 1307 vcl

142 1366 268 1452 expeto
291 1357 349 1427 vel
369 1366 527 1448 expecto.
549 1358 689 1430 Litterae
710 1360 825 1430 forsan
851 1370 1011 1453 poterunt
1034 1360 1216 1451 prodesse,

142 1470 226 1575 qu'as
253 1479 446 1553 abeodem
475 1503 584 1573 nuper
608 1483 757 1552 extorsit
780 1481 931 1553 charitas
963 1492 1030 1551 tua.
1066 1481 1218 1574 ldipsum

143 1614 256 1676 tamen
278 1604 314 1673 in
337 1602 496 1674 manibus
514 1606 660 1675 fortunae
681 1605 784 1676 situm
810 1606 889 1679 crit.
924 1615 959 1675 ut
987 1627 1110 1696 magna
1137 1627 1217 1697 pars

141 1748 269 1797 rerum.
291 1725 451 1820 Optimus
474 1737 509 1796 et
534 1726 765 1797 suavissimus
792 1728 920 1820 praesul
948 1738 1066 1797 noster
1093 1748 1218 1818 magno

142 1851 217 1921 nisu
237 1848 396 1928 adiuvat,
418 1860 454 1919 et
473 1848 598 1919 bonam
617 1870 713 1942 spem
732 1849 860 1920 babere
881 1849 989 1931 iubet,
1013 1848 1114 1920 credo
1140 1851 1217 1941 plus

141 1971 220 2045 fidei
241 1970 328 2042 mibi
354 1969 489 2042 babens
515 1993 620 2063 quam
653 1971 763 2044 abbas
796 1982 1020 2052 memoratus,
1044 1972 1102 2064 qui
1133 1975 1217 2042 torte

142 2106 210 2168 um
229 2104 377 2167 sanctus
395 2104 464 2178 est,
487 2102 525 2165 ut
545 2116 665 2164 omnes
686 2094 770 2164 alios
791 2096 949 2165 coelestes
980 2105 1084 2188 putet.
1108 2093 1215 2178 Talis,

145 2240 243 2313 quem
261 2216 355 2290 scire
371 2219 538 2310 postulas,
557 2217 649 2287 illius
666 2217 799 2307 negocii
821 2227 933 2289 status
952 2229 1016 2289 est.
1038 2218 1214 2290 Sedenim

146 2344 431 2436 qualemcumque
452 2340 519 2409 iam
540 2337 673 2434 pridem
694 2363 749 2412 res
771 2341 903 2412 exitum
925 2342 1128 2427 invenisset,
1148 2342 1213 2412 nisi

144 2463 336 2537 obstitisset
357 2461 499 2533 morbus
524 2461 695 2557 pontificis
715 2463 858 2535 maximi
878 2464 1061 2537 diuturnus
1079 2487 1119 2536 ac
1136 2486 1216 2555 gra-

142 2588 207 2669 vis,
228 2610 318 2681 quo,
343 2597 380 2658 ut
401 2585 515 2671 vides,
535 2586 779 2680 imperatorum
800 2595 834 2657 et
856 2609 978 2677 regunt
997 2587 1140 2679 negocia
1162 2609 1214 2658 rc-

139 2711 331 2783 tardantur.
354 2707 502 2800 ldeoque
523 2708 661 2802 parcius
687 2708 849 2798 indignor
870 2707 949 2777 hinc
972 2707 1052 2775 milri
1075 2728 1213 2798 quoque

140 2832 308 2924 longioris
328 2852 438 2902 morae
457 2853 582 2902 causas
602 2829 753 2899 traxisse
771 2830 958 2907 fortunam;
978 2826 1040 2896 sed
1059 2826 1215 2916 indignor

142 2966 272 3027 tamen.
290 2956 340 3025 De
359 2977 429 3046 qua
450 2976 486 3024 re
506 2973 646 3024 carmen
668 2948 727 3019 tibi
750 2947 857 3019 breve
879 2949 945 3017 iam
968 2946 1105 3039 scripsi,
1123 2948 1215 3039 quod

142 3077 222 3150 ideo
242 3077 395 3149 nondum
417 3076 525 3159 mitto,
545 3074 625 3167 quia
648 3083 686 3144 ut
702 3094 749 3143 ex
765 3070 885 3143 ordine
907 3068 1010 3139 buius
1033 3068 1216 3171 inextrica-

142 3202 219 3274 bilis
239 3200 407 3293 ergastuli
432 3197 639 3269 mentionem
665 3199 827 3277 lacerem,
854 3193 897 3265 de
922 3206 1069 3286 quatuor
1089 3192 1215 3263 veteri-

142 3322 206 3395 bns
233 3321 429 3394 labirintbis
456 3321 553 3412 prius
574 3321 676 3391 unius
697 3318 825 3389 mentio
846 3320 935 3388 facta
952 3326 1021 3400 est,
1043 3325 1080 3385 et
1099 3316 1143 3387 dc
1161 3336 1216 3384 or-

141 3447 221 3519 dine
247 3445 380 3527 dnbito,
403 3466 517 3536 neque
533 3441 635 3514 modo
652 3463 740 3535 quos
765 3441 944 3512 consulam
970 3438 1045 3509 libri
1073 3438 1213 3521 adsunt,

142 3581 174 3641 et
193 3592 318 3664 parum
345 3566 415 3639 fido
441 3567 626 3638 memoriae.
648 3564 795 3635 Proinde
821 3584 901 3656 qnae
928 3561 1147 3654 praedulciter
1173 3561 1215 3632 de

142 3692 293 3766 amicitia
313 3703 372 3764 tua
393 3690 531 3775 scribis,
552 3712 622 3782 qua
641 3710 709 3791 non
729 3709 785 3757 mc
807 3688 934 3771 solum,
958 3684 1019 3755 scd
1039 3705 1161 3755 omnes
1181 3695 1216 3753 et

141 3818 198 3911 qui
218 3815 303 3889 mibi
322 3815 392 3888 cari
411 3822 505 3897 sunt,
519 3820 554 3884 et
573 3811 702 3904 quibus
721 3833 788 3903 ego
810 3829 1023 3890 sumemus,
1045 3805 1216 3879 ardentis-

144 3942 230 4013 sima
251 3937 419 4011 charitate
438 3932 688 4026 complecteris,
711 3955 833 4024 meque
858 3940 936 4025 post
956 3931 1062 4022 Alpes
1084 3950 1124 4000 ac
1144 3952 1215 4000 ma-

144 4065 193 4135 ria
213 4064 400 4158 plusquam
421 4058 552 4153 lynceis
573 4055 696 4138 oculis
715 4058 896 4148 plusquam
911 4054 1041 4147 aprinis
1062 4051 1213 4133 auribus

145 4184 271 4278 insigni
290 4183 441 4276 quodam
462 4192 496 4253 et
517 4183 659 4272 vulgato
680 4188 853 4249 amantum
875 4173 1069 4269 privilegio,
1091 4173 1217 4243 absen-

147 4320 212 4381 tem
249 4308 381 4381 absens
407 4305 577 4397 audisque
609 4302 790 4393 ridesque,
827 4300 932 4372 immo
964 4319 1049 4371 vero
1076 4295 1217 4367 ubilibet

148 4453 300 4524 praesens
319 4453 370 4501 es.
393 4429 457 4499 etsi
480 4438 511 4496 te
531 4437 661 4497 tarento
678 4436 758 4495 nota
778 4434 870 4505 sunt,
890 4423 971 4495 mibi
986 4424 1083 4494 iuvat
1101 4430 1214 4489 tamen
