2738 5062
151 602 211 663 tet
487 614 528 661 nu
550 610 651 661 eunus
671 608 892 659 remittemus

154 748 228 840 ipse
247 766 316 817 non
335 744 550 839 dissimulas)
573 747 681 829 Beue,
696 746 854 837 inquam,
873 765 942 814 non
961 753 1042 813 tuus
1058 740 1157 815 labor
1170 752 1242 817 aut

154 866 297 937 ambitio
323 864 462 959 lmperii
487 874 608 936 auctor
632 874 697 934 est.
725 864 840 933 Times
866 863 922 933 illo
947 862 1036 934 duce
1062 859 1240 955 proficisci

154 1009 224 1079 quo
239 985 378 1057 iubente
396 997 431 1057 et
447 985 623 1056 Abraham
640 984 777 1055 unicum
794 983 901 1055 filium
918 994 1069 1055 mactare
1086 994 1122 1053 et
1138 984 1241 1076 Moy-

156 1130 215 1179 scs
236 1119 354 1200 pastor
372 1108 591 1178 incomitatus
608 1106 729 1177 faeiem
750 1104 891 1200 superbi
908 1114 944 1177 et
959 1104 1122 1176 obstinati
1141 1104 1240 1193 regis

155 1230 252 1300 adire
270 1250 338 1299 non
359 1228 492 1298 timuit?
512 1228 605 1300 Seio:
627 1230 736 1299 multa
754 1239 786 1299 te
807 1227 980 1311 vellicant,
996 1226 1124 1319 quibus
1142 1248 1241 1297 com-

156 1350 280 1443 positis
302 1349 368 1420 alia
389 1359 493 1442 atque
514 1351 579 1421 alia
600 1360 832 1441 emergerent.
853 1349 973 1420 Credis
995 1370 1039 1418 ne
1060 1357 1097 1419 tu
1119 1334 1240 1419 Caes'ar

157 1473 191 1541 in
214 1472 358 1564 imperio
380 1470 455 1543 sine
475 1473 568 1543 curis
589 1472 696 1542 vitam
718 1493 835 1563 agere,
856 1493 961 1565 quam
982 1479 1101 1563 pastor
1121 1469 1154 1539 in
1184 1480 1240 1540 tu-

157 1593 259 1684 gurio
279 1615 348 1664 non
374 1595 466 1684 agit?
486 1595 571 1664 Nam
590 1595 646 1664 illa
672 1594 785 1686 qualia
807 1604 890 1665 sunt
907 1593 1034 1687 quihus
1056 1593 1238 1664 inniteris?

157 1716 278 1787 Nonne
298 1725 383 1809 quot
403 1715 550 1810 publicae
571 1715 690 1788 muudi
716 1716 850 1799 eladeS,
873 1724 923 1786 tot
947 1715 1109 1811 privatim
1133 1717 1238 1787 lamae

159 1848 229 1909 tuae
247 1839 412 1928 vulnera,
434 1848 588 1931 quotque
614 1837 695 1908 hinc
727 1838 973 1910 excusationes
1007 1837 1145 1908 efficere
1176 1835 1237 1906 tibi

161 1962 216 2032 vis
236 1971 284 2032 tot
304 1961 339 2031 in
359 1969 393 2031 te
413 1957 556 2031 conficis
578 1961 803 2051 argumenta?
823 1958 930 2030 Cuius
955 1958 1048 2029 enim
1070 1958 1236 2051 pudorem

160 2080 226 2150 nisi
248 2081 341 2171 regis
363 2090 587 2173 praegravant
615 2080 714 2172 regni
748 2081 858 2151 mala?
886 2081 1006 2151 Diruta
1025 2092 1089 2163 est,
1112 2079 1235 2172 inquis,

160 2205 291 2296 imperii
320 2203 470 2273 libertas.
494 2203 546 2273 Tu
567 2210 663 2295 pater
683 2202 819 2295 imperii
840 2201 991 2273 dirutam
1010 2200 1237 2274 restaurabis.

161 2326 305 2416 Sumpta
339 2324 452 2394 latinis
487 2324 652 2394 servitus:
692 2334 728 2395 tu
762 2323 854 2395 illam
881 2332 1020 2395 tuorum
1041 2323 1239 2396 cervicibus

159 2446 325 2516 excuties.
348 2444 402 2515 Ad
423 2444 580 2515 avaritiae
601 2446 748 2537 lupanar
768 2445 952 2537 prostituta
972 2445 1120 2529 iustitia3
1142 2458 1179 2517 tu
1199 2444 1238 2515 il-

161 2569 228 2636 lam
249 2566 294 2637 ad
316 2588 379 2637 sua
401 2588 498 2637 sacra
520 2564 711 2660 penetralia
728 2566 922 2638 revocabis:
940 2589 1012 2661 pax
1027 2588 1048 2639 e
1065 2567 1240 2639 mentibus

162 2692 259 2783 lapsa
280 2689 490 2760 mortalium:
510 2699 547 2761 tu
565 2690 656 2759 illam
675 2689 709 2759 in
728 2711 791 2759 sua
810 2689 894 2760 sede
911 2690 1084 2760 restitues
1104 2688 1159 2759 Ad
1176 2688 1241 2760 hoe

165 2813 256 2885 enim
277 2825 393 2895 natus,
416 2814 497 2885 huic
517 2813 629 2884 ollreio
645 2812 838 2884 destinatus
852 2832 891 2882 es
906 2810 1243 2904 utlleipublicaede·

163 2934 356 3006 formitates
378 2933 518 3006 aboleas
543 2944 579 3006 et
603 2933 782 3028 pristinam
808 2933 929 3004 faeiem
951 2932 1082 3005 mundo
1103 2934 1242 3005 reddas.

164 3058 261 3126 Tune
281 3078 388 3127 verus
408 3057 493 3127 mihi
515 3058 633 3128 Caesar
649 3077 828 3148 verusque
848 3055 1025 3127 videberis
1046 3055 1243 3150 imperator,

164 3200 242 3249 cum
264 3179 413 3250 officium
433 3189 530 3249 tuum
551 3178 765 3270 impleveris
787 3178 956 3270 sineque,
977 3200 1020 3248 ne
1041 3177 1127 3248 dum
1150 3178 1243 3270 prin·

165 3322 263 3394 ceps,
287 3301 349 3370 sed
367 3323 410 3370 ne
427 3300 584 3393 privatus
604 3299 778 3393 quispiam
799 3298 873 3370 iure
894 3299 1103 3370 laudabitur.
1130 3298 1241 3370 Addis

166 3429 279 3489 autem
300 3419 435 3511 (stupeo
453 3423 583 3515 auditu)
603 3421 753 3492 nesciam
774 3430 853 3490 tunc
872 3421 1082 3491 secessionis
1097 3422 1243 3491 ltaliam.

165 3540 320 3627 Quande,
337 3541 490 3626 obsecre,
506 3544 541 3614 id
554 3544 641 3613 luit?
657 3547 732 3634 Ego
749 3542 840 3612 enim
858 3542 891 3609 in
910 3541 1092 3613 annalibus
1110 3544 1174 3612 vix
1185 3549 1246 3611 aut

167 3667 272 3735 ullum
296 3665 362 3735 tale
384 3673 520 3755 tempus
541 3661 748 3746 invenerim,
768 3669 828 3731 aut
846 3662 992 3732 inveniri
1009 3685 1114 3756 posse
1134 3660 1247 3733 credi-

165 3785 286 3856 derim.
308 3785 400 3859 Sileo
420 3785 476 3854 illa
498 3785 691 3857 vetustiora
712 3784 821 3876 ipsius
840 3781 937 3854 urbis
958 3784 1101 3875 origine,
1121 3796 1157 3854 et
1178 3784 1248 3877 pri·

167 3930 242 3977 mos
269 3930 388 3980 muros
409 3911 559 3980 fraterna
585 3908 682 3979 caede
708 3906 885 3979 madentes
918 3919 952 3977 et
986 3907 1090 4002 impio
1116 3911 1249 3980 scelere

166 4030 313 4118 quesita
333 4030 539 4103 diademata.
562 4030 728 4116 Quotiens
749 4038 847 4121 parta
875 4029 940 4100 iam
969 4029 1125 4101 libertate
1147 4028 1248 4126 plebs

167 4146 350 4239 indignans
369 4155 516 4225 secessit
532 4178 552 4227 a
570 4153 746 4246 patribus?
764 4154 884 4223 Testes
903 4163 983 4223 sunt
1002 4177 1103 4225 mons
1123 4157 1247 4238 Sacer,

168 4271 371 4356 ianiculum,
392 4276 595 4347 Aventinus.
615 4276 771 4371 Pyrrhus
790 4276 823 4345 in
844 4276 973 4348 ltaliam
990 4277 1129 4361 traiecit,
1145 4299 1247 4372 opem

169 4414 291 4483 nempe
309 4393 442 4464 laturus
458 4396 704 4466 rebellantibus
723 4398 925 4468 Tarentinis.
944 4399 1072 4469 llodem
1093 4410 1250 4490 tempore
