2738 5062
416 747 510 799 urana
530 751 889 802 uncinus-ammom
912 753 952 802 ιιι.
1181 742 1220 804 83

142 885 222 970 diei,
244 882 335 978 qnid
359 883 429 957 uisi
453 883 626 979 poeticum
650 887 726 955 est?
751 884 842 956 Mille
868 886 949 957 talia
974 887 1009 956 iu
1034 887 1219 981 Scripturis

141 1010 249 1082 saeris
274 1006 453 1091 invenies,
479 1027 560 1100 quae
584 1007 746 1101 persequi
770 1010 911 1100 longum
937 983 1001 1081 est.
1023 1010 1114 1093 Quid
1135 1033 1220 1083 vero

140 1132 234 1205 aliud
253 1129 433 1226 parabolae
454 1130 643 1202 Salvatoris
661 1129 696 1200 in
713 1131 906 1222 Evangelio
920 1145 1051 1217 sonant,
1066 1134 1134 1205 nisi
1147 1156 1221 1206 ser-

140 1276 282 1327 monem
303 1273 326 1324 a
345 1250 510 1323 sensibus
531 1253 696 1336 alienum,
720 1253 811 1337 sive,
833 1261 872 1324 nt
892 1276 960 1325 uno
976 1253 1087 1326 verbo
1103 1255 1221 1350 expri-

140 1398 244 1462 mam,
253 1372 523 1467 alieniloquium,
534 1394 638 1467 quam
652 1375 852 1466 allegoriam
866 1376 1037 1447 usitatiori
1050 1377 1220 1449 vocabulo

140 1498 409 1591 nuncupamus?
427 1495 533 1590 Atqui
553 1519 601 1568 ex
625 1497 770 1570 huiusne
790 1498 960 1570 sermonis
986 1520 1114 1591 genere
1139 1521 1222 1591 poe·

141 1622 209 1693 tica
226 1617 344 1691 omnis
369 1617 503 1690 intexta
522 1629 587 1690 est.
614 1619 685 1714 Sed
705 1619 896 1692 subiectum
918 1620 1022 1693 aliud.
1049 1621 1135 1705 Quis
1161 1643 1222 1692 ne-

143 1743 229 1835 gat?
247 1741 321 1813 lllio
339 1738 385 1810 de
405 1741 479 1812 Deo
495 1750 600 1833 atquo
618 1741 758 1826 divinis,
780 1741 837 1813 hio
856 1743 901 1813 de
917 1743 985 1814 diis
1007 1743 1222 1815 hominibus-

141 1885 214 1958 que
233 1872 416 1944 tractatum
434 1860 527 1934 unde
545 1874 581 1935 ot
599 1863 692 1957 apud
709 1863 926 1936 Aristotelem
945 1866 1073 1958 primos
1091 1866 1223 1938 theolo-

142 1989 304 2081 gizantes
322 1994 444 2080 poetas
469 1985 628 2078 legimus.
655 1989 755 2072 Quod
781 1988 828 2058 ita
852 2010 933 2061 esse
957 1988 1071 2084 ipsum
1097 2012 1220 2061 nomen

142 2110 271 2184 indicio
290 2120 356 2183 est.
376 2110 570 2195 Quaesitum
590 2111 682 2181 enim
701 2121 757 2182 est
777 2112 869 2184 unde
890 2122 1002 2205 poetae
1019 2136 1145 2186 nomen
1161 2114 1222 2187 de-

146 2234 313 2306 soendat:
330 2242 367 2306 et
384 2255 595 2327 quamquam
613 2236 713 2305 varia
726 2237 887 2321 serantur,
901 2238 958 2310 illa
971 2248 1086 2310 tamen
1099 2239 1222 2310 clarior

150 2354 322 2427 sententia
331 2366 391 2441 ost,
400 2354 496 2448 quod
509 2377 587 2426 oum
602 2354 682 2427 oliui
695 2358 800 2430 rudes
813 2358 970 2431 homiues
982 2360 1045 2455 sed
1056 2361 1221 2433 noscendi

150 2478 227 2552 veri
256 2479 495 2573 praecipueque
515 2478 734 2570 vestigandae
753 2480 944 2553 divinitatis
966 2481 1099 2566 studio,
1126 2481 1222 2574 quod

144 2602 348 2675 naturaliter
365 2602 460 2674 inest
477 2600 620 2688 homini,
642 2602 845 2695 flagrantes,
864 2605 1017 2697 cogitare
1033 2606 1222 2698 ooepissent

143 2726 226 2799 esse
245 2725 460 2820 superiorem
478 2723 628 2818 aliquam
648 2735 855 2819 potestatem
882 2748 944 2818 per
969 2748 1074 2819 quam
1096 2738 1222 2798 morta-

142 2850 188 2921 lia
208 2855 430 2940 regerentur3
451 2847 594 2939 dignum
615 2848 679 2920 rati
701 2858 790 2931 sunt,
812 2849 905 2919 illam
927 2848 1019 2919 omni
1037 2850 1220 2941 plusquam

144 2972 296 3044 humano
312 2970 483 3064 obsequio
502 2981 538 3042 et
556 2972 650 3041 oultu
676 2971 877 3061 augustiore
903 2969 1074 3040 venerari.
1102 2971 1221 3061 ltaque
1337 2965 1339 2968 ’

148 3104 187 3165 ut
204 3093 299 3166 aedes
319 3094 553 3189 amplissimas
575 3092 729 3165 meditati
751 3103 844 3176 sunt,
868 3113 956 3185 quas
979 3094 1104 3183 templa
1121 3091 1222 3161 dixe·

147 3226 235 3301 runt,
247 3229 283 3288 et
295 3215 472 3288 ministros
487 3237 605 3288 saeros
618 3237 707 3308 quos
721 3214 921 3286 sacerdotes
941 3212 1008 3287 diei
1027 3210 1165 3306 placuit,
1186 3221 1222 3281 et
1273 3198 1277 3203 ’

148 3339 349 3433 magnificas
359 3349 492 3411 statuas
505 3349 541 3409 et
553 3360 640 3411 vasa
653 3361 759 3411 aurea
771 3349 1028 3410 etmarmoreas
1037 3345 1223 3408 mensaset

146 3484 341 3558 purpureos
353 3462 518 3546 amictum
531 3464 589 3546 sie,
604 3484 648 3533 ne
660 3473 779 3533 mutus
793 3463 904 3534 honos
918 3460 1024 3546 fieret,
1039 3460 1153 3531 visum
1166 3469 1223 3531 est

145 3594 181 3656 et
204 3585 326 3658 verbis
359 3584 515 3658 altisonis
546 3584 762 3657 divinitatem
795 3587 948 3678 placare,
974 3594 1010 3655 et
1033 3585 1152 3677 procul
1178 3582 1223 3653 ab

145 3709 240 3779 omni
264 3708 400 3801 plebeio
423 3731 464 3781 ao
489 3706 626 3802 publico
650 3707 811 3801 loquendi
838 3706 916 3779 stilo
942 3728 1059 3777 sacras
1086 3704 1222 3798 superis

145 3829 277 3903 inferre
295 3830 497 3916 blanditias,
520 3832 674 3902 numeris
691 3831 834 3924 insuper
851 3829 1023 3913 adhibitis,
1043 3828 1171 3922 quihus
1187 3837 1223 3898 et

145 3954 329 4027 amoenitns
355 3956 488 4027 inesset
511 3966 546 4026 et
578 3953 681 4025 taedia
714 3956 931 4048 pellerentur.
961 3953 1001 4025 ld
1034 3975 1120 4024 sane
1152 3973 1222 4022 non

146 4077 285 4170 vulgari
318 4079 428 4150 torma
454 4079 518 4151 sed
542 4076 727 4151 artificiosa
751 4078 903 4171 quadam
927 4088 962 4148 et
986 4075 1164 4168 exquisita
1188 4086 1223 4146 et

146 4223 235 4273 nova
249 4200 327 4273 fieri
338 4200 505 4297 oportuit:
515 4222 596 4295 quae
607 4201 769 4295 quoniam
780 4219 895 4291 graeco
909 4219 1069 4270 sermone
1078 4198 1222 4291 poetices

145 4321 235 4397 dicta
254 4333 326 4409 est,
348 4344 411 4394 eos
430 4345 569 4417 quoque
588 4321 648 4415 qui
669 4322 735 4392 hae
754 4319 958 4404 utebantur,
979 4329 1100 4412 poetas
1122 4317 1222 4390 dixe-

146 4459 234 4519 runt.
248 4446 432 4533 Quisnam,
447 4445 592 4538 inquies,
607 4446 731 4515 horum
745 4453 801 4513 est
816 4446 957 4514 auctor?
974 4445 1133 4523 PoteraS,
1155 4442 1223 4509 lra-

147 4578 208 4654 ter,
229 4567 371 4660 absque
392 4564 655 4639 fideiussoribus
677 4564 757 4637 fidei
780 4586 869 4636 meae
890 4576 992 4636 stare.
1010 4563 1118 4634 Merui
1136 4563 1223 4630 sorte
