2738 5062
432 734 525 782 niuno
548 732 876 783 nonus-sorssors
900 734 942 781 xt.
1187 720 1224 779 37

145 850 340 944 scripturus
365 848 536 942 quidquid
561 857 769 920 occurreret.
803 847 903 933 Quod
937 870 1016 918 cum
1047 848 1224 933 fecissem,

142 977 243 1045 laetus
268 982 306 1044 et
329 971 401 1043 voti
426 992 566 1065 compos
587 969 772 1042 abscessit:
793 971 876 1041 mihi
896 981 1012 1043 autern
1035 971 1069 1039 in
1091 970 1226 1041 silentio

140 1095 308 1189 cogitanti
334 1115 485 1186 quonam
511 1092 656 1166 artificio
682 1093 859 1165 familiaris
879 1093 1024 1185 epistola
1049 1093 1094 1166 de
1118 1092 1226 1162 nihilo

141 1227 336 1301 texeretur,
375 1215 585 1308 mirantique
615 1216 764 1287 etmihi
799 1216 989 1309 requirenti
1024 1214 1109 1310 quid
1142 1213 1225 1285 mihi

141 1353 258 1414 tecum
279 1339 330 1410 rei
355 1349 464 1422 esset,
487 1359 614 1432 quaevc
635 1339 808 1410 scribendi
836 1339 990 1422 materia,
1017 1339 1103 1409 nihil
1128 1339 1225 1433 prius

140 1461 352 1535 inanimum
374 1460 479 1545 venit,
502 1482 607 1554 quam
627 1461 801 1533 Ciceronis
823 1460 880 1531 itta
900 1462 1045 1553 vulgata
1064 1461 1223 1553 quidem,

141 1584 207 1657 scd
221 1585 391 1679 praeclara
411 1583 603 1654 sententia:
624 1582 760 1653 Virtute
784 1583 869 1653 nihil
895 1582 1099 1668 amabilius,
1124 1583 1226 1653 nihil·

140 1729 212 1800 que
232 1705 326 1799 quod
352 1705 464 1796 magis
490 1703 630 1788 alliciam
652 1714 853 1798 mutamque
876 1706 953 1778 eius
973 1726 1055 1778 esso
1077 1705 1163 1790 vim,
1187 1712 1226 1776 ut

140 1848 202 1902 eos
222 1849 372 1921 quoque,
394 1846 484 1919 quos
505 1849 683 1919 uunquam
700 1828 863 1912 vidimus,
886 1827 1086 1920 diligamus.
1103 1828 1225 1920 ltaque

141 1950 324 2023 confestim
346 1946 454 2019 veluti
477 1969 648 2041 percussa
664 1949 783 2020 valido
801 1950 961 2042 aquilone
981 1949 1166 2031 nubecula,
1190 1959 1225 2021 et

141 2071 323 2155 cunctatio,
345 2079 382 2142 et
401 2069 584 2142 admiratio
604 2071 717 2143 omnis
736 2073 889 2143 evanuit.
918 2073 989 2144 lam
1010 2074 1118 2143 latum
1140 2072 1225 2143 scri-

142 2195 247 2268 bendi
268 2216 429 2286 campum
452 2192 564 2276 video,
584 2194 722 2287 iamque
742 2195 825 2264 nihil
847 2195 965 2299 miror,
986 2197 1089 2266 talem
1110 2195 1224 2267 animo

143 2340 223 2389 mco
254 2317 369 2388 virum
394 2338 477 2388 esse
501 2317 736 2401 carissimum,
758 2339 971 2410 quamquam
996 2319 1102 2390 iacies
1127 2318 1220 2404 eius,

146 2439 230 2510 mihi
251 2440 418 2510 hactenus
438 2437 581 2531 quidem
601 2461 665 2511 nec
685 2440 761 2511 visa
783 2441 837 2512 sit.
860 2443 895 2511 Si
917 2442 1018 2528 enim,
1041 2442 1107 2512 nisi
1129 2442 1224 2535 quod

144 2562 254 2634 oculis
277 2560 440 2644 vidimus,
464 2583 579 2632 amare
593 2582 661 2633 non
675 2583 877 2656 possumus,
900 2564 1035 2660 primus
1056 2573 1091 2635 ct
1111 2565 1224 2635 maxi-

143 2707 223 2758 mus
259 2684 399 2757 amandi
439 2684 571 2775 gradus
611 2687 802 2759 evertitur:
844 2688 1069 2784 semetipsum
1106 2692 1222 2761 nulius

142 2806 289 2887 ananie
322 2826 426 2877 nemo
449 2828 601 2900 namque
634 2829 738 2879 suum
771 2809 940 2894 animum,
967 2831 1069 2881 nemo
1102 2812 1221 2881 faciem

144 2952 244 3000 suam
260 2928 359 3002 vidit.
375 2928 446 3001 Hoc
460 2930 619 3001 nimirum
640 2930 794 3012 interest,
808 2930 970 3022 quoniam
986 2939 1025 3000 ut
1037 2951 1101 3001 nos
1115 2930 1219 3021 ipsos,

144 3073 235 3144 quos
254 3074 431 3146 nunquam
458 3053 623 3137 vidimus,
646 3072 818 3136 amemus,
842 3062 966 3122 natura
986 3063 1057 3138 est;
1079 3062 1117 3124 ut
1137 3074 1222 3126 vcro

143 3173 243 3260 alios,
272 3175 386 3247 virtus
419 3176 534 3259 efficit,
560 3177 712 3248 etfama
737 3174 877 3247 virtutis
903 3175 1035 3246 nuntia.
1058 3177 1141 3247 Haec
1166 3186 1222 3247 est

141 3319 223 3391 quae
247 3297 552 3393 praeciarissimum
580 3321 698 3391 regem
724 3297 963 3383 Masinissam,
990 3298 1135 3371 oblitum
1161 3320 1223 3393 pa-

142 3422 218 3492 triae
237 3442 279 3492 ac
301 3422 486 3516 pignorum
511 3431 698 3506 tantorum,
721 3421 873 3494 Africani
899 3422 967 3493 mei
989 3444 1218 3516 congressum

142 3543 257 3636 coegit
274 3553 453 3636 expetere,
479 3565 519 3615 ac
539 3544 727 3637 praesentia
746 3544 831 3615 tan'ti
856 3543 955 3617 ducis
981 3545 1181 3630 attonitum,
1200 3568 1221 3618 e

144 3665 480 3759 Carthaginiensium
501 3666 627 3738 castris
643 3667 689 3738 ad
705 3667 859 3738 Romana
873 3668 974 3760 signa
987 3669 1163 3761 perduxit;
1176 3681 1218 3754 ct,

146 3787 236 3879 quod
261 3788 372 3860 instar
397 3789 544 3860 monstri
563 3789 643 3860 iacit
664 3811 798 3860 morum
822 3791 1085 3883 animorumque
1105 3790 1222 3862 diver·

145 3909 239 3996 sitas,
259 3911 418 3984 eiusdem
439 3910 538 3982 ducis
555 3921 591 3982 et
610 3913 660 3982 rei
680 3933 823 3984 causam
845 3913 897 3983 sui
928 3910 1070 4006 quidem
1095 3913 1219 3998 hostis,

144 4033 206 4106 sed
231 4034 400 4106 virtutum
419 4033 522 4105 amici
539 4032 889 4107 honorificentissimo
905 4034 1066 4118 decreto,
1086 4042 1122 4104 et
1140 4057 1223 4129 sup-

143 4154 219 4255 piici
239 4178 281 4228 ac
301 4154 551 4227 venerabunda
571 4157 775 4250 praedonum
793 4155 866 4227 acie
886 4153 1042 4227 absentis
1060 4155 1223 4228 honesta-

143 4278 194 4349 vit
215 4278 380 4350 cxiiium:
402 4268 411 4303 ¹
432 4278 583 4371 denique
608 4278 738 4351 divinae
758 4279 835 4349 eius
867 4277 1011 4371 originis
1041 4278 1076 4348 in
1108 4288 1223 4371 pecto-

144 4399 239 4472 ribus
274 4399 453 4472 hominum
486 4400 683 4495 opinionem
722 4401 862 4491 genuit,
897 4401 1092 4472 et·nedum
1127 4399 1222 4469 veris

238 4540 245 4573 ¹
261 4541 310 4592 Tit.
326 4540 379 4592 Lis.
394 4540 448 4594 Lm.
463 4541 569 4604 XXXIX,
582 4541 663 4593 Vnicr.
678 4541 744 4592 iias.
758 4541 812 4592 Lib.
825 4542 856 4594 ΙΙ.
868 4556 891 4593 c.
905 4544 928 4593 5.
