2738 5062
308 645 399 695 nrnnu
421 646 756 698 ordinassemus·
769 648 919 698 srrsronl
941 650 981 698 rx.
1121 639 1180 701 253

111 783 257 868 actibus,
278 793 311 857 te
329 791 475 868 tacente,
490 785 613 868 fateor,
636 783 773 857 abunde
789 784 872 855 mibi
893 806 1098 881 responsum
1118 811 1182 882 pu-

111 917 188 977 tem.
210 906 281 977 Nec
300 906 392 978 enim
410 908 533 998 loquor
550 916 588 976 nt
605 906 701 978 tend
719 905 928 999 loquendum
949 907 1103 994 alliciam,
1121 909 1182 1004 qui

109 1037 285 1101 oratorum
306 1037 555 1122 poetarumque
580 1050 662 1103 mos
681 1041 747 1114 est,
776 1031 839 1103 sed
867 1041 904 1101 ut
928 1031 1039 1122 igneae
1064 1029 1182 1104 virtuti

111 1163 178 1224 tuae
197 1150 510 1244 ardentissimoque
543 1151 655 1224 animo
688 1134 846 1226 flammas
875 1155 992 1237 etiam,
1015 1154 1045 1225 si
1065 1155 1183 1225 alllatu

109 1297 186 1346 meo
212 1271 288 1345 fieri
309 1273 434 1367 possit,
457 1273 630 1345 adiiciam:
651 1275 802 1369 alioquin
823 1279 911 1348 male
933 1298 988 1347 me
1016 1277 1060 1347 de
1081 1299 1182 1370 repu-

110 1396 196 1469 blica
217 1395 380 1467 meritum
397 1417 467 1468 non
483 1395 635 1487 negab0,
659 1399 688 1469 si
710 1409 744 1470 ta
764 1399 808 1471 ab
829 1399 1005 1469 altissimis
1022 1407 1057 1468 ot
1075 1399 1183 1470 utilis-

111 1520 208 1591 simis
225 1518 320 1590 curis
339 1518 383 1591 ad
401 1518 478 1590 baec
499 1522 566 1593 tuis
585 1522 768 1592 humiliora
792 1520 988 1592 detraxero.
1010 1520 1185 1593 Generosa

111 1642 250 1736 quidem
271 1641 396 1713 mentis
428 1640 570 1730 intentio
603 1642 787 1739 aliquando
818 1643 1001 1737 gloriosius
1023 1666 1184 1736 requam

113 1766 230 1837 verbis
249 1764 465 1858 exprimitur.
491 1765 623 1837 liorem
645 1766 750 1857 igitur
767 1777 862 1837 tuum
886 1787 1000 1849 serva,
1023 1765 1186 1858 quodque

112 1888 226 1959 animo
242 1886 413 1979 cogitasti,
432 1889 530 1959 lactis
546 1891 723 1982 eloquere,
740 1909 900 1983 sequens,
921 1887 1009 1957 utin
1029 1887 1184 1980 reliquis,

110 2010 143 2082 in
166 2012 234 2083 hoc
256 2032 395 2104 quoque
415 2011 647 2082 Romanorum
665 2013 797 2105 priscos
817 2033 945 2096 mores,
968 2009 1061 2106 apud
1080 2032 1184 2104 quos,

110 2144 148 2205 ut
168 2134 218 2205 ait
242 2133 314 2213 ille,
336 2132 488 2225 optimus
513 2133 662 2225 quisque
682 2134 794 2205 lacere
813 2155 918 2227 quam
939 2133 1054 2206 dicere
1080 2134 1187 2205 male·

108 2253 180 2329 bat.
201 2256 371 2340 Quamvis
391 2255 485 2350 apud
504 2276 566 2326 eos
592 2255 686 2349 ipsos
707 2257 862 2350 plerique
882 2257 1114 2329 actuosissimi
1140 2258 1189 2329 si·

105 2377 183 2450 mul
197 2399 239 2448 ac
253 2377 471 2449 disertissimi
490 2379 679 2462 evaserint;
699 2379 790 2451 unde
805 2389 861 2450 est
879 2389 923 2465 ut,
942 2380 1036 2473 quod
1055 2380 1186 2452 Statius

104 2498 274 2594 Papinius
300 2498 493 2572 Domitiano
516 2501 659 2594 principi
685 2500 870 2585 blanditur,
890 2525 1012 2574 verum
1035 2503 1081 2574 sit
1099 2522 1189 2594 prae-

102 2622 250 2695 oonium
269 2626 472 2706 multorum,
496 2633 534 2695 nt
554 2624 685 2695 scilicet
703 2624 831 2696 ducum
849 2635 1025 2696 acuatum
1047 2626 1188 2696 frondes

103 2746 147 2817 in
166 2768 235 2818 una
252 2746 363 2817 fronte
384 2744 579 2831 videamus
600 2746 757 2838 interque
776 2747 965 2818 dictaturas
985 2748 1187 2818 consulatus

105 2879 149 2942 et
168 2869 310 2962 imperia
330 2867 527 2940 habitantes
548 2869 680 2952 Musas,
702 2879 737 2938 et
756 2868 846 2939 inter
862 2868 1053 2939 litterarum
1076 2868 1189 2939 studia

106 2991 275 3064 victrices
311 2993 447 3064 laureas
480 2992 657 3062 miremur.
690 2989 726 3061 Si
754 2991 894 3083 quando
914 2991 1019 3081 igitur
1039 3011 1188 3063 vacuum

111 3125 251 3210 tempus
268 3114 444 3207 obtigerit,
459 3124 510 3199 ut,
525 3113 616 3206 quod
635 3135 727 3185 nunc
742 3112 863 3197 iecisti,
879 3111 1038 3205 gloriosis
1055 3111 1189 3184 actibus

108 3237 211 3330 paria
231 3235 340 3309 verbu
360 3237 585 3333 permisceas,
614 3236 794 3329 utriusque
815 3237 987 3308 Caesareae
1004 3235 1117 3308 laudis
1134 3257 1191 3307 or-

116 3367 278 3429 namenta
288 3358 493 3445 mereberis3
512 3367 558 3444 ut,
579 3359 667 3431 sicut
683 3358 788 3429 animi
806 3358 929 3430 robore
943 3359 1193 3462 praestantissi7

114 3502 211 3552 mum
234 3492 267 3552 te
287 3479 463 3566 novimus
487 3483 537 3553 sic
559 3505 626 3553 non
652 3482 754 3554 modo
772 3482 963 3553 militariter
988 3483 1188 3567 facundum,

117 3602 182 3675 sed
212 3603 316 3675 etiam
351 3602 570 3677 artificiosius
603 3608 835 3699 eloquentem,
870 3606 1014 3699 insuper
1048 3616 1084 3677 et
1120 3604 1192 3699 pri-

118 3739 198 3800 vata
222 3728 316 3821 loqui
347 3729 494 3802 docilem
524 3751 766 3824 agnoscamus.
792 3730 824 3800 A
849 3729 1074 3823 scriptoribus
1099 3728 1189 3799 enim

118 3872 234 3922 rerum
255 3860 440 3944 utrumque
464 3852 549 3926 lulio
576 3853 706 3926 Caesari
728 3876 829 3926 suum
863 3874 904 3922 ac
934 3851 1104 3944 peculiare
1132 3854 1192 3923 tri-

118 3973 251 4047 buitur:
269 3985 305 4046 et
317 3975 395 4047 licet
415 3976 490 4071 ipse
507 3998 575 4049 non
595 3977 643 4047 sis
657 3976 788 4059 Caesar,
807 3974 885 4066 quis
903 3982 1018 4043 tamen
1037 3971 1193 4064 prohibet

118 4097 317 4171 Caesareum
334 4099 485 4171 animum
503 4100 647 4182 habere,
664 4099 843 4170 Caesareos
857 4118 985 4181 mores,
998 4098 1190 4170 Caesaream

118 4220 324 4295 industriam
353 4222 501 4295 imitari?
529 4222 698 4317 Equidem
726 4242 815 4314 quas
844 4229 881 4292 tu
914 4219 997 4291 mihi
1023 4243 1086 4316 pro
1106 4221 1192 4292 aridi

118 4344 293 4441 ieiunique
305 4345 475 4418 sermonis
489 4346 601 4441 inopia
614 4345 731 4438 egisti,
746 4354 876 4439 quanto
891 4367 957 4438 ego
976 4345 1036 4417 tibi
1053 4343 1191 4435 dignius

118 4491 179 4562 pro
199 4469 370 4561 locuplete
387 4468 534 4561 epistola
555 4481 672 4561 grates
689 4491 803 4562 agam,
826 4491 959 4564 proque
975 4492 1018 4540 eo
1037 4466 1193 4539 nomina-
