2738 5062
1142 307 1155 325 Ο

143 628 202 689 ,158
482 636 522 683 ΒΕ
544 634 646 685 annus
667 634 890 687 Falllullltlltlts

144 774 336 867 pendentes
361 774 397 841 in
422 770 586 865 praesenti
612 792 730 842 rerum
760 792 916 842 mearum
940 770 1152 845 difficultate
1179 798 1237 849 re·

145 918 314 991 sponsum
335 895 390 967 sit.
413 895 525 966 Unum
546 893 650 965 valde
671 914 727 965 me
746 904 959 987 praegravat,
981 916 1026 965 ne
1052 894 1091 965 in
1119 906 1233 969 totum

144 1019 248 1090 velim
268 1017 363 1110 qnod
383 1038 431 1089 ex
450 1028 548 1111 parte
564 1016 657 1098 volo,
675 1024 712 1085 et
729 1018 829 1107 plene
848 1016 940 1087 velle
959 1016 995 1085 ni
1014 1018 1119 1089 fallor
1136 1021 1231 1091 volo.

143 1145 245 1223 Volo,
265 1142 419 1233 inquam,
441 1140 546 1233 idque
567 1160 623 1210 me
643 1141 735 1210 vello
754 1138 886 1222 dicere,
905 1138 1044 1210 Christo
1064 1140 1148 1213 licet
1167 1164 1234 1215 an·

144 1267 269 1346 diente,
290 1284 360 1334 non
381 1264 499 1345 time03
522 1262 586 1334 sed
604 1262 750 1353 dignum
777 1264 886 1333 lateor
906 1270 944 1333 ut
962 1262 1059 1355 quod
1083 1262 1234 1357 indigne

143 1385 310 1478 quaesivi,
329 1405 399 1455 non
416 1385 517 1456 dulce
534 1384 679 1455 sentiam
695 1385 757 1457 sed
772 1406 940 1457 amarum.
954 1385 1063 1457 Nocet
1077 1386 1167 1457 mibi
1183 1383 1233 1459 ad

144 1510 295 1602 quietern
321 1517 358 1579 et
381 1508 493 1579 ocium
519 1508 621 1579 lamae
646 1507 797 1601 pondus,
820 1528 924 1600 quam
950 1489 1046 1579 verae
1068 1508 1159 1579 nihil
1182 1510 1231 1583 ad

144 1652 233 1714 rem,
253 1630 282 1700 si
299 1630 393 1701 idem
411 1638 525 1721 potest
540 1630 627 1699 falsa
643 1628 738 1720 quod
755 1649 876 1700 verax.
896 1629 1040 1700 Mirum!
1060 1630 1144 1723 lpsa
1160 1630 1230 1703 sibi

143 1773 297 1845 praecox,
312 1772 356 1821 ne
368 1751 480 1823 dicam
500 1770 663 1843 praeceps,
677 1752 775 1821 lama·
784 1751 1003 1845 praeiudicat,
1016 1761 1055 1823 et
1068 1752 1148 1823 salsi
1165 1774 1231 1825 no·

144 1873 248 1944 minis
273 1872 474 1964 magnitudo
495 1893 590 1942 verae
610 1870 731 1965 gloriae
755 1872 869 1944 tardat
892 1884 1131 1965 augmentum.
1152 1872 1229 1947 Nini

144 1997 239 2089 quod
259 2018 329 2068 non
350 1995 510 2066 merebar
530 2006 610 2066 ante
631 2005 767 2089 tempus
787 1995 1013 2080 invenissem,
1032 1997 1228 2090 potuissem

143 2121 231 2190 torte
252 2121 347 2210 quod
367 2120 529 2212 optabam
555 2143 619 2191 suo
645 2130 800 2211 tempore
824 2119 1028 2211 promereri.
1053 2120 1229 2191 Verunta-

142 2262 224 2311 men
244 2242 292 2313 ita
312 2250 387 2312 est:
405 2242 485 2312 hinc
501 2252 626 2313 cuncta
643 2242 728 2313 mihi
746 2240 886 2313 turbida
901 2251 939 2313 ct
953 2241 1111 2334 inquieta
1128 2239 1226 2313 liunt.

143 2362 213 2433 Sed
236 2361 326 2431 benc
350 2362 473 2433 babet:
494 2363 542 2433 nil
567 2363 679 2454 patior
703 2362 797 2435 novi.
833 2364 935 2458 Saepc
968 2363 1098 2436 laudati
1130 2366 1227 2437 lacus

141 2488 351 2580 piscatorum
372 2484 519 2570 retibus,
543 2504 638 2579 saepe
658 2486 782 2555 famosi
808 2487 918 2557 saltus
942 2506 1069 2557 canum
1096 2488 1227 2559 latrati-

140 2608 209 2681 bus
230 2609 446 2679 inicstantur.
471 2607 542 2678 Oh!
565 2607 663 2689 felix,
679 2607 708 2679 si
729 2609 809 2700 quis
828 2628 976 2702 usquam
993 2617 1059 2694 est,
1074 2610 1133 2680 oui
1145 2632 1226 2684 con-

142 2731 258 2825 tigerit
277 2731 367 2801 inter
387 2732 533 2803 honesta
550 2731 666 2802 studia
678 2732 803 2816 latere,
824 2742 860 2803 et
875 2734 972 2824 vulgi
986 2734 1172 2829 strepitum
1190 2741 1225 2807 et

141 2856 371 2927 humanarum
396 2854 637 2926 curiositatum
661 2852 837 2927 declinare
862 2854 1056 2927 circuitum.
1082 2856 1152 2940 Qui
1176 2858 1225 2931 sic

141 2977 240 3050 latuit
266 2977 389 3048 clarior
414 2986 585 3067 emerget,
618 2987 654 3048 et
686 2986 768 3049 tunc
800 2977 951 3070 primum
984 2979 1109 3053 vivero
1143 2982 1224 3055 dnm

140 3100 228 3171 mori
249 3099 423 3172 videbitur
447 3099 597 3191 incipiet.
632 3097 714 3170 Mihi
741 3098 882 3192 quidem
908 3101 1031 3173 nescio
1056 3125 1100 3175 an
1124 3106 1224 3198 culpa

141 3247 185 3296 an
205 3225 343 3294 fortuna
362 3222 463 3294 dulce
485 3223 665 3295 latibulum
686 3222 820 3294 invidit.
839 3224 939 3315 Saepe
959 3224 1130 3298 hactenus
1152 3238 1224 3299 ten-

141 3354 269 3415 tantem
289 3346 413 3434 lugere
432 3310 671 3438 mea⁸sempcr
687 3346 777 3417 lama
798 3367 854 3417 me
874 3346 1027 3437 prodidit
1045 3348 1223 3440 loquacior

141 3463 409 3555 mendaciorque
441 3488 547 3557 quam
579 3468 716 3538 vellem.
750 3468 800 3537 lta
833 3488 900 3558 ogo
929 3490 950 3539 a
978 3468 1092 3563 prima
1120 3482 1222 3543 aeute

142 3593 259 3657 tantus
280 3594 414 3654 amator
433 3587 629 3658 solitudinis
650 3609 691 3659 ac
712 3590 891 3682 sylvarum
913 3589 981 3662 iam
1003 3591 1123 3663 senior
1142 3614 1223 3664 vcr-

141 3727 200 3777 sor
230 3707 264 3776 in
295 3703 454 3788 urbibus,
482 3716 518 3776 et
548 3707 670 3778 odiosa
689 3709 881 3800 frequentia
906 3711 1044 3783 laboro:
1070 3724 1108 3785 et
1131 3717 1222 3787 male

140 3829 226 3899 mibi
245 3838 310 3901 est.
329 3828 431 3921 Saepe
447 3829 551 3900 etiarn
568 3830 603 3899 in
620 3830 774 3901 animum
792 3833 883 3904 redit
898 3834 981 3906 illud
998 3835 1070 3907 divi
1087 3838 1222 3931 Vespa·

142 3950 243 4036 siani,
266 3951 325 4045 qui
347 3951 545 4047 triumphali
577 3951 634 4023 die
663 3975 742 4023 cum
770 3954 932 4026 tarditate
953 3980 1159 4051 pomparum
1184 3968 1222 4031 ct

141 4072 254 4143 turbae
274 4073 379 4146 taedio
399 4084 605 4165 gravaretur
628 4074 764 4149 dixisse
787 4082 914 4150 fertur:
940 4082 1063 4152 merito
1090 4105 1130 4155 sc
1155 4107 1222 4180 pu-

140 4192 208 4263 niri
226 4195 286 4285 qui
312 4196 357 4267 ad
380 4197 476 4269 illurn
501 4221 566 4269 nec
592 4218 631 4270 se
657 4222 721 4270 noc
746 4201 934 4273 maioribus
965 4203 1038 4274 suis
1071 4205 1221 4295 dignum

140 4315 305 4387 bonorem
338 4340 407 4411 quo
440 4319 553 4392 serius
586 4342 628 4391 co
662 4323 796 4415 turpius
829 4324 1031 4419 aspirasset.
1059 4325 1222 4397 Graviter

142 4435 302 4531 equidem
323 4460 364 4511 ac
389 4441 555 4513 modeste.
579 4444 660 4516 llilri
683 4468 724 4516 ca
746 4447 856 4519 solum
880 4447 1091 4539 suffragatur
1110 4470 1223 4521 excu-
