2738 5062
203 616 261 675 3Ίῦ
541 620 583 669 llll
604 620 704 669 illinus
725 616 945 669 ruulllllllltlts

204 771 242 831 ut
266 756 451 831 Ambrosio
470 757 604 849 placet3
630 776 725 826 nuno
747 774 861 845 neque
887 750 1165 825 miserioordiam
1193 758 1297 849 petit,

202 893 238 953 et
257 880 350 978 apud
370 881 446 951 illos
467 898 506 949 se
527 898 691 971 peccasse
706 878 889 948 oonlessus
907 884 972 960 est,
992 874 1053 967 qui
1073 875 1121 947 de
1143 888 1298 969 peooato

201 1005 278 1077 eius
304 1001 515 1094 gaudebant,
543 1000 587 1070 de
613 999 780 1094 supplicio
803 1019 874 1068 non
896 997 1075 1069 curabant.
1100 999 1296 1073 Postremo

203 1124 331 1215 magis,
360 1133 397 1192 ut
417 1123 626 1215 Hieronymo
653 1119 803 1204 videtur,
836 1118 1081 1211 desperatione
1102 1120 1294 1195 Christum

203 1247 295 1317 laesit
318 1265 423 1335 quam
445 1242 647 1335 proditione.
669 1240 929 1313 lllemorandum
951 1241 1066 1312 valde.
1086 1240 1185 1325 Quid
1201 1264 1294 1337 ergo

203 1376 319 1462 potest
338 1366 454 1435 Deus?
472 1384 575 1434 omne
594 1363 690 1454 quod
710 1364 801 1433 vult:
826 1364 903 1433 vult
926 1372 1040 1434 autom
1062 1382 1169 1434 omne
1191 1364 1294 1456 quod

204 1488 304 1559 nobis
330 1487 543 1557 salutiferum
570 1484 676 1554 novit.
708 1485 781 1554 lloo
812 1482 913 1554 lirma
938 1481 1008 1555 lide
1038 1483 1293 1578 constantique

204 1608 329 1681 liduoia
346 1607 533 1679 tenendum
553 1616 618 1675 est.
641 1605 790 1676 Cessent
808 1605 931 1675 inanes
950 1614 988 1675 et
1007 1603 1148 1697 pavidae
1167 1607 1294 1677 oonie-

202 1742 322 1815 cturae,
340 1741 377 1802 et
393 1728 566 1820 religiosae
583 1748 688 1797 aures
706 1726 862 1797 susurris
879 1726 1081 1797 daemonum
1097 1724 1294 1799 obstruan-

205 1864 270 1924 tur.
296 1853 458 1943 lllagnum
492 1848 595 1920 luerit
622 1858 761 1941 propter
793 1868 858 1918 nos
891 1848 1002 1917 lleum
1032 1866 1098 1917 suo
1130 1846 1292 1938 quodum

205 1973 352 2045 mirabili
377 1992 495 2041 amore
521 1969 641 2041 nasci:
668 1967 780 2039 maius
805 1968 896 2038 inter
921 1968 1156 2041 neeessitales
1179 1969 1294 2041 mise·

205 2096 344 2184 riasque
377 2100 515 2162 nostras
548 2088 670 2162 vivere
681 2114 696 2160 ¹-:
730 2089 921 2162 maximum
953 2090 1141 2181 plusquam
1167 2100 1293 2165 nostro

203 2212 385 2293 communi,
406 2231 472 2281 suo
491 2211 642 2302 quodam
664 2210 706 2282 ad
729 2232 794 2283 nos
814 2210 1038 2295 misericordi,
1050 2209 1086 2280 in
1107 2232 1150 2283 se
1169 2224 1291 2285 autem

206 2331 394 2404 miserabili
415 2353 511 2402 more
532 2332 630 2401 mori.
654 2333 739 2401 llira
759 2333 837 2403 lraeo
856 2341 891 2403 el
917 2330 1291 2426 ineffabilia-quedam

204 2454 312 2527 divini
330 2452 459 2526 amoris
478 2453 579 2544 sigua
594 2451 674 2545 quis
691 2457 820 2543 neget‘l
837 2454 906 2525 Sed
925 2475 970 2524 an
988 2454 1068 2525 ideo
1084 2475 1151 2525 nos
1168 2454 1293 2549 ingra-

206 2590 260 2652 tos
284 2577 386 2649 faciet
411 2574 571 2647 beneficii
595 2573 820 2665 magnitudo?
849 2574 951 2645 Absit
975 2597 995 2646 a
1016 2574 1196 2647 mentibus
1221 2578 1292 2673 piis

205 2702 261 2773 hio
281 2702 387 2772 furor.
410 2697 607 2769 Sontiamus
627 2716 692 2766 nos
713 2694 890 2767 beneficiis
918 2695 1021 2767 tantis
1047 2694 1229 2787 indignos,
1256 2712 1294 2773 et

66 2902 69 2909 ,
205 2844 270 2895 nos
290 2822 335 2893 ad
357 2819 608 2913 persolvendas
629 2815 769 2887 meritas
791 2827 909 2907 grates
929 2815 1037 2887 verbo
1056 2816 1162 2888 etium
1185 2820 1292 2911 longe

206 2943 357 3036 impares
379 2960 629 3033 agnoscamus
656 2938 783 3009 violam
805 2937 1023 3028 fragilitatem
1044 2947 1204 3010 nostram
1224 2939 1298 3011 im-.

206 3083 327 3135 mensa
347 3063 407 3133 Dei
432 3060 617 3132 clementia
636 3062 822 3141 fateamur,
845 3058 959 3128 animo
980 3067 1096 3129 tamen
1116 3070 1293 3150 quantum

205 3206 394 3277 possumus
412 3182 602 3273 gratissimi
618 3191 654 3250 et
672 3180 907 3272 obsequentes
918 3190 954 3249 et
965 3179 1097 3251 creduli
1106 3190 1142 3252 et
1155 3179 1293 3267 fideles,

207 3326 319 3395 nequo
339 3304 420 3396 quia
448 3325 504 3374 res
526 3326 667 3395 magna,
695 3323 760 3374 nos
787 3300 935 3392 indigni,
964 3300 1042 3372 ideo
1062 3300 1165 3373 nobis
1192 3304 1296 3377 illum

206 3425 387 3493 consulere
407 3423 609 3515 nequivisse
636 3426 691 3494 vel
719 3421 871 3494 noluisse
896 3434 1036 3517 propter
1062 3422 1299 3495 inaccessibi-

207 3545 272 3614 lem
294 3563 369 3613 suae
391 3541 611 3633 potentianae
633 3544 769 3635 pietatis
786 3542 1026 3616 excellentiam
1043 3543 1296 3637 desperemus

207 3665 300 3737 Vale.

349 3808 453 3872 Quarto
468 3806 606 3862 Kalendas
621 3806 732 3877 llprilis.
