2738 5062
361 697 453 746 urum
474 694 955 748 suxrusuucruus.-nrrsroun
975 700 1017 750 ur.
1170 688 1230 751 369

146 853 186 904 se
207 832 302 923 ipsos
320 841 356 902 et
373 828 572 901 rebellantis
591 837 706 898 motus
727 828 832 898 animi
851 830 1018 901 vicerunt.
1039 833 1109 904 Sed
1125 833 1227 925 quid-

145 953 230 1046 quid
248 951 323 1034 fiot,
346 971 523 1043 nunquam
546 959 678 1021 tantum
700 948 829 1020 babere
850 951 1028 1042 continget
1039 953 1123 1044 quin
1135 955 1227 1023 mul·

148 1073 193 1144 tis
213 1085 248 1143 et
269 1072 352 1142 mihi
373 1068 449 1164 i'psi,
473 1072 504 1142 si
523 1070 681 1143 avaritiae
701 1068 893 1152 credidero,
917 1073 1158 1164 pauperrimus
1182 1094 1224 1144 ec

146 1193 327 1265 mendicus
348 1194 482 1264 videar.
504 1192 660 1263 Luxuria
679 1190 879 1263 etevaritia
904 1203 941 1263 et
960 1193 1102 1266 ambitio
1121 1196 1226 1267 nullis

146 1315 276 1385 finibus
311 1324 390 1384 sunt
417 1326 603 1396 contentae,
631 1313 727 1385 salsis
754 1335 836 1385 vero
861 1298 1082 1408 opinionibus
1109 1319 1225 1390 omnio

145 1437 245 1527 plena
279 1443 376 1518 sunt,
412 1435 541 1528 quibus
575 1434 640 1503 nisi
672 1433 860 1518 resistitur,
890 1447 1015 1527 urgent
1039 1459 1152 1529 usque
1180 1439 1226 1510 ad

144 1565 336 1627 extremam
362 1556 593 1628 miseriarum.
619 1556 680 1626 His
707 1556 846 1627 obstare
875 1556 1026 1641 difficile,
1054 1558 1225 1631 obsecun-

145 1678 229 1748 dare
262 1679 486 1771 pestiierum:
518 1677 648 1769 quibus
678 1678 736 1769 qui
773 1700 811 1749 se
836 1677 1017 1749 serendum
1042 1679 1140 1751 dedit
1165 1681 1225 1752 ubi

145 1799 294 1870 voluerit
312 1821 382 1869 uon
399 1796 579 1870 subsistet.
597 1798 716 1870 Habeo
735 1799 827 1891 unde
847 1800 975 1883 vivam,
990 1802 1085 1893 quod
1101 1805 1224 1894 vulga-

146 1919 227 1990 riter
253 1918 319 1991 dici
348 1921 449 2004 solet,
476 1928 526 2004 et,
553 1941 623 2012 quo
647 1919 773 1989 metius
797 1941 965 2003 cererem,
993 1921 1106 1993 babeo
1132 1922 1224 1994 undo

145 2039 335 2111 lascivium.
356 2042 449 2125 Quid
468 2062 525 2112 me
543 2051 664 2135 optare
685 2040 813 2111 iubetis
836 2042 1007 2133 amptius?
1026 2044 1118 2127 Quid
1144 2066 1223 2136 spe-

144 2184 222 2232 rare
242 2162 364 2248 habeo,
384 2163 443 2234 ubi
464 2164 596 2256 possim
618 2162 646 2232 si
667 2172 824 2256 oporteat
845 2163 878 2233 in
901 2165 1040 2257 proprio
1063 2164 1235 2258 sepeliri?¹

145 2285 195 2354 lta
221 2283 312 2367 dico,
342 2283 482 2379 siquid
512 2284 689 2378 proprium
716 2284 773 2355 hic
795 2284 990 2357 babemus:
1018 2287 1130 2359 habeo
1163 2288 1222 2358 ubi

144 2404 252 2475 breve
281 2413 434 2500 tempus,
459 2405 520 2493 ubi
546 2408 687 2496 longum
710 2403 874 2491 habitem,
895 2409 981 2501 quid
1000 2410 1116 2494 cdoun
1138 2409 1224 2503 quid

144 2527 273 2611 bibam,
294 2527 380 2619 quid
399 2529 554 2612 cuiciem,
580 2528 666 2623 quid
690 2529 852 2614 vestiam,
884 2531 943 2622 qui
969 2531 1053 2601 mihi
1075 2531 1222 2614 seruiat,

141 2650 202 2742 qui
224 2670 279 2719 me
300 2650 423 2736 societ,
445 2651 506 2742 qui
526 2671 583 2722 me
608 2651 731 2732 vehat,
757 2672 829 2743 quo
854 2659 966 2740 tegor,
994 2651 1053 2721 ubi
1077 2652 1219 2734 iaceam,
1310 2724 1312 2729 ,

115 2808 117 2813 ·
143 2768 202 2841 ubi
223 2771 361 2864 spatior,
379 2791 451 2864 quo
469 2771 629 2842 delecter.
648 2769 740 2853 Quid
756 2770 941 2862 imperator
958 2771 1038 2862 pius
1056 2792 1221 2842 romanus

143 2890 269 2961 babet?
288 2893 353 2963 Est
372 2902 542 2985 praetcrco
563 2912 689 2985 corpus
715 2911 839 2961 sanum
861 2892 970 2962 multo
995 2891 1079 2961 mihi
1103 2889 1222 2962 labore

144 3011 388 3106 perdomitum,
415 3013 553 3105 iamque
578 3033 646 3083 non
672 3013 720 3083 ita
746 3022 935 3083 contumax
960 3010 1065 3082 animi
1092 3012 1221 3083 manci-

144 3133 252 3225 pium,
276 3144 314 3204 ut
340 3131 483 3205 solebat.
504 3132 681 3206 Accedunt
705 3132 819 3207 omnis
844 3133 983 3224 generis
1009 3131 1109 3203 tibelti
1131 3132 1221 3204 divi-

144 3254 270 3326 tiarum
291 3276 446 3327 mearum
470 3255 582 3349 portio
603 3278 672 3328 nou
698 3255 827 3326 ultima.
853 3253 996 3326 Accedit
1022 3254 1088 3326 boc
1110 3275 1222 3346 quan-

142 3381 392 3471 tuluucumque
417 3391 472 3449 est
496 3379 688 3468 ingenium,
716 3378 772 3449 hic
796 3374 1108 3449 amor'litterorum
1136 3375 1223 3446 miro

144 3522 224 3572 cum
246 3502 426 3594 voluptate
445 3500 599 3570 animum
621 3520 782 3590 pascens,
807 3511 843 3570 et
862 3498 938 3570 sine
957 3497 1096 3585 fastidio
1117 3518 1222 3568 exer-

142 3643 235 3693 cens.
256 3620 432 3694 Acceditis
455 3642 528 3704 vos,
550 3621 663 3700 amici,
686 3641 775 3711 quos
796 3620 885 3690 inter
905 3622 1015 3715 prima
1037 3619 1223 3716 meaboue

142 3742 361 3826 connumero‚
386 3742 489 3814 modo
509 3740 664 3826 libertas
688 3739 763 3810 siue
784 3763 854 3833 qua
874 3742 996 3814 vivere
1016 3742 1075 3813 diu
1096 3739 1219 3822 nolim,

141 3863 271 3934 vostris
291 3864 444 3936 consitiis
463 3885 531 3935 non
552 3875 681 3957 pereat.
700 3861 843 3933 Accedit
863 3862 994 3933 bonum
1015 3861 1147 3952 grande
1166 3882 1223 3931 se-

140 3986 295 4068 curitas;
316 3988 446 4057 nulium
468 3986 560 4055 enim
583 3995 652 4055 toto
673 3983 758 4054 orbe
777 4007 880 4076 quem
901 3981 1057 4053 noverim
1085 3983 1221 4051 bostem

118 4159 122 4166 .
141 4103 264 4187 habeo,
287 4105 353 4175 nisi
372 4126 462 4196 quos
480 4101 561 4173 mihi
582 4103 662 4175 iecit
681 4102 823 4187 invidia,
844 4124 933 4194 quos
954 4110 990 4170 et
1009 4099 1086 4171 iure
1105 4100 1223 4193 despi-

140 4225 203 4308 cio,
228 4233 264 4294 et
283 4224 412 4316 quibus
433 4246 551 4296 carere
579 4227 667 4295 velie
686 4245 756 4294 non
784 4225 829 4294 sit
853 4225 1000 4293 fortasse
1024 4220 1219 4292 consitium.

142 4345 287 4417 Accedit
306 4367 404 4417 amor
424 4344 584 4438 publicus
606 4345 773 4415 bonorum
799 4343 952 4416 omnium
973 4344 1082 4415 nostri
1106 4342 1220 4424 orbis,

139 4488 261 4537 corum
296 4488 436 4560 quoque
469 4465 597 4557 quibus
624 4486 687 4535 nec
714 4466 812 4537 visus
837 4467 924 4538 forte
950 4487 1014 4538 nec
1048 4463 1221 4536 videndus

267 4597 292 4634 u.
1034 4585 1065 4632 ut
