2738 5062
270 627 364 677 uranu
385 625 852 678 nonusnucruus.··arrsroua
875 629 936 677 xvr.
1082 617 1141 681 555

61 787 155 840 nuuc
187 766 290 837 etiam
316 764 361 835 de
392 763 550 834 libertate
574 773 721 835 certare.
741 765 789 834 0!
819 765 1035 837 nascentium
1061 787 1140 840 sors

60 888 218 970 immitis,
233 909 372 981 semper
393 887 425 957 iu
438 887 558 981 praelio
572 896 681 971 stare,
696 909 767 959 non
787 886 961 958 adversus
978 887 1142 979 alienige·

60 1033 126 1082 nas
139 1018 273 1081 tantum
291 1009 428 1093 hostes,
444 1008 507 1081 sed
524 1007 698 1080 adversus
712 1008 896 1100 indigenas
911 1030 1021 1102 seque
1034 1011 1139 1103 ipsos,

59 1144 97 1205 et
127 1131 265 1226 ancipiti
291 1132 507 1226 experientia
533 1152 635 1204 omne
665 1139 802 1224 tempus
829 1130 1025 1204 absumere.
1054 1134 1141 1228 Spes

59 1254 172 1349 prima
190 1265 226 1326 et
242 1255 364 1326 ultima
377 1253 538 1326 Christus
551 1265 616 1325 cst.
631 1253 694 1327 Ilio
710 1275 812 1348 opem
826 1255 958 1328 ferente
972 1266 1008 1327 et
1020 1255 1141 1330 hostes

60 1398 158 1449 meos
176 1377 313 1448 vincam
331 1373 495 1468 aquibus
513 1398 675 1472 persaepe
689 1377 773 1448 olim
792 1376 905 1449 iunior
917 1378 1033 1450 victus
1050 1400 1139 1465 sum,

59 1508 96 1572 et
116 1501 261 1570 asellum
284 1498 377 1570 hunc
393 1498 603 1571 inenodabili
617 1519 657 1572 ao
673 1499 791 1571 valido
808 1498 958 1573 vinciam
975 1500 1139 1592 capistro,

59 1644 105 1694 ne
123 1622 208 1692 mihi
229 1622 415 1692 lasciviens
432 1620 553 1693 dulces
576 1641 718 1693 somnos
735 1629 839 1714 atque
858 1621 963 1693 enimi
984 1620 1141 1714 requiem

59 1746 266 1838 interpellet.
287 1744 326 1814 ln
351 1744 457 1815 rebus
478 1745 571 1827 aliie,
594 1767 682 1838 quas
703 1749 859 1816 fortunas
885 1753 1027 1828 vocant,
1053 1745 1142 1840 opti-

60 1888 139 1938 mus
159 1878 195 1938 et
219 1865 266 1937 ab
283 1867 454 1938 extremis
478 1867 754 1940 distantissimus
779 1876 835 1939 est
861 1867 996 1940 modus.
1017 1869 1142 1939 Procul

60 1990 213 2073 miseria,
235 1990 356 2084 procul
382 1989 513 2082 inopia,
535 1994 652 2084 procul
678 1991 827 2075 divitiae,
851 1993 970 2085 procul
996 1990 1139 2063 invidia.

60 2115 147 2185 Tuta
170 2134 267 2198 vero,
291 2111 403 2184 dulcis
423 2135 464 2184 ac
483 2115 591 2185 facilis
612 2115 835 2187 mediocritas
852 2123 984 2210 praesto
1003 2126 1068 2187 est.
1091 2116 1142 2187 lta

59 2237 144 2307 mihi
161 2236 305 2308 videor:
327 2236 427 2306 fallor
447 2238 544 2307 sorte.
566 2235 681 2307 Unum
699 2237 811 2310 estin
831 2259 901 2331 quo
922 2236 1141 2310 mediocritas

60 2359 203 2430 meista
223 2378 294 2428 non
315 2358 484 2450 sequitur,
503 2355 608 2450 idque
629 2361 660 2430 si
681 2359 891 2433 invidiosum
909 2362 997 2432 forte
1019 2382 1074 2431 me
1091 2362 1142 2432 ie-
1172 2406 1180 2433 .

60 2482 159 2565 uerit,
175 2502 244 2551 non
265 2479 381 2551 mirer.
399 2480 607 2553 Honoratior
624 2501 711 2565 sum,
731 2484 855 2554 melius
872 2480 1041 2553 dixissem
1059 2502 1143 2554 one·

60 2602 175 2686 ratior,
192 2623 296 2694 quam
311 2604 368 2673 vei
385 2625 540 2696 unquam
558 2603 760 2696 optaverim,
784 2604 838 2673 vel
856 2624 996 2694 semper
1012 2611 1140 2697 optatae
1201 2669 1204 2673 ,

61 2723 107 2796 sit
124 2723 318 2818 expediens
338 2725 457 2818 quieti.
474 2724 595 2816 Neque
615 2723 696 2795 huic
713 2725 825 2795 solum
843 2723 1006 2795 italorum
1028 2724 1141 2796 maxi-

61 2868 118 2917 mo
138 2847 284 2940 suisque
304 2845 506 2941 proceribus
532 2845 607 2932 sed,
629 2846 724 2939 quod
744 2846 918 2942 publicam
939 2845 1005 2917 sim
1026 2846 1138 2920 dictu·

61 2991 122 3041 rus
140 2967 185 3041 ad
202 2971 357 3062 gloriam,
377 2971 438 3040 toti
455 2970 581 3065 popuio
596 2966 815 3064 conspectior
832 2967 1017 3062 cariorque
1033 2992 1140 3063 quam

61 3091 183 3162 merui.
205 3091 442 3174 Quadriennio
463 3091 541 3176 iam,
565 3102 604 3164 ut
619 3091 730 3175 vides,
751 3090 888 3181 integro
914 3091 950 3160 in
976 3090 1041 3161 hac
1067 3112 1140 3161 me·

60 3211 311 3284 dioianensium
334 3213 420 3285 urbe
446 3235 578 3285 moram
600 3215 708 3299 traxi,
726 3221 762 3284 et
782 3213 849 3283 iam
870 3212 980 3305 quinti
998 3212 1079 3284 anni
1099 3212 1140 3285 li·

61 3358 140 3407 men
161 3335 347 3427 ingredior.
368 3337 440 3407 Res
461 3337 577 3408 hercle
596 3357 661 3407 nec
681 3335 765 3407 mihi
787 3357 953 3428 unquam,
976 3357 1041 3407 nec
1058 3333 1137 3420 tibi,

60 3480 123 3530 nec
139 3458 302 3552 cuiquam
317 3459 506 3529 amicorum
526 3461 580 3529 vel
599 3459 666 3530 levi
680 3458 856 3552 praesagio
867 3467 949 3530 anto
962 3458 1060 3530 visa:
1075 3458 1138 3530 sed

60 3583 291 3655 humanarum
317 3604 433 3654 rerum
459 3581 676 3654 consuetudo
699 3591 755 3652 est
779 3590 884 3653 vetus
909 3604 950 3653 ac
969 3589 1139 3677 perpetua

61 3716 99 3776 ut
119 3705 209 3776 sicut
227 3704 311 3775 nihii
334 3716 468 3777 certum
490 3705 642 3779 omnium
664 3723 745 3797 quae
766 3724 964 3797 speramus
985 3703 1035 3778 sic
1054 3703 1139 3774 nihil

59 3826 200 3898 omniuo
220 3827 314 3918 quod
335 3837 465 3922 praeter
486 3851 582 3921 spem
608 3830 750 3900 evenire
771 3825 900 3897 homini
921 3846 989 3896 non
1017 3825 1137 3918 possit.

59 3949 169 4019 Nemo
189 3971 228 4020 se
245 3952 339 4021 saliat
360 3957 420 4020 aut
440 3949 548 4020 dicat:
573 3949 628 4020 hic
654 3952 794 4032 moriar,
822 3948 889 4018 ittic
909 3948 1039 4018 vivam.
1060 3945 1138 4018 Non

60 4074 273 4167 respondent
288 4074 404 4144 exitus
421 4071 583 4142 consiliis.
604 4073 690 4143 Cum
710 4073 817 4143 multa
829 4070 1136 4164 circumspexeris

58 4214 136 4264 cum
160 4196 219 4266 diu
238 4199 453 4285 multumque
471 4193 689 4284 cogitaveris,
709 4217 816 4265 unum
839 4204 872 4265 te
892 4191 1023 4287 aliquid
1044 4193 1137 4262 sesel-

59 4318 146 4402 lerit,
162 4329 198 4389 et
214 4342 291 4390 cunr
314 4319 420 4389 muita
442 4314 653 4399 decreveris,
667 4317 804 4387 fortuna
825 4316 899 4387 iure
922 4338 985 4386 suo
1005 4315 1053 4386 uti
1075 4334 1136 4383 vo-

59 4439 119 4525 tet,
147 4440 250 4533 inquo
278 4440 346 4512 ictu
370 4439 459 4512 oculi
480 4435 630 4528 cogitata
654 4437 871 4531 perverterit.
895 4438 933 4507 In
954 4437 1019 4507 hac
1050 4432 1135 4504 urbe
