2738 5062
421 743 513 793 trusa
533 744 678 794 ustinus.
693 765 728 774 —
741 746 892 795 snrsnoun
915 748 954 797 tv.
1182 737 1220 799 85

142 886 284 955 horrere
304 880 403 972 quod
423 880 560 954 Christo
581 882 801 954 amicissimis
822 904 863 955 ac
884 884 1113 957 sanctissimis
1136 886 1220 957 viris

141 1004 315 1100 placuisse
335 1003 531 1096 cognoscis.
552 1005 716 1077 Sensibus
737 1007 888 1092 intende,
909 1008 969 1100 qni
986 1008 1016 1078 si
1033 1008 1109 1081 veri
1127 1011 1220 1080 salu-

139 1127 294 1220 bresque
314 1136 409 1210 suut,
430 1126 585 1219 quolibet
610 1128 688 1200 stilo
712 1129 788 1201 illos
815 1132 1034 1225 amplectere.
1060 1131 1220 1204 Laudare

140 1251 267 1346 dapem
293 1247 457 1321 fictilibus
482 1251 691 1343 appositam,
717 1253 876 1325 eamdem
900 1252 935 1323 in
958 1276 1042 1325 auro
1066 1255 1222 1329 fastidire

140 1382 201 1446 aut
232 1371 407 1445 dementis
439 1382 499 1444 ant
530 1372 720 1468 hypocritae
750 1383 815 1446 est.
852 1375 958 1446 Avari
993 1384 1066 1460 est,
1096 1398 1219 1448 aurum

141 1496 262 1569 sitire:
312 1516 383 1566 uon
426 1466 532 1589 posse
564 1497 648 1589 pati,
693 1497 806 1591 pusilli
847 1498 951 1569 animi
988 1510 1052 1570 cst.
1083 1501 1157 1571 Non
1183 1499 1222 1571 fit

142 1642 228 1693 auro
260 1619 384 1691 melior
406 1616 507 1691 cibus
532 1630 624 1691 certe
650 1642 714 1693 uec
733 1621 892 1693 deterior.
914 1623 1068 1694 Profecto
1089 1633 1219 1708 autem,

142 1743 234 1817 sicut
260 1763 402 1826 aurum,
425 1741 476 1813 sic
499 1763 640 1813 carmen
667 1741 701 1811 in
735 1764 799 1813 suo
829 1765 955 1834 genere
980 1744 1128 1817 nobilius
1153 1768 1221 1817 non

142 1886 241 1956 nego,
255 1872 388 1957 quanto
401 1862 530 1934 scilicet
543 1862 690 1934 rectiora
705 1873 785 1934 sunt
798 1884 878 1956 quae
890 1865 935 1936 ad
949 1867 1103 1956 regulam
1118 1865 1220 1951 liunt,

143 2008 249 2080 quam
269 2006 351 2080 qnae
369 1995 508 2056 temere.
526 1987 596 2058 Nec
613 1986 692 2058 ideo
709 1987 803 2079 quod
821 2008 968 2072 carmen,
986 1988 1222 2080 expetendum

143 2130 323 2193 censeam,
344 2128 408 2179 nec
427 2109 663 2201 spernendum
685 2107 836 2200 quidem.
851 2110 932 2180 Haec
945 2132 1008 2205 pro
1028 2111 1096 2182 stili
1116 2132 1223 2184 exou-

148 2231 284 2304 sntioue
299 2231 484 2326 praemissa
502 2241 592 2301 sunt.
610 2229 710 2300 Nunc
726 2230 771 2301 ad
788 2233 1000 2325 propositum
1016 2254 1131 2304 sermo
1144 2254 1224 2304 ver-

152 2353 281 2425 tendus
298 2361 362 2425 est.
381 2351 497 2424 Tertia
516 2360 610 2423 retro
630 2361 737 2424 aestas
758 2374 815 2424 me
835 2363 916 2425 tunc
936 2354 970 2425 in
983 2354 1102 2426 Galliis
1116 2377 1223 2447 agen-

151 2485 224 2547 tem
245 2472 291 2546 nd
312 2475 437 2547 fontem
462 2475 595 2567 Sorgiae
616 2478 839 2571 compulerat,
861 2499 967 2571 qnam
993 2476 1113 2550 sedem
1140 2479 1222 2551 vitae

147 2608 281 2672 ucenae
311 2597 486 2691 quondam
511 2598 715 2691 delegimus,
743 2610 782 2670 nt
808 2601 908 2671 nosti.
930 2601 1000 2672 Sed
1021 2601 1082 2673 tibi
1101 2602 1222 2674 divino

145 2741 293 2795 munere
312 2720 418 2793 sedes
440 2720 543 2793 tutior
563 2722 846 2816 tranquilliorqne
862 2721 1057 2818 parabatur,
1080 2723 1224 2795 mihine

146 2845 202 2917 illa
221 2842 273 2915 uti
293 2842 435 2936 quidem
463 2842 565 2927 licuit,
588 2853 744 2936 raptante
761 2865 818 2914 rue
837 2844 940 2915 altius
960 2847 1096 2915 fortuna
1117 2866 1222 2936 quam

146 2976 203 3040 sat
226 2973 292 3037 est.
318 2964 391 3037 Illic
414 2986 500 3057 ergo
525 2974 607 3036 tunc
630 2986 725 3035 eram
751 2986 794 3034 eo
815 2964 930 3035 auimo
950 2965 1024 3057 qui,
1048 2966 1138 3037 sicut
1157 2965 1226 3037 snb

148 3098 245 3161 muta
264 3110 382 3161 rerum
407 3090 498 3159 mole
522 3109 689 3179 magnum
709 3085 840 3178 aliquid
860 3085 1004 3178 aggredi
1025 3107 1093 3156 non
1118 3087 1225 3158 aude-

148 3223 216 3297 ret,
237 3213 291 3285 sic
309 3211 451 3284 omniuo
475 3211 560 3283 nihil
586 3231 690 3302 agere
717 3209 880 3296 nesciret,
903 3209 948 3280 ab
972 3207 1113 3281 infantia
1132 3230 1223 3295 mea,

148 3333 240 3407 bono
258 3333 402 3418 utinam,
422 3335 485 3407 sed
501 3333 647 3406 cerleio
667 3342 746 3406 actu
767 3343 933 3426 perpetuo
949 3331 1133 3403 enutritus.
1155 3333 1227 3404 Me-

149 3457 206 3529 dia
223 3459 284 3529 via
305 3457 412 3548 igitur
436 3457 547 3528 electa
571 3467 640 3540 est,
664 3467 712 3541 ut,
736 3455 924 3526 maioribus
945 3454 1074 3538 dilatis,
1096 3455 1226 3549 aliquid

150 3602 213 3674 pro
237 3581 362 3653 solatio
386 3578 478 3651 illius
504 3578 667 3672 temporis
693 3578 889 3650 meditarer.
918 3578 995 3670 lpse
1020 3585 1136 3648 autem
1162 3576 1225 3648 loci

150 3699 292 3774 habitus
312 3713 348 3773 et
364 3723 527 3774 recessus
548 3723 744 3786 nemorum,
766 3721 836 3792 qno
852 3720 908 3770 me
926 3719 1019 3794 saepe
1035 3700 1128 3770 curis
1146 3720 1227 3792 gra-

151 3821 276 3894 vidum
299 3826 362 3896 lux
387 3825 504 3896 oriens
526 3822 686 3916 urgebat,
705 3832 741 3893 et
769 3821 861 3894 uude
890 3843 946 3892 me
970 3824 1044 3892 sola
1071 3844 1143 3894 nox
1172 3843 1228 3892 re·

151 3944 254 4020 diens
278 3946 441 4042 pellebat,
465 3956 503 4019 ut
523 3947 685 4018 silvestre
710 3946 841 4039 aliquid
866 3966 1041 4031 canerem,
1072 3968 1225 4019 suasere.

152 4069 255 4154 Quod
274 4092 360 4163 ergo
377 4070 510 4165 pridem
534 4070 569 4139 in
590 4070 705 4140 animo
727 4070 917 4141 habueram
939 4068 1131 4140 bucolicum
1152 4090 1228 4139 oar-

153 4216 232 4267 meu
265 4193 330 4265 Xll
367 4193 497 4285 eclogis
534 4193 733 4264 distinctum
761 4191 914 4264 scribere
941 4212 1056 4274 orsus,
1081 4191 1229 4264 incredi-

151 4314 221 4388 bile
239 4325 298 4389 est
317 4338 423 4411 quam
440 4316 559 4409 paucis
578 4315 704 4387 diebus
725 4313 950 4386 absolverim:
979 4323 1109 4385 tantum
1130 4311 1230 4403 inge-

151 4439 210 4511 nio
229 4442 331 4513 locus
351 4440 465 4511 calcar
480 4437 668 4510 addiderat.
687 4436 826 4507 Certum
847 4437 927 4528 quia
944 4438 1040 4532 prius
1060 4434 1229 4505 inanimo

150 4573 240 4649 erat,
263 4564 465 4655 eclogarum
490 4560 601 4656 prima
619 4561 664 4633 de
690 4558 790 4631 nobis
815 4557 985 4630 ambobus
1011 4556 1137 4652 scripta
1157 4564 1228 4626 est:
