2738 5062
142 596 201 657 ato
480 608 522 655 nu
539 608 640 656 rtruus
660 605 882 655 rnurutauruus

142 740 250 812 bitum
268 762 330 834 pro
350 740 492 812 arbitrio
513 740 733 835 praeceptoris
758 740 894 811 inflecti.
917 740 988 811 Hoc
1013 736 1081 811 sibi
1108 757 1211 834 super

141 873 268 936 eaetera
290 863 544 935 incommodum
565 863 711 947 accedit,
738 862 833 955 quod
855 862 890 933 in
911 861 988 955 ipso
1007 860 1157 933 confinio
1176 862 1213 931 li-

141 985 302 1067 bertatis,
325 1007 392 1069 me,
410 985 504 1077 quod
522 983 717 1067 miraberis,
739 995 894 1079 auctore,
916 983 1093 1077 parmensi
1114 982 1213 1055 etiam

141 1107 324 1202 gymnasio
344 1116 497 1201 ereptus
517 1106 561 1177 ad
577 1104 722 1190 curiam,
737 1127 818 1198 quae
835 1128 978 1178 romana
991 1105 1130 1189 dicitur,
1145 1127 1214 1177 me-

140 1251 218 1298 cum
239 1229 347 1312 veuit,
371 1229 428 1300 ubi
449 1251 555 1323 prope
568 1229 634 1300 iam
648 1252 777 1300 annum
791 1228 948 1325 perdidit.
967 1227 1212 1321 lrreparabilis

141 1353 264 1433 fateor,
287 1350 431 1422 iactura:
457 1353 534 1437 sed,
562 1351 590 1423 si
612 1355 711 1446 culpa
738 1364 807 1435 est,
829 1375 895 1443 ego
915 1350 1130 1446 culpanduS‚
1157 1352 1213 1443 qui

141 1473 177 1545 id
196 1474 305 1545 volui:
329 1496 395 1544 non
418 1475 511 1566 quod
531 1474 613 1544 mihi
635 1477 785 1567 placeret
804 1474 887 1546 ittud
907 1474 1052 1546 Horatii:

499 1663 664 1735 Quaerenda
682 1662 808 1741 pecnnia
824 1662 958 1741 primum
967 1685 975 1736 ;

382 1769 483 1832 Virtus
499 1772 566 1846 post
582 1782 740 1843 nummos,

143 1975 204 2047 sed
223 1976 370 2045 verebar
387 1996 445 2057 ue,
462 1972 592 2066 siquid
610 1972 693 2042 mihi
710 1972 911 2046 humanitus
928 1973 1122 2058 accidisset,
1140 1994 1216 2047 meo

142 2097 305 2189 praesidio
328 2097 531 2168 destitutum
566 2118 662 2169 saeva
695 2106 880 2191 paupertas
899 2097 1122 2192 opprimeret,
1143 2107 1216 2170 stu·

140 2218 317 2289 diosorum
331 2218 456 2301 hostis,
475 2229 578 2311 atque
594 2241 774 2311 emergere
790 2218 986 2292 volentibus
998 2218 1216 2292 obstaculum

142 2363 210 2414 nou
247 2340 361 2410 minus
399 2364 502 2433 quam
536 2341 717 2414 immensae
750 2342 897 2413 divitiae:
930 2342 1006 2413 sive
1038 2341 1143 2412 etiam
1174 2362 1216 2413 eo

141 2462 254 2534 maius
273 2463 368 2555 quod
387 2462 587 2534 divitiarum
612 2463 748 2556 pondus
775 2464 924 2535 abiicere
954 2485 1159 2559 possumus,
1186 2464 1216 2535 si

142 2588 305 2657 volumus
327 2584 433 2681 (quod
451 2585 546 2658 multi
563 2584 630 2656 viri
647 2586 869 2658 famosissimi
888 2585 1061 2680 iecerunt),
1079 2598 1217 2679 egesta-

142 2709 186 2780 tis
200 2707 369 2780 sarcinam
383 2719 559 2793 excutere,
577 2731 648 2782 non
664 2717 719 2781 est
735 2708 770 2779 in
787 2720 907 2781 nostra
923 2720 1103 2804 potestate.
1119 2711 1216 2784 Hune

142 2831 249 2923 igitur
274 2853 409 2905 mecum
433 2854 515 2904 esse
539 2832 643 2918 iussi,
665 2843 704 2903 ut
734 2831 895 2904 omnibus
923 2853 1080 2927 praesens
1105 2832 1213 2919 horis,

141 2976 267 3049 meque
287 2955 492 3027 conditionis
514 2975 589 3026 soce
607 2955 799 3027 admonens
828 2977 868 3026 ac
894 2956 1018 3027 tacitus
1051 2957 1214 3055 interpel-

141 3081 230 3163 lans,
251 3087 440 3171 conspectu
467 3098 531 3147 suo
557 3076 751 3148 tarditatem
769 3100 879 3149 meam
896 3079 1075 3150 excitaret.
1097 3079 1216 3155 Adfuit

142 3200 293 3270 humano
314 3199 422 3289 pictas
443 3197 563 3267 divina
581 3198 734 3270 consitio.
756 3200 874 3292 ltaque
891 3200 960 3271 iam
974 3210 1143 3294 quantum
1160 3224 1215 3277 sa·

143 3322 186 3389 tis
218 3331 274 3390 est
303 3320 405 3391 dives
434 3320 619 3391 eanonicus
650 3323 855 3394 veronensis
888 3322 934 3394 ad
966 3335 999 3396 te
1030 3326 1134 3412 redit,
1160 3326 1215 3399 eui

143 3443 250 3535 prima
269 3440 373 3513 debet
393 3442 549 3538 pueritiae
570 3445 774 3517 rudimenta.
796 3447 928 3541 Excipe
949 3448 1056 3533 inum,
1080 3471 1213 3544 quaeso,

142 3564 354 3636 humanitate
373 3567 429 3635 illa
447 3574 503 3636 tua
520 3567 716 3651 notissima,
730 3578 765 3638 et
782 3567 918 3654 insiste,
936 3572 965 3641 si
982 3593 1051 3665 qua
1068 3573 1127 3644 via
1143 3582 1212 3657 est,

143 3698 180 3758 ut
201 3687 297 3759 tarde
318 3688 533 3779 surgentium
552 3688 725 3760 viatorum
743 3713 851 3777 more,
870 3695 1027 3765 matutini
1048 3698 1213 3791 temporis

141 3813 306 3883 iacturam
323 3810 514 3883 meridiana
525 3811 747 3884 festinatione
759 3825 940 3888 restauret.
959 3817 1051 3901 Quid
1068 3821 1212 3895 ulterius

139 3934 275 4006 dicam‘?
295 3938 391 4007 Dono
411 3934 504 4007 hune
523 3936 697 4008 hominem
717 3938 792 4023 tibi,
811 3963 912 4033 quem
934 3942 1110 4015 meliorem
1130 3943 1212 4015 mihi

141 4061 317 4145 restituae,
333 4072 370 4133 ut
388 4082 506 4156 spero;
527 4059 620 4154 quod
642 4063 802 4133 Socrates
822 4064 978 4155 promisit
991 4066 1157 4138 AEsehini.
1174 4068 1211 4141 ld

141 4190 179 4250 ut
199 4182 359 4253 libentius
382 4193 541 4274 praestes,
564 4182 675 4255 dicam
705 4184 800 4277 quod
824 4186 999 4281 Philippus
1025 4187 1209 4263 Aristoteli.

140 4302 281 4373 Gaudeo
301 4304 461 4394 equidem
496 4315 531 4375 et
561 4327 627 4395 ego
660 4305 751 4377 hunc
773 4316 831 4377 tua
850 4317 953 4379 aetate
973 4319 1091 4380 natum
1111 4332 1207 4394 esse,

139 4426 198 4518 qui
221 4448 280 4517 per
301 4438 333 4497 te
350 4426 477 4518 atitprid
497 4427 564 4511 liat
589 4429 617 4499 si
639 4452 700 4521 per
722 4431 893 4503 hominem
913 4430 984 4503 tieri
1003 4444 1129 4526 potest3
1148 4455 1207 4505 nee
