2738 5062
184 657 222 720 52
329 654 332 662 '
527 666 568 714 nu
589 665 689 715 nunus
710 662 932 713 rauumnmus

184 812 250 874 ras,
265 790 420 859 omnium
438 795 615 858 auctorum
630 782 825 855 testimonio
838 780 1078 853 laudatissima
1090 791 1263 854 terrarum

184 912 337 984 omnium
360 931 497 1002 semper
522 907 599 991 fuit,
628 917 761 977 tautum
787 927 980 999 praeconem
1005 916 1125 976 nostra
1144 913 1261 988 aetate,

183 1034 277 1104 unde
298 1054 366 1102 non
385 1030 548 1123 sperabat
569 1027 709 1100 invenit.
728 1027 838 1099 Crede
853 1026 945 1098 enim
963 1026 1061 1109 mihi,
1081 1026 1262 1112 mirabere,

184 1155 263 1227 eubi
285 1178 342 1226 um
361 1153 524 1224 reducem
541 1152 663 1223 audies
684 1148 849 1221 derebus
867 1149 989 1220 italicis
1004 1149 1262 1243 praedicantem.

184 1279 313 1369 ltaque,
333 1275 456 1347 utiam
479 1273 617 1346 tandem
639 1272 824 1365 aliquando
843 1272 1055 1355 concludam,
1076 1270 1106 1342 si
1123 1271 1265 1344 deside-

184 1399 273 1472 rium
296 1399 379 1470 tanti
401 1397 509 1493 patris
530 1417 626 1487 aegre
643 1398 723 1479 fers,
740 1395 770 1466 si
785 1394 1002 1466 solitudinem
1023 1403 1174 1465 tuamet
1195 1393 1264 1466 situ

184 1522 288 1594 nimio
309 1528 520 1592 contractam
540 1517 645 1589 animi
666 1516 859 1609 rubiginem
880 1515 1091 1600 lamentaris,
1117 1537 1264 1612 possum

184 1645 347 1716 humanis
366 1641 589 1736 passionibus
610 1642 747 1712 veniam
765 1640 860 1711 dare.
882 1639 919 1709 Si
943 1661 1028 1712 vero
1048 1641 1105 1712 vel
1130 1660 1195 1711 nos
1216 1638 1264 1709 illi

183 1766 359 1840 velillum
383 1764 484 1837 nobis
514 1763 664 1848 invides,
692 1785 837 1856 prorsus
864 1762 1015 1858 satyrico
1039 1760 1144 1833 dente
1169 1783 1264 1833 mor-

183 1887 319 1961 dandus
339 1910 391 1970 es,
414 1910 518 1982 quem
540 1896 698 1979 torqueat
718 1885 830 1958 aliena
845 1870 974 1958 laetiiia.
994 1883 1142 1955 Proinde
1161 1882 1264 1978 quid-

183 2012 268 2104 quid
287 2023 356 2096 est,
383 2011 491 2083 breve
510 2020 575 2081 est.
598 2010 715 2081 AEstas
737 2018 771 2080 te
788 2007 948 2101 proxima
969 2006 1136 2079 victorem
1150 2007 1260 2091 faciet,

186 2132 364 2203 redditura
391 2131 451 2201 tibi
477 2153 582 2224 quem
603 2131 703 2202 nobis
723 2130 858 2226 eripiet:
880 2129 1066 2222 imaginem
1087 2138 1206 2201 tamen
1222 2130 1264 2201 il·

185 2253 252 2324 lius
285 2255 379 2323 nulla
410 2252 487 2324 dies
519 2252 565 2323 de
596 2253 726 2324 nostris
755 2252 956 2346 praecordiis
986 2251 1184 2354 extirpabit.
1219 2252 1265 2325 Et

184 2383 314 2466 quanto
347 2383 450 2466 putas
475 2372 638 2457 alacrior,
665 2383 865 2467 quantoque
889 2397 1004 2446 rerum
1030 2373 1264 2467 experientior

185 2492 318 2578 redibit,
339 2504 469 2587 quanto
486 2515 553 2564 non
575 2497 687 2565 solnm
704 2496 850 2580 caeteris,
870 2494 1053 2566 sedetiam
1074 2495 1264 2589 semetipso

185 2614 374 2701 sublimior,
395 2618 454 2710 qui
477 2626 547 2688 tam
564 2617 672 2688 multa
690 2615 800 2688 oculis
819 2616 892 2687 suis
914 2615 1049 2701 viderit,
1070 2625 1106 2687 et
1123 2615 1265 2688 urbani·

186 2746 290 2809 tatem
311 2737 468 2830 gallicam
496 2739 607 2812 italica
625 2738 818 2811 condiverit
837 2739 1029 2830 gravitate?
1049 2738 1087 2808 ln
1115 2741 1263 2832 plausus

184 2859 267 2931 illud
300 2871 398 2934 tuum
429 2862 647 2957 omnipotens
679 2872 796 2933 vertes
827 2862 1017 2953 eloquium,
1052 2858 1264 2955 pudebitqne

183 2981 353 3054 inutilium
370 2986 600 3077 querelarum,
619 3006 767 3077 quarum
784 2986 878 3054 nulla
898 2983 1038 3077 quidem
1060 2994 1135 3054 erat
1155 3005 1266 3055 excu-

185 3103 284 3189 satio,
311 3104 379 3175 nisi
404 3105 486 3196 quia
511 3106 649 3196 vulgari
676 3123 837 3176 sermone
860 3104 1068 3199 conscriptae
1097 3117 1200 3188 sunt3
1226 3114 1265 3177 ut

184 3222 327 3313 intelligi
347 3223 450 3294 detur
476 3245 544 3293 non
567 3233 599 3295 te
625 3223 748 3295 inillis
774 3234 877 3313 tuam,
900 3227 962 3298 sed
982 3228 1080 3321 vulgi
1102 3238 1262 3301 secutum

184 3365 266 3415 esse
299 3345 520 3430 sententiam,
555 3347 655 3418 cuius
687 3368 820 3419 caecum
850 3349 1172 3444 reprehensumque
1207 3350 1261 3421 iu-

185 3465 313 3537 dicium
335 3488 474 3561 semper
492 3467 565 3539 suit.
587 3469 638 3538 Tu
654 3469 737 3541 vive
754 3480 790 3540 et
809 3471 887 3542 vale
903 3471 1014 3543 nostri
1031 3492 1173 3544 memor.
1201 3472 1264 3542 Sa·

186 3590 274 3660 lutat
295 3605 327 3661 te
348 3592 486 3664 Marcus
507 3589 664 3664 llledicus
685 3593 911 3686 compatriota
930 3593 1076 3686 Virgilii.

328 3737 447 3808 Patavii,
463 3739 521 3794 XV.
537 3739 673 3796 Calendas
690 3738 812 3794 Martias.
