2738 5062
147 665 185 727 to
480 677 522 725 nn
543 676 644 726 nunus
664 675 886 726 summamus

146 825 269 907 scelus
289 842 368 893 sese
393 819 607 914 praecipitem
632 819 773 892 dedisse
795 829 1046 912 nocentemque
1061 820 1217 913 spiritum

143 946 315 1017 exulasse.
337 946 474 1037 Equum
492 943 598 1014 alium
618 943 781 1014 inferres
799 941 948 1015 rusticas
965 943 1131 1015 Varronis
1144 967 1219 1018 oer-

143 1067 258 1139 nimus
280 1067 353 1160 pari
373 1066 492 1137 fraude
512 1066 710 1159 deceptum,
732 1087 797 1137 nec
817 1065 852 1135 in
867 1087 905 1137 se
919 1063 1050 1159 ipsum,
1066 1066 1171 1140 immo
1185 1068 1218 1138 in

143 1193 237 1263 illum
258 1190 317 1285 qui
339 1192 504 1261 fefellerat
517 1190 754 1273 ulciscentem;
768 1188 803 1258 in
816 1210 920 1281 quem
934 1190 1124 1274 confestim,
1140 1194 1218 1263 velo

143 1321 272 1394 amoto,
296 1322 333 1383 ut
352 1311 427 1404 ipse
439 1312 496 1393 ait,
511 1309 590 1381 fecit
609 1309 783 1402 impetum,
797 1318 901 1402 atque
915 1309 1010 1382 illum
1023 1312 1218 1385 mordicans

143 1437 322 1510 interfecit.
344 1436 481 1519 Quanto
501 1433 639 1526 dignius
661 1434 738 1504 baec
758 1435 844 1504 facta
865 1432 1043 1505 hominum
1061 1434 1218 1507 diceren-

144 1573 213 1646 tur,
237 1561 416 1655 snperiora
437 1568 553 1630 autem
567 1555 770 1627 belluarum.
786 1555 836 1627 lta
850 1566 966 1626 autem
981 1579 1018 1628 se
1032 1580 1088 1628 res
1103 1557 1216 1641 habet,

143 1693 182 1755 ut
211 1686 343 1755 nullum
365 1681 492 1752 animal
517 1680 656 1752 homine
680 1677 830 1750 nobilius
855 1678 940 1749 dum
973 1702 1012 1753 se
1044 1681 1216 1753 hominem

142 1803 308 1888 meminit,
333 1803 393 1884 sic,
419 1801 503 1873 dum
523 1801 680 1874 oblivisci
693 1801 844 1895 coeperit,
865 1805 996 1876 nullum
1016 1803 1128 1887 vilius,
1142 1807 1218 1874 nul-

143 1902 285 2022 lumque
302 1924 487 2011 deiectius,
509 1926 640 1997 nullum
663 1925 777 2018 peiuS,
800 1948 904 2019 quem
929 1938 1064 1999 naturae
1089 1925 1217 1998 stimuli

142 2052 327 2146 impellant,
350 2073 415 2122 nec
432 2052 529 2122 frena
545 2049 740 2121 contineant
757 2049 910 2122 rationis.
933 2050 1002 2122 Sed
1018 2050 1217 2121 omittamus

143 2175 220 2246 haec
245 2175 364 2246 auditu
391 2172 528 2264 gravia;
555 2171 600 2243 ad
624 2173 790 2245 iuvenum
816 2175 962 2266 gloriam
995 2173 1217 2265 studiumque

145 2317 260 2368 sermo
280 2296 412 2368 redeat:
434 2295 640 2367 adulterium
667 2295 759 2382 dico,
787 2298 881 2389 quod
906 2298 1036 2369 amoris
1061 2298 1141 2367 velo
1167 2306 1218 2366 te-

141 2417 249 2511 gitur,
272 2430 307 2490 et
325 2418 555 2511 pulcherrimo
575 2419 712 2492 nomine
735 2418 1219 2513 turpissimumsoelusobnu-

140 2539 249 2622 bitnr;
268 2540 363 2632 quod
382 2561 450 2611 non
473 2543 585 2628 solum
606 2551 725 2613 nostra
745 2551 847 2614 aetate
866 2543 1020 2614 omnium
1038 2540 1219 2613 abundan-

142 2666 275 2737 tissima
296 2667 481 2747 malorum,
506 2664 568 2736 sed
584 2664 701 2736 multis
720 2676 799 2737 ante
812 2686 875 2735 nos
891 2663 1027 2736 saeculis
1043 2675 1112 2735 tam
1125 2686 1219 2736 com-

141 2810 248 2859 mune
267 2796 350 2871 erat,
372 2797 410 2858 ut
427 2786 472 2858 de
492 2808 535 2857 eo
552 2798 588 2859 et
612 2810 681 2859 non
707 2787 894 2883 improprie
919 2786 1086 2881 scriptum
1107 2796 1216 2859 esset:

140 2909 207 2982 hoc
225 2919 281 2981 est
300 2909 394 3003 quod
414 2931 479 2981 nec
498 2909 648 3003 permitti
666 2930 730 2980 nec
751 2908 926 3003 prohiberi
945 2920 1079 3001 potest;
1100 2907 1218 2980 etAn-

141 3053 241 3104 naeus
259 3023 389 3104 Seneca
407 3032 473 3102 iam
495 3040 578 3103 tunc
594 3031 683 3103 inter
703 3032 816 3103 aetatis
847 3053 922 3103 suae
951 3043 1051 3104 notas
1072 3030 1215 3103 diceret:

145 3151 188 3226 St
205 3157 277 3247 qais
294 3159 388 3226 uallo
406 3176 440 3224 sc
463 3156 571 3224 amico
589 3157 665 3243 fecit
685 3156 862 3244 instituam,
890 3177 949 3226 nea
973 3156 1092 3224 atiena
1115 3155 1220 3222 amori

140 3282 278 3348 anafum
292 3252 444 3372 praestat,
466 3278 554 3347 bunc
573 3291 732 3348 matrona
753 3279 909 3350 tomitem
928 3290 959 3349 et
980 3276 1119 3349 sordida
1143 3277 1218 3346 tibi·

140 3397 229 3469 dim's
244 3400 457 3470 ancillariam
477 3410 606 3472 cocant.
624 3401 711 3485 Quae
725 3409 805 3473 tuno
817 3402 924 3496 pestis
945 3399 1112 3491 incipiens
1126 3422 1217 3472 nunc

141 3523 229 3595 adeo
244 3533 339 3595 certa
351 3534 414 3607 est,
429 3531 468 3594 ut
483 3522 685 3594 adolescens
702 3525 758 3595 cui
775 3548 843 3596 non
856 3522 996 3595 feliciter
1009 3523 1216 3595 adulterium

141 3647 358 3731 successerit,
373 3648 536 3741 quamvis
561 3647 676 3734 dives,
703 3647 866 3742 quamuis
891 3650 1063 3717 formosus
1089 3668 1130 3719 ac
1154 3669 1217 3718 no

140 3769 229 3856 bilis,
256 3791 454 3843 coaevorum
482 3769 608 3843 iudicio
632 3771 888 3842 intermiseras
910 3768 1092 3856 habeatur,
1115 3772 1216 3865 quasi

139 3890 297 3964 abiectus
318 3915 359 3964 ac
380 3897 541 3987 repulsus
568 3916 636 3966 non
661 3894 825 3990 pudicitia
854 3891 918 3964 sed
941 3901 1155 3986 contemptu;
1181 3902 1217 3963 et

141 4009 242 4104 quasi
258 4009 394 4082 dilectio
414 4010 583 4083 castitatis
600 4010 793 4082 convicium
815 4009 860 4080 sit
879 4010 1039 4082 amantis.
1057 4011 1143 4080 Hinc
1159 4010 1215 4080 ille

139 4131 308 4203 iuvenum
326 4133 441 4204 fervor
457 4143 493 4204 et
513 4133 705 4205 sollicitudo
722 4131 886 4224 improba,
902 4145 1077 4229 tamquam
1090 4130 1214 4202 nonde

141 4251 279 4324 libidine
298 4252 361 4326 sed
380 4254 424 4325 de
445 4255 552 4346 gloria
571 4256 616 4326 sit
640 4264 830 4326 certamen:
852 4256 931 4328 hinc
956 4255 1107 4336 labores,
1135 4251 1215 4324 hina

142 4376 302 4470 suspiria,
337 4378 417 4450 hinc
449 4379 636 4471 repentinae
668 4381 818 4473 repulsae
849 4379 1089 4453 amarissimae:
1121 4397 1214 4472 saepe

142 4510 256 4575 tamen
272 4522 460 4575 successus
477 4501 637 4576 amarior.
658 4501 744 4575 Nam
763 4504 917 4575 secunda
937 4511 975 4573 ut
987 4501 1122 4572 Venere
1135 4522 1214 4595 pro-
