2738 5062
169 630 228 692 328
508 641 550 689 un
567 641 668 689 rannus
689 639 913 690 rnuurnnrnus

169 779 282 850 disses
301 775 506 870 obstrepuit.
528 775 620 861 Quid
640 779 748 867 ergo?
767 776 890 846 laisum
918 795 963 844 ne
982 770 1080 846 dixi‘l
1099 773 1258 877 Interro-

169 911 295 994 gentur
328 899 388 992 qui
414 899 448 969 in
479 898 620 969 sedibus
645 898 711 969 illis
733 897 872 980 sedent3
893 896 1104 980 fatebuntur,
1128 895 1253 980 credo,

171 1023 253 1094 nihil
274 1023 395 1094 verius
416 1020 483 1093 dici
505 1040 620 1113 posse.
642 1020 710 1092 Sed
731 1020 902 1115 interpres
922 1019 1255 1112 iniquissimusque

171 1169 242 1217 rem
265 1145 389 1216 trahit?
408 1143 497 1214 Dicit
517 1164 571 1213 me
594 1141 711 1214 dicere
737 1142 893 1215 voluisse
920 1142 1039 1214 sedem
1065 1142 1155 1212 Petri
1182 1164 1254 1214 non

171 1266 251 1339 alibi
271 1288 353 1338 esse
373 1288 477 1359 quam
504 1266 633 1337 Romae.
660 1266 790 1336 Verum
821 1285 890 1336 non
917 1265 951 1336 id
977 1263 1146 1357 quaeritur
1165 1265 1253 1358 quid

170 1390 288 1463 dicere
308 1388 492 1471 voluerim,
515 1388 579 1459 sed
599 1388 684 1481 quid
709 1387 874 1470 dixerim3
899 1387 994 1480 quod
1018 1387 1109 1458 enim
1136 1386 1254 1459 dicere

172 1513 356 1597 voluerim,
372 1514 406 1583 ni
423 1514 535 1594 fallor,
559 1533 620 1602 per
636 1510 853 1607 Hippocratis
871 1511 1068 1604 pronostica
1085 1509 1175 1581 scire
1190 1531 1253 1581 ne·
1312 1543 1315 1546 ⁴

170 1633 254 1727 quit.
276 1635 355 1705 Scio
374 1635 483 1706 luisse
502 1633 594 1704 Petri
615 1633 734 1706 sedem
757 1631 965 1726 ubicumque
990 1634 1111 1705 Petrus
1138 1633 1250 1717 sedit,

169 1763 205 1827 et
224 1778 317 1828 nunc
336 1777 417 1828 esse
433 1755 643 1847 ubicumque
655 1755 747 1826 Petri
761 1775 945 1826 successor
963 1753 1071 1825 sedet.
1085 1754 1156 1826 Nec
1173 1776 1250 1826 sum

170 1878 310 1950 nescius
330 1878 429 1974 prius
448 1876 641 1950 Antiochiae
665 1877 803 1950 Petrum
830 1877 964 1948 sedisse
989 1899 1093 1970 quam
1122 1877 1251 1949 Romae.

170 1999 338 2084 Quamvis
359 2008 476 2072 autem
497 2009 629 2073 certum
649 1999 694 2071 sit
711 2000 857 2070 multum
878 2020 987 2069 unum
1010 1999 1121 2069 locum
1143 2000 1252 2072 altero

170 2123 377 2193 sanctiorem
399 2133 504 2215 atque
527 2122 755 2194 salubriorem
782 2123 816 2193 in
842 2121 1010 2192 electione
1029 2122 1178 2207 Domini,
1203 2132 1254 2194 ta·

170 2266 250 2314 men
266 2265 336 2336 qua
356 2245 391 2313 iu
413 2253 510 2336 parte
528 2245 652 2316 domus
675 2246 812 2327 sedeat,
826 2252 861 2316 et
878 2245 955 2315 licet
974 2242 1055 2314 alibi
1068 2245 1156 2314 forte
1174 2266 1253 2337 pos-

170 2375 224 2436 set
243 2364 438 2447 honestius,
462 2375 576 2436 tamen
597 2386 853 2458 quemcumque
874 2367 986 2436 locum
1009 2387 1073 2436 sua
1094 2365 1254 2437 sessione

168 2485 377 2578 dignabitur,
393 2486 485 2558 bunc
504 2485 713 2557 honestabit.
733 2488 783 2557 lta
805 2487 931 2568 sentim
952 2509 1015 2559 nec
1034 2487 1175 2558 omnino
1191 2489 1255 2559 ali-

169 2608 254 2702 quid
270 2608 315 2681 de
328 2629 371 2679 eo
383 2610 478 2701 quod
494 2609 578 2680 mihi
600 2607 727 2681 lividus
744 2607 971 2681 calumniator
991 2608 1154 2694 oblatrat,
1169 2610 1253 2682 dum

170 2730 356 2802 scriberem
378 2731 545 2824 cogitavi:
563 2753 632 2802 non
650 2735 764 2804 locum
781 2732 994 2826 praescripsi,
1017 2731 1076 2802 ubi
1094 2754 1254 2806 necessa·

170 2854 220 2924 rio
241 2854 364 2927 sedere
383 2854 510 2928 debeat
529 2856 589 2949 qui
610 2856 763 2928 omnium
782 2856 945 2929 dominus
963 2867 1018 2928 est
1033 2857 1201 2940 locorum;
1220 2866 1256 2929 et

170 2998 382 3068 quamquam
404 2978 621 3050 decretorum
643 2979 775 3050 rivulos
797 3000 866 3050 non
886 2978 1069 3070 attingam,
1088 2977 1254 3050 haustum

172 3109 286 3170 tamen
300 3100 366 3173 boc
377 3101 421 3174 de
434 3105 527 3172 fonte
547 3102 745 3195 Hieronymi
766 3110 880 3186 teneo,
898 3100 1062 3194 quoniam
1085 3129 1100 3165 «
1132 3101 1161 3170 si
1191 3124 1254 3174 au-

176 3249 191 3283 u
215 3222 357 3294 ctoritas
376 3223 559 3315 quaeritur,
586 3220 682 3293 orbis
705 3223 815 3293 maior
834 3231 890 3292 est
919 3222 1019 3303 urbe;
1046 3222 1254 3317 ubicumque

178 3371 192 3404 t
215 3343 318 3412 luerit
334 3343 533 3437 episcopus,
548 3344 625 3414 sive
637 3345 774 3426 llomae,
790 3342 866 3414 sive
883 3344 1049 3436 Eugubii,
1070 3345 1146 3416 sive
1164 3346 1254 3415 Con-

177 3492 192 3527 »
216 3462 450 3556 stantinopoli‚
474 3465 550 3536 sive
570 3466 682 3558 Regii,
705 3467 780 3537 sive
806 3464 1042 3549 Alexandriae,
1066 3466 1142 3536 sive
1163 3465 1254 3537 The·

177 3613 192 3648 n
217 3584 334 3667 batiae,
356 3584 432 3655 sive
444 3585 644 3670 Vormatiae,
665 3586 824 3659 eiusdem
841 3586 955 3659 meriti
971 3599 1027 3660 est
1042 3597 1079 3660 et
1094 3588 1253 3659 eiusdem

177 3741 193 3777 u
217 3710 408 3785 sacerdotii.
432 3739 447 3775 n
470 3711 600 3783 Horum
621 3712 726 3807 igitur
750 3737 818 3786 non
845 3715 990 3806 ignarus
1012 3715 1253 3788 huiuscemodi

171 3835 405 3907 deliramentis
423 3833 591 3907 abstineo.
610 3838 682 3908 Hoc
693 3836 809 3909 dicere
825 3838 933 3923 volui,
953 3850 989 3928 et
1005 3839 1071 3911 hoc
1087 3838 1161 3911 dixi
1180 3862 1254 3912 ma·

172 3982 278 4051 gnum
299 3982 380 4032 esse
401 3960 435 4030 in
458 3959 539 4032 sede
559 3958 649 4031 Petri
672 3960 808 4047 sedere,
837 3962 1045 4055 ubicumque
1066 3962 1169 4033 sedes
1196 3963 1252 4034 illa

172 4083 231 4166 sit;
253 4106 366 4178 neque
387 4083 536 4180 idipsum
562 4109 608 4158 ex
633 4087 825 4181 proposito,
848 4086 912 4159 sed
938 4087 1129 4159 incidenter
1153 4086 1250 4160 dixi:

171 4206 215 4278 de
235 4207 384 4278 Caesaris
405 4209 497 4279 enim
519 4231 586 4280 non
608 4210 652 4281 de
673 4209 764 4279 Petri
799 4210 883 4282 sede
910 4232 1026 4281 sermo
1052 4210 1135 4281 mihi
1161 4218 1249 4294 erat,

172 4342 210 4402 nt
229 4331 329 4402 nosti.
351 4332 443 4403 Scito
460 4340 576 4402 autem
595 4331 735 4405 indubie
756 4333 921 4405 venenosi
945 4333 1055 4423 magis
1076 4356 1180 4427 quam
1199 4334 1252 4402 in-

172 4454 304 4545 geniosi
326 4453 431 4525 animi
445 4455 553 4526 luisse
565 4456 782 4527 calumniam.
802 4456 920 4526 Latrat
939 4456 969 4527 is
987 4456 1136 4548 quidem,
1160 4477 1252 4526 mor-
