2738 5062
150 621 203 683 lot
481 634 521 681 nn
542 634 642 683 nunus
664 634 886 687 rnurnunrnns

145 779 266 854 status,
282 769 440 862 adeoque
457 772 596 841 fervens
609 771 812 864 expectatio,
831 782 868 842 nt
885 770 1083 843 dilationem
1096 772 1216 866 ipsam,

144 914 224 985 quae
245 892 405 984 gloriosis
423 892 620 984 primordiis
638 895 843 979 intercessit,
861 894 972 966 eidem
993 893 1220 989 providentiae

143 1015 337 1087 adscribam
372 1015 484 1109 potius
516 1039 621 1110 quam
641 1019 801 1102 tertuum,
824 1041 893 1110 quo
915 1017 1045 1089 scilieet
1077 1017 1220 1090 immen-

145 1161 223 1208 sum
239 1136 494 1233 exoptatissimi
519 1138 683 1235 principis
710 1162 806 1211 mora
832 1139 951 1210 brevis
977 1139 1139 1212 ardorem
1159 1162 1222 1234 po-

144 1260 270 1331 blicum
302 1261 481 1332 excitaret.
517 1262 588 1332 lam
622 1283 707 1333 vero
739 1262 906 1333 bonorum
940 1262 1076 1334 animos
1101 1262 1222 1345 ardere

142 1386 290 1480 amplius
307 1408 376 1457 non
392 1407 506 1479 posse,
524 1385 581 1455 tibi
596 1385 810 1478 persuadeas
826 1385 943 1465 velim3
958 1386 1222 1479 verendumque

144 1533 199 1595 ne,
233 1511 327 1603 quod
359 1519 484 1580 natura
517 1532 632 1580 rerum
666 1512 743 1593 sert,
780 1507 940 1580 incendio
965 1508 1097 1579 sensim
1125 1520 1223 1601 tepor

143 1634 300 1725 obrepat,
323 1635 389 1703 nisi
410 1633 591 1725 generosis
613 1632 776 1715 llamrniS,
797 1654 884 1724 quas
903 1642 1001 1702 tuum
1019 1653 1148 1702 nomen
1164 1654 1223 1704 ao-

142 1756 270 1840 cendit,
289 1756 485 1852 praesentiae
504 1766 572 1824 tuae
590 1755 751 1826 alimenta
770 1753 976 1847 praebueris.
991 1754 1080 1824 Cum
1093 1754 1221 1847 itaque,

142 1881 236 1974 quod
258 1879 429 1949 neminem
454 1878 594 1948 omnino
627 1888 661 1947 te
695 1875 820 1947 melius
853 1897 960 1947 nosse
981 1896 1074 1959 reor,
1096 1897 1140 1948 eo
1164 1896 1222 1949 res

142 2003 307 2095 perducta
329 2002 373 2071 sit
394 2011 431 2070 nt
452 2023 564 2092 neque
582 2000 745 2071 maiestas
763 2010 832 2082 tua,
852 1999 951 2070 salva
968 1996 1088 2089 gloria,
1107 1996 1222 2069 cesa-

143 2147 239 2194 roum
261 2122 399 2194 differre
419 2123 530 2216 possit
551 2123 754 2206 adventum,
779 2143 900 2214 neque
920 2143 998 2191 mea
1016 2120 1168 2205 devotio,
1185 2121 1225 2191 il-

142 2247 229 2315 laesa
248 2244 325 2328 fide,
344 2255 495 2338 coeptum
513 2245 643 2316 diutius
661 2256 780 2317 tenere
798 2246 986 2325 silentium3
1005 2247 1128 2337 loquor
1144 2266 1222 2317 ecoe

144 2367 269 2437 iterum
287 2368 332 2438 ad
350 2367 529 2438 dominum
547 2389 671 2451 meum,
690 2379 733 2451 et,
753 2369 818 2438 nisi
837 2369 941 2461 piget,
961 2367 1005 2438 ad
1022 2380 1221 2440 cunctorum

143 2489 319 2560 dominum
342 2492 476 2583 loquor,
500 2489 718 2582 simplicitate
739 2490 966 2581 quantalibet,
990 2489 1052 2562 sed
1071 2489 1142 2563 fide
1162 2513 1224 2585 pn-

144 2613 293 2684 rissima:
315 2625 349 2685 ot
371 2616 490 2707 loquor
511 2633 579 2682 non
598 2613 680 2683 novi
701 2612 844 2704 aliquid,
869 2614 933 2684 sed
962 2614 1056 2706 quod
1083 2614 1224 2687 notissi-

143 2760 236 2808 mum
270 2727 336 2809 tihi
363 2748 398 2807 et
430 2736 475 2807 ab
507 2736 667 2807 omnibus
702 2734 824 2807 amicis
845 2736 983 2832 imperii
1010 2738 1147 2809 romani
1169 2741 1223 2809 vel

142 2864 336 2935 consultum
355 2862 396 2932 iri
417 2863 498 2932 scio.
520 2862 592 2931 Non
615 2861 705 2931 enim
727 2860 761 2931 id
779 2882 846 2951 ago
864 2872 901 2932 ut
917 2862 1081 2945 doceam,
1107 2862 1173 2935 sed
1187 2872 1225 2933 ut

144 3007 219 3056 mea
241 2984 328 3057 fides
351 3008 414 3057 suo
435 2988 597 3077 iungatur
616 2984 744 3056 officio:
767 2985 917 3077 ideoque
939 3007 1011 3055 rem
1038 3009 1109 3059 non
1133 2985 1222 3057 nitor

142 3109 311 3180 adornare
330 3106 517 3190 coloribus
546 3107 658 3178 sciens
685 3117 723 3177 ut
748 3109 913 3179 coloratis
938 3106 1100 3201 fictisque
1126 3132 1223 3182 men-

142 3233 294 3314 dacium,
319 3231 369 3300 sic
389 3232 568 3302 veritatem
591 3230 718 3321 apertis
740 3253 781 3301 ae
801 3231 1019 3326 simplicibus
1041 3228 1222 3305 delectari.

142 3351 348 3443 Simpliciter
370 3351 472 3441 igitur
491 3359 528 3419 et
547 3360 664 3444 aperte
684 3372 746 3442 pro
765 3351 896 3422 honore
918 3351 1069 3445 imperii,
1088 3375 1153 3447 pro
1170 3376 1224 3425 sa-

143 3478 213 3546 lute
226 3474 344 3556 ltaliae,
359 3496 422 3567 pro
441 3473 674 3544 consolatione
692 3472 789 3544 urbis
806 3477 932 3558 Romae,
952 3475 1222 3547 desolatissimae

143 3616 282 3689 sponsae
302 3606 385 3680 tuae,
409 3616 469 3687 pro
501 3597 689 3667 amicorum
724 3597 851 3679 studio,
888 3619 950 3689 pro
984 3596 1220 3670 subiectorum

141 3718 347 3804 commodis,
370 3741 433 3813 pro
453 3720 567 3811 quiete
588 3716 815 3791 laborantium
842 3720 1139 3804 Christianorum,
1162 3740 1224 3816 pro

141 3844 346 3914 maturando
366 3845 505 3934 negotio
531 3843 647 3913 Terrae
669 3844 819 3925 Sanctae,
846 3862 910 3936 pro
935 3841 1165 3936 adipiscendo
1190 3843 1223 3913 in

141 3967 242 4037 terris
265 3965 541 4059 praeclarissimae
558 3988 598 4037 ac
616 3965 816 4036 immortalis
833 3968 934 4038 samae
952 3968 1141 4060 praeconio,
1160 3988 1226 4061 pro

141 4098 270 4161 aelerna
302 4091 516 4165 beatitudine
544 4103 620 4186 post
645 4091 749 4162 huius
775 4089 1010 4180 fugacissimae
1044 4088 1130 4161 vitae
1155 4092 1219 4161 mi-

142 4212 252 4282 serias
277 4215 519 4306 promcrenda‚
548 4238 623 4298 oro,
659 4235 792 4307 precor,
828 4211 988 4296 obsecro,
1025 4222 1099 4284 toto
1131 4236 1224 4285 nune

141 4335 255 4406 animo
280 4338 439 4426 genubus
467 4337 535 4407 luis
562 4336 705 4419 affusus
728 4348 902 4430 quatenus
923 4336 1142 4407 occasionem
1164 4356 1223 4407 res

142 4457 313 4530 maximas
333 4471 436 4550 alque
453 4460 601 4551 optimas
619 4459 762 4550 gerendi
780 4460 915 4533 coelilus
936 4459 1087 4531 oblatam
1105 4459 1226 4531 incun-
