2738 5062
158 652 217 715 288
498 668 539 714 ne
556 666 657 715 aeuus
678 664 899 716 rsnnrumeus

158 801 326 896 paciscor,
344 811 380 873 et
398 802 579 894 epistolam
597 801 687 872 hanc
704 798 1009 894 adstipulatricem,
1029 808 1136 890 teque
1158 822 1249 875 cum

156 923 335 1007 omnibus,
358 923 392 993 in
413 946 560 1015 quorum
584 945 707 996 uranus
728 922 877 1007 venerit,
897 930 1005 992 testes
1026 923 1130 1006 saei03
1149 932 1193 995 ut
1215 925 1250 997 si

158 1049 213 1117 vol
235 1046 337 1117 hodie
364 1046 457 1137 apud
478 1068 547 1130 me,
574 1048 630 1117 vei
656 1043 795 1137 quando
816 1044 895 1115 hinc
915 1042 1085 1133 migrabo,
1109 1054 1250 1136 praeter

158 1168 289 1237 libellos
312 1165 495 1258 inquibus
518 1166 600 1236 mihi
625 1167 739 1238 omnis
764 1167 872 1236 fermo
897 1163 1055 1236 laborum
1079 1166 1186 1258 quies
1207 1180 1248 1241 et

157 1290 317 1360 solatium
351 1288 434 1359 vitae
458 1300 525 1372 est,
551 1300 678 1383 praeter
703 1287 896 1359 modestam
923 1286 1173 1379 supellectitem
1206 1300 1246 1363 et

156 1409 395 1504 quotidianum
419 1421 608 1503 sumptum,
632 1408 690 1501 qui
712 1408 880 1479 hactenus
900 1410 958 1479 vel
978 1428 1157 1501 uunquam
1180 1412 1244 1481 vei

156 1553 233 1602 raro
257 1553 407 1622 unquam
428 1531 554 1615 detuit,
578 1530 607 1601 si
630 1530 755 1623 praeter
774 1530 863 1612 haec,
885 1528 1039 1621 inquam,
1058 1528 1082 1597 ii
1101 1529 1242 1603 defossi

154 1652 230 1725 auri
252 1664 494 1747 acervataeque
515 1652 669 1745 pecuniae
688 1661 822 1723 montes
840 1649 924 1720 mihi
941 1649 1069 1720 fuerint
1085 1650 1238 1737 inventi,

153 1798 243 1870 quos
264 1775 329 1846 sibi
351 1776 474 1847 horum
501 1774 599 1866 fingit
622 1772 768 1857 invidia,
791 1770 899 1841 iibere
923 1770 1092 1863 quidquid
1119 1770 1155 1843 id
1179 1784 1241 1845 est

155 1897 220 1968 sibi
241 1897 413 1990 diripiant,
436 1918 575 1989 quoque
595 1896 711 1966 nulius
733 1893 817 1963 mihi
840 1913 921 1963 esse
945 1902 1064 1984 posset
1088 1892 1240 1965 invisior

153 2017 348 2109 patrimonii
370 2014 463 2099 finis,
486 2016 634 2085 invicem
656 2014 859 2107 partiantur.
882 2012 976 2082 Hanc
998 2012 1129 2084 haeredi
1155 2036 1238 2087 meo

153 2135 316 2227 praesenti
337 2136 449 2223 elogio
469 2138 581 2224 legem
603 2136 695 2220 dico,
719 2155 762 2205 ue
783 2132 865 2225 quid
885 2134 1022 2204 hiscere
1042 2131 1170 2205 audeat
1189 2134 1238 2207 ab

151 2257 310 2337 adverso,
329 2264 364 2324 et
376 2264 414 2323 ut
426 2254 551 2345 cupide
568 2255 705 2347 quaesiti
720 2256 873 2327 thesauri
887 2256 1021 2326 iliorum
1041 2258 1232 2346 possessio¹

152 2374 202 2444 sic
220 2376 292 2444 sola
304 2372 503 2463 cupiditatis
518 2375 655 2444 infamia
671 2398 746 2445 mea
760 2375 818 2459 sit,
833 2374 985 2447 haeredis
1001 2396 1086 2446 vero
1098 2376 1232 2450 nudum

151 2516 277 2565 nomon
298 2503 333 2563 et
353 2492 465 2565 inanis
486 2496 693 2588 expectatio.
714 2496 843 2567 Verum
863 2496 919 2568 isti
937 2497 1018 2589 quia
1036 2519 1093 2568 me
1110 2498 1232 2573 habitu

151 2616 265 2688 minus
287 2619 373 2687 forte
394 2616 642 2701 miserabilem,
665 2639 769 2711 quam
796 2639 833 2687 se
861 2618 956 2711 ipsos
983 2617 1119 2702 vident,
1145 2619 1230 2692 duur

151 2739 216 2810 sibi
238 2740 487 2831 aliquantulum
510 2740 645 2811 latentis
666 2740 741 2811 auri
763 2740 930 2823 sentiunt,
954 2740 1036 2810 mihi
1064 2762 1129 2836 pro
1154 2754 1231 2815 rata

150 2871 246 2952 parta
271 2863 418 2932 fortunae
451 2861 610 2953 ingentes
649 2863 833 2934 thesauros
871 2861 968 2931 humi
995 2861 1132 2936 abditos
1170 2886 1230 2937 su·

149 2982 340 3074 spicautur;
360 2995 395 3055 et
414 2984 546 3075 opinari
569 2995 745 3076 nequeunt
771 3005 825 3055 me
851 3005 917 3054 uon
944 2982 988 3054 de
1014 2984 1132 3075 aliquo
1153 2985 1230 3057 the-

149 3108 339 3187 saurizare,
353 3128 431 3178 cum
446 3104 509 3196 ipsi
525 3125 623 3196 paeno
640 3106 685 3175 dc
703 3105 808 3175 nihiio
823 3104 1070 3176 thesaurizent.
1090 3107 1229 3179 Stultis-

148 3226 226 3293 simi
240 3237 275 3295 et
289 3208 495 3315 iniquissimi
510 3223 655 3306 iudices,
671 3224 730 3316 qui
748 3225 887 3317 propria
900 3247 1063 3297 mensura
1075 3228 1226 3299 alienum

147 3343 301 3412 animum
322 3344 513 3415 metiuntur
532 3346 626 3417 omni
646 3368 692 3416 ex
714 3358 812 3438 parto
829 3346 1043 3418 dissimilem.
1068 3349 1116 3418 liii
1134 3350 1225 3421 enirn

147 3484 286 3554 semper
319 3484 357 3531 se
390 3463 544 3536 victuros
579 3477 719 3559 sperant
744 3490 812 3538 non
839 3469 942 3540 modo
968 3473 1134 3542 mortaies
1164 3472 1226 3545 sed

143 3584 246 3655 etiam
266 3582 476 3654 moribundi:
495 3609 562 3676 ego
580 3609 636 3656 mc
655 3587 836 3658 incolumis
855 3602 890 3660 et
908 3593 1088 3663 mortalem
1105 3602 1141 3664 et
1156 3594 1224 3665 aevi

145 3705 264 3776 brevis
282 3705 435 3791 memini,
451 3707 692 3797 eiusdemque,
710 3717 747 3776 ut
764 3708 896 3780 Seneca
915 3719 996 3782 tuus
1013 3711 1074 3796 ait,
1094 3712 1222 3784 incerti.

144 3826 192 3896 iili
216 3839 286 3897 tuta
308 3826 372 3898 sibi
394 3828 553 3898 defutura
578 3827 775 3912 formidant,
797 3851 864 3921 ego
888 3842 1008 3905 contra
1032 3835 1150 3905 omnia
1175 3836 1225 3907 as·

141 3938 237 4017 satim
260 3950 481 4041 supersutura
500 3946 647 4019 confido.
669 3950 801 4022 Horum
824 3964 939 4024 tamen
961 3976 1058 4025 error
1078 3964 1223 4027 eatenus

141 4066 225 4137 ruihi
246 4079 368 4159 gratus
388 4091 470 4141 esse
491 4081 619 4162 potest,
643 4074 673 4143 si
693 4096 754 4145 eos
776 4077 862 4147 saliit
884 4086 920 4147 et
940 4078 1088 4150 cruciat:
1111 4080 1140 4153 si
1162 4104 1223 4152 au-

141 4196 210 4257 tum
232 4189 414 4261 simulatus
435 4203 490 4262 ost
509 4214 619 4279 error,
642 4217 770 4288 magna
790 4197 873 4268 mihi
894 4222 975 4293 pars
998 4200 1223 4275 iucunditatis

138 4307 293 4402 eripitur,
312 4311 371 4401 qui
389 4312 522 4386 animos
539 4338 659 4389 eorum
678 4318 867 4390 venenosis
885 4321 1061 4394 morsibus
1079 4324 1222 4397 invidiae

139 4439 175 4501 et
199 4430 333 4503 arcanis
354 4454 516 4508 curarum
544 4440 692 4511 stimulis
725 4443 822 4513 velut
855 4444 994 4518 totidem
1033 4448 1221 4520 tortoribus
