2738 5062
390 697 483 746 uranu
504 698 694 749 unuecmus
707 700 908 748 -umsrons
931 702 992 749 Ν.
1173 690 1227 750 151

151 859 213 931 qna
232 857 362 908 rerum
384 843 479 908 sorte
498 835 752 922 contendimus
774 836 885 922 detur,
901 838 1095 911 concordie
1108 838 1228 930 gratia,

149 960 238 1055 quod
259 959 464 1032 facillimum
485 973 541 1030 est
565 981 707 1051 negare,
729 971 764 1032 et
784 960 880 1033 cives
898 973 933 1033 et
953 961 1113 1055 pacifices
1131 963 1228 1035 cives

148 1104 238 1154 esse.
259 1081 404 1174 indigni
438 1082 575 1155 veniant
594 1083 640 1154 ad
659 1083 821 1167 honores,
856 1084 904 1155 ita
935 1095 973 1156 ut
1004 1086 1229 1178 dignissimos

148 1227 215 1279 non
234 1204 441 1277 excludant.
463 1206 533 1277 lam
554 1228 601 1276 ex
625 1229 695 1300 quo
720 1229 799 1278 cum
824 1210 976 1280 romanis
1001 1211 1136 1283 externi
1162 1213 1229 1282 liti-

148 1340 231 1424 gent
250 1340 290 1401 et
309 1329 382 1401 sint
400 1350 522 1402 omnes
546 1353 616 1402 uno
641 1330 778 1402 nomine
799 1333 958 1416 Romani,
981 1334 1065 1426 quid
1088 1345 1142 1405 cst
1166 1357 1228 1406 cur

147 1453 193 1524 illi
213 1452 283 1524 soli
300 1451 463 1523 honorari
481 1451 642 1538 debeant,
661 1454 789 1547 quibus
806 1454 873 1526 hee
891 1456 1082 1548 precarium
1100 1478 1227 1527 nemen

145 1587 214 1659 est,
229 1575 340 1647 immo
352 1595 439 1646 vero
450 1595 513 1645 eur
526 1577 594 1647 ulla
612 1575 645 1645 in
664 1598 701 1648 re
722 1577 795 1648 suis
813 1576 1061 1649 contribulibus
1079 1582 1228 1650 antefer-

146 1699 198 1770 ri?
215 1696 274 1768 An
296 1705 440 1791 prepter
459 1696 696 1770 nobilitatem?
716 1700 785 1771 Sed
801 1700 886 1792 quid
904 1701 948 1771 sit
966 1722 1049 1773 vera
1066 1700 1226 1773 nobilitas

147 1843 215 1894 non
234 1842 349 1917 parva
370 1819 558 1915 disputatio
578 1831 648 1903 est;
672 1833 742 1893 tum
765 1844 974 1916 veroquam
1001 1824 1070 1894 sint
1095 1824 1227 1895 nobiles

146 1944 354 2036 intelligent,
377 1966 454 2015 cum
480 1945 670 2036 intelligent
694 1968 797 2037 quam
826 1945 895 2017 sint
926 1954 961 2015 et
994 1945 1151 2018 virtuosi.
1172 1947 1226 2017 An

146 2078 288 2163 propter
307 2066 471 2140 divitias?
490 2066 586 2150 Quas
608 2090 699 2139 nunc
719 2077 911 2138 extenuare
932 2068 1051 2140 verbis
1068 2072 1164 2142 nolo:
1187 2070 1226 2140 il-

148 2190 208 2261 lud
227 2200 344 2262 tamen
364 2210 501 2273 monce,
531 2199 570 2260 ut
596 2188 676 2261 inde
710 2191 882 2264 tenuiores
916 2214 985 2263 non
1018 2193 1223 2288 despiciant,

153 2312 330 2406 sciantque
350 2311 427 2383 illas
452 2311 552 2383 bonis
578 2311 734 2386 moribus
759 2315 897 2387 omnine
923 2316 968 2386 nil
995 2320 1163 2401 conferre,
1191 2327 1226 2389 et

152 2456 240 2529 quaa
261 2434 305 2509 de
329 2434 487 2508 fecundis
512 2436 671 2509 eeclesiae
693 2438 812 2509 matris
834 2439 999 2511 uberibus
1027 2450 1221 2524 suxerunt,

147 2559 197 2631 eis
218 2557 336 2631 sobrie
357 2567 393 2628 et
413 2579 473 2650 pre
495 2559 702 2632 transitoriis
723 2572 877 2646 utantur,
901 2566 966 2647 vel,
990 2564 1019 2632 si
1037 2563 1120 2634 libet
1133 2564 1225 2634 etad

144 2680 275 2753 maiora
295 2679 468 2774 pigriores
489 2680 591 2751 animi
614 2704 682 2754 non
708 2695 911 2773 assurgunt,
933 2686 1092 2755 fruantur
1116 2685 1221 2754 etiam

143 2825 207 2897 pro
226 2801 386 2885 aeternis,
421 2801 525 2873 modo
558 2827 665 2874 unum
695 2814 876 2897 praestent,
899 2816 937 2876 ut
957 2828 1044 2897 quas
1066 2807 1109 2877 dc
1129 2828 1224 2876 cern-

144 2927 244 2998 muni
261 2925 468 2998 liberalitate
489 2936 730 3021 perceperunt,
750 2928 784 2995 in
802 2948 1018 2997 communem
1036 2928 1222 3019 perniciem
1260 2977 1266 2987 ·

144 3070 216 3122 non
234 3059 449 3123 convertant.
468 3048 570 3134 Quod
589 3048 617 3119 si
635 3047 680 3119 ad
699 3047 872 3141 publicum
893 3047 1047 3137 regimen
1068 3049 1222 3140 privatas

143 3173 286 3247 divitias
303 3171 521 3245 necessarias
539 3171 734 3265 opinentur,
753 3167 858 3240 velim
876 3167 961 3241 mihi
979 3170 1219 3262 respondeant,

142 3318 248 3391 quam
268 3295 372 3368 dives
393 3305 467 3366 erat
486 3294 644 3366 Valerius
661 3293 850 3374 Publicola,
870 3291 951 3363 dum
971 3291 1107 3363 adiutor
1125 3294 1220 3363 bruti

144 3418 317 3513 superbos
339 3440 443 3509 reges
463 3418 613 3500 eliceret,
635 3417 719 3488 dum
740 3416 852 3510 primo
872 3416 1054 3487 consulatu
1085 3415 1129 3487 de
1154 3417 1220 3487 Tu-

142 3541 222 3626 scis,
247 3540 348 3612 tertio
365 3540 411 3612 de
424 3539 570 3624 Sabinis,
590 3540 645 3610 vir
662 3538 881 3633 sepeliendus
898 3562 918 3611 e
935 3538 1080 3635 publico,
1101 3537 1221 3607 trium-

141 3664 289 3759 pharet?
305 3663 416 3747 Quam
435 3661 535 3733 dives
549 3664 729 3734 Menenius
743 3662 908 3759 Agrippa,
924 3663 1006 3734 dum
1023 3661 1219 3733 discordem

142 3786 362 3879 scissamque
394 3786 641 3879 rempublicam
663 3808 763 3859 sacro
789 3786 1040 3879 conglutinaret
1058 3785 1220 3878 eloquio;

141 3931 249 4002 quam
270 3909 372 3980 dives
398 3908 559 3992 Quintius
580 3911 814 3994 Cincinnatus
836 3913 935 3994 dum,
958 3912 1097 3982 deserto
1124 3932 1216 3991 rure,

141 4033 235 4126 inopi
248 4033 342 4103 victu
359 4034 510 4119 Romam,
527 4042 564 4103 et
575 4033 755 4106 obsidione
772 4038 950 4106 consulem
973 4056 1153 4111 romanum
1167 4046 1219 4104 at-

139 4178 211 4248 que
229 4157 424 4228 exercitum
446 4157 619 4239 liberaret;
641 4180 744 4248 quam
767 4157 867 4229 dives
886 4157 1026 4240 Curius,
1046 4179 1150 4250 quam
1167 4158 1219 4228 di-

143 4300 209 4350 ves
230 4279 424 4364 Fabricius,
452 4281 534 4352 dum
560 4281 681 4376 Pyrrhi
705 4279 799 4371 regis
833 4301 873 4350 ae
906 4280 1096 4352 Samnitum
1120 4280 1219 4370 signa

143 4412 419 4496 prosternerent
440 4426 543 4496 quam
565 4403 665 4476 dives
685 4402 824 4473 Attilius
844 4405 1014 4494 Regulus
1036 4402 1118 4473 dum
1137 4403 1218 4472 Car-

141 4525 413 4617 thaginiensium
434 4526 592 4599 funderet
614 4526 782 4617 legionem
817 4547 919 4617 quam
953 4524 1054 4598 dives
1087 4523 1217 4613 Appius
