2738 5062
172 573 232 636 att
514 587 556 634 nn
577 586 678 635 annus
700 583 921 634 annullamus

172 720 247 804 luit,
270 718 349 791 inde
371 718 523 790 ablatum
559 729 713 812 tempore
744 717 871 810 pariter
903 716 949 788 ad
980 736 1146 789 occasum
1173 718 1265 801 iret,

174 842 233 913 ubi
254 841 395 914 Romam
417 863 497 913 esse
518 842 738 935 perspicuum
758 842 816 911 sit:
839 841 1008 911 interesse
1025 849 1142 910 autem
1161 838 1265 933 quod

175 976 210 1037 et
227 986 343 1037 mores
366 963 502 1035 urbium
523 962 655 1036 diversi
677 973 712 1033 ot
728 962 773 1033 de
790 961 946 1034 orientali
968 983 1037 1032 nou
1057 960 1265 1033 occidenta-

177 1090 220 1173 le,
244 1087 306 1159 sed
328 1088 523 1159 universale
550 1085 733 1180 imperium
760 1083 805 1154 sit
830 1083 1005 1167 effectum,
1027 1083 1264 1176 omniumque

178 1213 250 1281 sola
272 1209 457 1280 verissima
479 1205 688 1278 monarchia.
711 1204 812 1289 Quod
839 1205 869 1276 si
894 1215 1035 1302 propter
1060 1206 1167 1277 totius
1193 1206 1262 1277 do-

178 1332 250 1404 miti
278 1331 373 1402 orbis
400 1331 434 1400 in
464 1354 531 1401 una
555 1329 638 1401 urbe
658 1351 865 1401 concursum
886 1337 923 1399 et
942 1329 1179 1401 contusionem
1203 1353 1263 1401 re-

180 1480 256 1528 rum
279 1454 481 1537 maximam,
501 1475 540 1523 ac
562 1473 667 1544 super
684 1451 799 1522 omnia
817 1454 966 1523 Deorum
985 1451 1121 1523 turbam
1139 1474 1264 1526 sacro-

180 1600 341 1670 rumque,
364 1574 536 1671 Babylon,
558 1574 623 1644 boo
655 1582 709 1644 est
740 1573 912 1657 conlusio,
939 1574 1006 1647 dici
1033 1582 1159 1666 potest,
1186 1594 1262 1645 non

179 1697 337 1771 obluctor
357 1720 471 1791 neque
491 1696 677 1769 contendo:
700 1694 763 1767 sed
788 1695 900 1768 audeo
932 1697 1047 1769 dicere
1080 1694 1165 1767 illud
1190 1694 1262 1767 sibi

181 1842 306 1892 nomen
327 1820 519 1905 excidisse,
541 1842 610 1913 quo
636 1818 784 1912 primurn
809 1816 879 1900 die,
901 1817 1080 1889 fallacibus
1099 1817 1175 1889 Diis
1194 1839 1262 1889 ex-

180 1945 301 2026 clusis,
326 1944 428 2014 unius
448 1943 521 2015 veri
541 1941 600 2012 oei
619 1943 747 2012 cultum
769 1962 965 2032 nomenquc
983 1940 1149 2032 suscepit,
1168 1949 1205 2012 ct
1224 1951 1262 2013 ut

181 2067 307 2137 Leonis
329 2087 429 2157 papae
451 2064 599 2135 verbum
622 2075 774 2148 mutuer,
796 2062 835 2132 do
856 2065 1013 2152 ›tropistra
1033 2065 1153 2134 emeris
1171 2067 1262 2154 sactu

181 2200 226 2257 est
257 2186 417 2279 discipula
447 2190 605 2256 veritatis.
642 2189 712 2257 lam
747 2186 830 2258 illud
861 2185 955 2278 quod
985 2205 1080 2276 saepe
1108 2185 1263 2256 fulmini-

183 2308 249 2379 bus
270 2310 374 2379 ictum
401 2308 557 2400 Capitolii
582 2330 706 2381 saxum
734 2309 866 2391 dicunt,
889 2307 994 2400 idque
1017 2308 1053 2377 in
1073 2329 1264 2399 argumen-

184 2441 254 2500 tum
290 2429 431 2499 trabunt
464 2451 531 2500 non
565 2440 743 2523 acceptum
777 2432 849 2501 Deo
887 2432 1011 2513 locum,
1052 2429 1264 2503 sanctissimi

183 2551 495 2645 litteratissimique
516 2552 582 2623 viri
604 2575 687 2646 pace
707 2553 871 2637 dixerim,
895 2574 962 2623 non
984 2552 1019 2624 id
1044 2551 1175 2624 divinae
1195 2552 1264 2623 ira·

182 2674 318 2747 cundiae
340 2673 574 2755 tribuendum,
598 2675 660 2747 sed
687 2684 836 2746 naturae:
862 2673 1013 2767 alioquin
1039 2674 1186 2744 multum
1211 2672 1265 2743 in-

185 2807 237 2867 ter
257 2819 379 2869 omnes
412 2808 521 2871 terras
550 2808 644 2870 amat
664 2796 851 2894 AEgyptum
872 2798 967 2867 Deus
998 2795 1118 2868 sedem
1147 2795 1266 2867 omnis

123 2936 125 2941 ·
186 2919 370 3014 impietatis
400 2921 624 3014 omniumque
654 2921 823 2992 malarum
854 2918 1153 3012 superstitionum,
1183 2937 1266 3010 quae

186 3062 254 3113 non
283 3040 385 3113 modo
411 3042 493 3113 lsim
519 3052 554 3112 et
579 3043 719 3125 Osirim,
752 3040 816 3113 sed
848 3039 949 3134 Apim
982 3049 1017 3111 et
1049 3040 1204 3131 Serapim
1229 3051 1267 3111 et

184 3166 392 3239 crocodilum
416 3165 575 3235 adoravit
591 3186 632 3234 ac
651 3164 767 3248 coluit,
790 3186 879 3234 nunc
896 3163 1035 3235 minime
1055 3164 1265 3237 sanctiorem

185 3288 357 3358 crocodilo
376 3287 606 3356 lllacomotum
629 3285 721 3370 colit,
747 3295 783 3354 ot
809 3295 925 3356 tamon
951 3289 1005 3357 vel
1031 3308 1108 3357 raro
1133 3285 1180 3356 ibi
1207 3288 1265 3359 vel

185 3430 361 3500 nunquam
389 3418 508 3478 tonare
535 3410 624 3478 lama
657 3419 724 3479 est:
747 3408 894 3477 multum
927 3420 1046 3479 contra
1073 3410 1264 3504 Pyrenaeos

186 3541 320 3601 montes
341 3529 425 3611 odit,
445 3530 503 3600 ubi
526 3530 686 3601 Christus
709 3532 887 3615 adoratur,
906 3540 943 3600 et
961 3531 1021 3602 ubi
1037 3553 1140 3622 quam
1164 3531 1265 3601 terri-

185 3650 250 3723 fice
271 3659 365 3722 tonet
382 3660 418 3720 et
437 3672 542 3741 quam
564 3649 687 3722 crebro
707 3652 785 3745 quis
807 3650 907 3723 nobis
930 3654 1053 3724 melius
1074 3651 1181 3736 novit,
1203 3655 1266 3746 qui

185 3775 252 3845 illic
274 3773 446 3845 viridioris
464 3774 532 3845 aevi
557 3797 662 3846 unam
688 3775 825 3865 egimus
845 3788 1018 3860 aestatem,
1033 3787 1069 3847 et
1080 3776 1265 3849 fulminum

185 3894 333 3967 llammis
355 3896 479 3967 totiens
500 3896 670 3968 fumantia
692 3918 772 3967 rura
793 3898 1065 3993 conspeximus?
1089 3897 1163 3968 Etsi
1191 3919 1267 3970 om-

186 4018 239 4089 nis
259 4019 398 4113 quidem
417 4019 579 4113 cogitatio
592 4017 777 4112 opinioque
794 4021 907 4090 omnis
925 4020 1019 4112 pium
1040 4018 1267 4114 sobriumque

184 4142 340 4215 excitans
369 4146 525 4215 timorem
562 4142 656 4215 utilis
689 4165 729 4213 ac
762 4142 934 4215 laudanda
961 4143 1019 4226 sit,
1043 4164 1124 4212 vere
1149 4151 1266 4215 tamen

185 4276 287 4337 tonus
307 4276 412 4357 atque
433 4266 523 4357 ignis
544 4266 601 4337 ille
627 4278 694 4336 non
723 4277 790 4335 tam
817 4264 879 4336 irae
904 4287 1010 4357 quam
1037 4276 1169 4336 naturae
1194 4277 1263 4351 est,

182 4397 219 4459 et
240 4387 414 4471 fortuitus
436 4399 471 4458 et
490 4398 674 4459 ventorum
698 4387 794 4459 rabie
815 4386 906 4459 cadit
920 4390 952 4459 in
968 4397 1088 4472 terras,
1110 4397 1146 4458 ut
1162 4390 1265 4484 Saty-
