2738 5062
173 683 233 745 att
511 693 553 741 ne
575 693 676 742 annus
698 693 919 742 aanrnrautuns

172 850 384 924 quamquam
403 830 437 899 ni
455 830 563 912 lallor,
583 850 626 900 ne
646 827 681 896 in
698 826 764 899 bac
784 837 880 921 parte
899 826 967 898 labi
989 827 1121 922 possim
1138 828 1259 923 provi-

173 975 251 1024 sum
275 962 332 1024 est
357 951 451 1022 milri.
474 949 592 1022 Habeo
613 950 669 1022 cui
688 951 840 1022 haeream
862 948 1109 1023 conscientiam
1129 973 1256 1042 meam,

173 1098 194 1147 a
212 1096 282 1169 qua
308 1075 338 1146 si
356 1095 425 1145 non
445 1075 601 1147 externis
623 1073 761 1145 {latibus
783 1073 931 1145 avulsus
947 1073 1054 1159 luero,
1073 1095 1144 1145 non
1159 1075 1258 1148 tacite

172 1214 343 1269 corruam.
371 1196 442 1268 Illic
467 1194 561 1267 enim
586 1217 654 1267 non
680 1195 748 1267 nisi
773 1218 859 1269 aura
885 1195 1081 1290 purissima,
1108 1197 1259 1293 verique

172 1321 257 1394 flant
278 1319 430 1414 spiritus.
450 1320 606 1414 Denique
625 1319 676 1391 sic
692 1318 834 1404 habeto,
857 1340 963 1414 posse
984 1339 1039 1389 me
1060 1316 1120 1390 tibi
1138 1319 1256 1393 omnia

173 1441 331 1523 erdere,
347 1442 414 1514 nisi
431 1464 512 1537 quae
534 1443 579 1515 de
599 1463 656 1514 me
677 1441 816 1525 scribis,
836 1462 917 1534 quae
935 1441 965 1512 si
981 1439 1120 1513 aliunde
1136 1464 1257 1536 prooe-

173 1566 312 1650 darent,
330 1587 400 1661 qua
418 1575 520 1662 putas
538 1567 651 1638 fronte
667 1567 821 1637 lecturus
839 1563 988 1635 lucrim‘l
1000 1562 1047 1633 At
1061 1587 1155 1636 nunc
1170 1565 1256 1636 mibi

176 1690 378 1763 notissimus
394 1689 523 1760 candor
542 1698 623 1760 tuus
639 1684 810 1780 quidquid
826 1685 878 1758 ais
896 1695 957 1759 aut
973 1686 1127 1780 loqueris
1145 1687 1256 1760 sensi-

174 1811 240 1884 bus
260 1812 346 1883 meis
369 1809 549 1905 approbat,
568 1821 604 1881 et
621 1831 703 1903 quac
723 1831 771 1881 ex
786 1829 848 1881 ore
867 1807 1013 1882 alterius
1030 1808 1184 1883 illusoria
1201 1811 1255 1881 vi-

174 1933 350 2019 derentur,
367 1956 388 2006 e
407 1933 475 2005 tuis
489 1931 588 2006 labiis
603 1943 703 2026 grata
719 1932 800 2005 lacit
811 1941 848 2004 et
859 1931 985 2005 dulcia.
999 1931 1055 2004 Ad
1070 1954 1253 2018 summam,

173 2057 332 2151 quisquis
347 2077 437 2139 sum,
453 2065 535 2127 tuus
558 2077 648 2141 sum,
669 2067 705 2127 et
725 2053 885 2127 amicitiae
902 2065 1034 2128 nostras
1047 2056 1147 2140 iores,
1162 2075 1252 2149 quas

171 2177 378 2271 eloquentiae
398 2188 468 2249 tuae
497 2177 655 2249 clavibus
685 2176 820 2272 aperire
846 2188 943 2250 tanto
972 2176 1089 2251 studio
1111 2177 1252 2269 satagis,

172 2309 303 2392 apertae
322 2309 413 2371 sunt.
437 2301 480 2372 Ut
503 2299 587 2370 libet
610 2309 799 2394 exoptatus
819 2298 1012 2392 ingredere.
1036 2298 1148 2372 Crede
1169 2298 1261 2370 mibi

172 2422 268 2492 nullo
288 2420 383 2507 nisu,
409 2423 505 2495 nulla
532 2444 621 2517 opus
651 2432 707 2494 est
737 2432 828 2507 arle;
855 2426 945 2496 ultro
969 2422 1096 2495 animis
1124 2432 1255 2518 praesto

173 2566 268 2629 sum:
292 2555 394 2640 teque
420 2545 454 2617 iu
481 2545 598 2617 limine
618 2548 723 2618 laetus
752 2547 902 2641 excipio,
925 2568 994 2619 non
1015 2548 1113 2640 prius
1132 2547 1255 2620 exclu-

173 2690 295 2755 surus,
316 2691 421 2764 quam
441 2667 533 2742 hanc
551 2668 633 2742 inde
652 2669 804 2740 animam
831 2691 926 2743 mors
945 2670 1129 2755 excludat3
1149 2670 1255 2764 idque

173 2792 226 2865 sic
243 2813 327 2864 esse
352 2803 390 2864 ut
414 2790 493 2865 dioo
513 2791 651 2884 penitus
674 2791 734 2864 tibi
762 2814 970 2886 persuasum
994 2793 1111 2865 velim.
1141 2794 1255 2866 Pauca

174 2925 257 2987 sunt
288 2915 417 3008 quibus
450 2917 591 3007 glorier,
618 2914 725 3009 inque
755 2915 811 2986 his
845 2915 932 3009 ipsis
957 2916 1123 2989 haesitare
1149 2919 1254 2989 soleo.

174 3039 287 3112 Unum
309 3038 376 3112 hoc
395 3039 566 3133 intrepide
585 3037 752 3110 dixerim:
774 3040 983 3135 temporales
1000 3039 1169 3112 amicitias
1186 3061 1256 3112 non

173 3167 266 3251 novi,
298 3167 344 3239 ad
362 3186 452 3258 quas
486 3165 516 3237 si
542 3186 610 3236 non
636 3165 748 3237 inanis
775 3164 1001 3238 emolumenti
1034 3166 1132 3238 lluxa
1156 3165 1252 3250 ratio,

81 3372 83 3377 .
173 3290 238 3362 aed
258 3289 424 3361 honestas
446 3289 599 3361 alliceret
623 3289 844 3372 immortalis,
866 3310 913 3358 cx
938 3309 978 3359 sc
1002 3288 1138 3379 genitas
1163 3309 1254 3360 mor·

173 3413 261 3481 tales
276 3431 358 3482 esse
378 3432 447 3482 non
474 3410 613 3481 sineret.
638 3410 716 3502 Ego
736 3411 845 3483 lateor
869 3409 915 3482 ad
944 3409 1116 3483 ineundas
1134 3407 1252 3480 amicl-

174 3531 240 3603 tias
264 3531 401 3615 tardus,
425 3530 488 3603 sed
508 3533 553 3604 ad
574 3530 745 3604 finiendas
773 3530 975 3616 immobilis,
997 3532 1043 3604 ad
1063 3531 1153 3603 hanc
1171 3551 1252 3602 con·

97 3682 101 3688 ·
173 3652 377 3727 trahendam
412 3653 532 3745 utique
566 3675 695 3748 pronus
729 3676 819 3726 sum.
852 3653 902 3725 Ac
933 3673 979 3725 ne
1007 3652 1043 3725 id
1075 3654 1251 3727 fortuitum

158 3784 275 3879 ¹putes
295 3773 340 3848 de
365 3787 400 3846 te
424 3774 509 3845 mihi
529 3775 590 3846 diu
607 3784 687 3847 ante
709 3775 899 3869 praevisum
922 3787 1011 3862 erat,
1035 3799 1139 3871 quem
1162 3787 1200 3850 ut
1219 3776 1253 3847 in

171 3900 293 3972 amicis
312 3898 479 3972 haberem
501 3907 536 3971 et
559 3898 688 3991 dignus
709 3908 746 3970 et
762 3909 931 3996 appetens
950 3896 1139 3971 videbaris.
1161 3899 1253 3974 Sane

172 4023 266 4113 quod
285 4036 414 4119 praeter
433 4021 731 4096 modestissimum
748 4021 908 4095 amicitiae
929 4032 1063 4106 votum,
1084 4021 1188 4095 etiam
1209 4023 1253 4096 de

174 4143 311 4237 scriptia
331 4144 572 4229 familiaribus,
587 4165 668 4238 quae
688 4145 788 4217 varia
806 4143 973 4237 exigente
989 4143 1151 4231 materia,
1165 4165 1251 4238 quo·

174 4260 257 4335 tidie
278 4265 361 4334 mihi
378 4287 399 4336 e
415 4265 576 4338 manibus
593 4265 769 4352 excidunt,
785 4277 917 4360 partem
935 4269 1113 4360 postulare
1130 4267 1251 4360 digna·

175 4395 233 4456 tus
253 4383 318 4469 sis,
339 4387 485 4459 mirarer
503 4387 598 4481 quod
618 4389 664 4461 ita
680 4410 760 4461 cum
782 4389 901 4462 vivum
923 4391 1053 4462 iontem
1073 4389 1168 4464 domi
1188 4388 1252 4460 ha·

175 4505 260 4578 beas
284 4516 320 4576 et
348 4506 514 4592 lucidum,
543 4512 769 4585 semiurentes
800 4534 839 4583 ac
870 4510 1027 4584 turbidos
1057 4512 1250 4584 vicinorum
