2738 5062
136 628 196 689 l-ltl
477 640 516 689 us
538 641 640 689 auaris
662 640 881 689 simulamus

138 780 213 851 Heu
232 784 365 870 quanto
377 775 520 867 dignius
537 784 738 867 quantoque
756 774 879 847 melius
896 772 1078 849 discendo
1094 800 1241 853 cresee-

138 910 192 973 ret
212 900 393 995 sapientiae
415 898 568 970 studium
589 910 625 969 et
644 895 818 989 cupiditas
838 896 1052 981 litterarum,
1079 920 1240 992 praeser-

140 1023 200 1093 tim
221 1044 300 1094 cum
326 1020 506 1115 quaerendi
533 1029 648 1091 certus
675 1019 780 1091 silet
804 1016 971 1127 delinitus
999 1020 1156 1093 modus:
1184 1021 1239 1094 di-

140 1143 258 1217 scendi
279 1141 550 1236 proficiendique
578 1163 690 1233 usque
716 1141 751 1211 in
777 1139 879 1211 linem
908 1141 1028 1211 nullus
1056 1150 1118 1213 est
1139 1142 1234 1213 finis.

138 1269 248 1338 Nemo
265 1287 303 1335 se
324 1264 410 1335 satis
430 1266 581 1335 aeslimet
601 1264 807 1358 profecisse:
826 1284 1006 1355 nunquam
1023 1266 1125 1335 enim
1144 1264 1235 1337 nile·

141 1397 197 1459 tur
218 1397 256 1459 ut
276 1387 321 1459 ad
344 1409 520 1458 summum
542 1386 662 1457 veniat
681 1386 741 1478 qui
762 1384 970 1480 pervenisse
990 1384 1162 1459 conlidit:
1186 1390 1235 1459 la-

140 1509 259 1581 borem
282 1508 351 1580 viae
370 1509 485 1580 evasit
504 1506 564 1599 qui
586 1506 699 1599 attigit
718 1527 788 1598 quo
809 1504 998 1599 pergebat,
1021 1528 1090 1579 nec
1111 1510 1233 1581 minus

99 1638 102 1643 '
139 1633 199 1725 qui
213 1632 371 1723 attigisse
390 1652 428 1702 se
450 1640 562 1723 putat:
582 1627 743 1701 subsistit
760 1628 874 1720 igitur,
889 1636 926 1699 et
940 1627 1148 1703 subsistens
1162 1654 1233 1705 non

141 1756 242 1830 modo
259 1778 326 1827 non
344 1755 517 1850 procedet,
534 1753 713 1825 sedetiam
730 1752 933 1824 retrocedat.
950 1751 1077 1843 Neque
1087 1754 1230 1837 etenim,

140 1888 179 1948 ut
210 1886 381 1947 mercator
412 1875 513 1945 dives
539 1876 701 1969 quamvis
725 1873 914 1966 navigandi
946 1872 1056 1947 finem
1091 1877 1229 1951 feeerit.

139 2002 349 2071 cumulatam
373 2008 486 2070 tamen
512 1998 822 2089 consignatumque
844 1995 1026 2091 pecuniam
1048 1996 1147 2069 domi
1168 1998 1229 2071 ba·

140 2121 216 2201 bet,
251 2122 300 2190 sic
325 2122 429 2190 otiam
457 2119 635 2190 studiosus
665 2118 803 2211 legendi
831 2117 1096 2211 meditandique
1121 2118 1226 2191 linem

141 2241 279 2323 taciens
301 2244 507 2333 consignare
528 2243 730 2324 memoriam
753 2243 851 2313 velut
869 2244 1024 2313 arculam
1045 2262 1149 2315 suam
1167 2264 1226 2337 pe

142 2371 218 2433 test.
241 2362 305 2432 Est
321 2363 413 2431 enim
435 2362 541 2431 sutilis
563 2384 603 2431 ac
624 2364 765 2445 rimosa,
784 2376 820 2435 et
839 2364 894 2436 cui
912 2362 980 2439 nisi
1001 2363 1138 2457 aliquid
1156 2364 1224 2459 iugi

142 2484 256 2556 studio
278 2505 416 2575 semper
437 2481 607 2565 inferciat,
631 2486 737 2555 multa
759 2485 914 2575 quotidie
939 2485 1156 2559 dilabantur.
1178 2488 1224 2561 lla

141 2610 199 2701 qni
219 2632 287 2681 non
305 2606 407 2679 discit
422 2605 650 2689 obliviscitur,
665 2617 701 2677 et
717 2608 881 2701 quisquis
897 2609 1105 2681 memoriam
1125 2632 1222 2683 suam

141 2734 241 2827 quasi
260 2722 398 2827 plenam
420 2729 743 2822 redundantemque
760 2729 967 2819 neglexerit,
987 2743 1068 2823 post
1086 2744 1222 2825 tempus

141 2857 185 2928 ad
199 2857 290 2928 illam
308 2854 446 2925 rediens
466 2852 600 2923 inanem
619 2873 838 2944 vacuamque
856 2852 1051 2923 mirabitur.
1074 2853 1222 2927 Studen-

141 2978 226 3050 dum
243 2977 399 3059 assidue,
419 2985 455 3045 et
472 2996 583 3067 usque
601 2975 646 3046 ad
662 2986 842 3045 extremas
861 2974 942 3043 vitae
959 2974 1131 3067 reliquias
1150 2978 1221 3051 sine

143 3100 398 3173 intermissione
414 3098 618 3170 discendum
633 3096 804 3188 exemplis
819 3094 1010 3166 innumeris
1027 3107 1064 3167 et
1082 3098 1221 3171 illustri-

143 3223 208 3293 bus
228 3224 477 3293 admoneamur
497 3218 665 3312 equibus
687 3240 796 3309 pauca
824 3218 1037 3290 subnectam.
1060 3222 1222 3295 Socrates

140 3342 281 3434 quidem
307 3344 406 3436 quasi
436 3341 720 3435 philosophorum
748 3353 865 3433 pater,
893 3362 1002 3413 senex
1031 3346 1221 3419 tractandis

141 3462 269 3534 fidibus
290 3486 431 3556 operam
453 3466 561 3537 dedit:
584 3464 707 3536 litteris
729 3464 854 3555 graecis
876 3464 969 3545 Cato,
990 3462 1076 3535 dum
1091 3466 1222 3541 doctior

142 3583 215 3655 fieri
236 3583 340 3677 cupit.
364 3584 431 3653 Nec
453 3584 603 3655 laborem
626 3586 862 3679 Pythagoras,
887 3607 949 3657 nec
970 3587 1104 3659 Plinius
1132 3610 1222 3661 mer-

142 3718 210 3779 tem
230 3705 356 3793 timuit,
375 3726 439 3774 nec
456 3706 671 3777 Democritus
689 3709 893 3779 caecitatem.
910 3708 1076 3801 Princeps
1094 3712 1222 3807 eloquii

142 3832 259 3903 Cicero
289 3829 398 3900 verba
424 3830 575 3898 facturus
602 3850 795 3901 excusasse
828 3831 952 3902 dicitur
978 3830 1074 3923 quod
1107 3834 1223 3908 triduo

143 3977 209 4027 non
237 3957 389 4050 legisset.
418 3953 650 4051 Philosophiae
676 3964 792 4027 numm
820 3956 980 4048 princeps
1005 3956 1127 4042 Plau),
1155 3980 1223 4029 uno

142 4088 178 4147 et
196 4081 369 4171 octoginta
391 4077 490 4149 annis
509 4078 676 4163 moriens,
700 4078 767 4149 sub
784 4078 895 4171 capite
914 4100 982 4147 non
999 4100 1222 4153 nummorum

144 4204 300 4271 sacculos
319 4202 437 4272 senilis
460 4212 566 4273 testes
585 4200 756 4283 avaritiae,
780 4200 843 4271 sed
864 4200 970 4272 libres
992 4199 1222 4297 philosophici

145 4321 248 4393 studii
270 4336 512 4411 argumentum
537 4323 667 4406 lrabuit,
690 4325 791 4416 quasi
810 4326 843 4393 in
865 4323 999 4395 silentio
1020 4324 1226 4415 loqueretur

144 4455 180 4514 et
194 4442 337 4513 diceret:
356 4441 483 4531 quibus
505 4444 642 4533 ingenio
659 4444 785 4515 vivens
803 4444 941 4517 incubui
960 4445 1103 4536 quando
1124 4444 1226 4517 aliter
