2738 5062
150 664 190 726 60
490 676 530 724 ou
552 676 652 726 nauus
672 674 895 726 alllltllltlults

149 802 239 886 dixi,
265 807 301 871 ot
321 800 454 893 saepius
473 809 528 870 est
548 801 750 885 dicendum,
772 821 930 893 propera.
956 799 1035 872 Scio
1053 811 1155 875 actus
1173 803 1234 877 tibi

149 926 285 1016 placore
310 942 507 1004 oaesareos3
527 943 592 993 uec
613 923 805 994 immerito:
827 923 946 994 Caesar
965 942 1015 994 es.
1034 922 1142 1017 Atqui
1163 928 1234 1021 pri·

148 1065 229 1115 mus
250 1044 368 1135 opifex
393 1044 530 1138 lmperii
557 1053 662 1114 tantae
682 1043 866 1115 celeritatis
890 1045 1003 1115 luisse
1023 1043 1167 1133 dieitur,
1194 1056 1234 1120 ut

147 1165 224 1260 ipse
245 1185 341 1261 saepe
366 1165 539 1238 adventus
562 1166 615 1237 sui
641 1166 786 1239 nuncios
807 1165 1029 1258 praeveniret.
1051 1168 1147 1240 Idem
1168 1172 1229 1273 lac,

147 1298 183 1360 et
199 1311 303 1381 quem
325 1290 431 1360 titulis
449 1289 607 1382 aequasti,
631 1287 737 1360 rebus
757 1308 899 1379 aequare
915 1296 1047 1378 satage.
1064 1288 1140 1361 Noli
1156 1312 1232 1364 am-

146 1410 236 1503 plius
263 1408 515 1481 benemeritam
542 1408 674 1480 ltaliam
706 1408 756 1478 tui
780 1406 953 1480 desiderio
973 1408 1136 1499 latigari;
1161 1412 1232 1485 ooli

146 1533 306 1605 ardorem
325 1543 522 1603 nostrorum
542 1532 678 1602 nunciis
697 1541 732 1601 et
748 1531 987 1623 expectatione
1004 1532 1228 1626 restringere.

146 1655 194 1724 'l'e
209 1676 316 1725 unum
332 1653 523 1746 poscimus;
545 1653 594 1724 tui
616 1652 741 1724 siderei
763 1654 883 1723 vultus
899 1650 1060 1723 intuitum
1074 1656 1230 1747 postula-

146 1797 238 1847 mus.
260 1775 295 1846 Si
315 1773 455 1846 virtutis
479 1775 612 1846 amicus
631 1795 685 1859 ea,
709 1774 739 1844 si
765 1774 885 1866 gloriae
910 1771 1105 1859 studiosus,
1127 1776 1229 1849 cuius

146 1897 210 1993 (sic
229 1917 297 1988 ego
317 1896 477 1968 Carolum
496 1906 654 1966 nostrum
672 1896 836 1985 alloquar,
856 1893 945 1965 sicut
965 1893 1089 1965 lulium
1110 1895 1230 1969 Caesa-

144 2041 219 2090 rem
239 2021 378 2090 Marcus
400 2018 531 2088 Tullius
553 2014 749 2111 alloquitur)
771 2014 1013 2087 avidissimum
1034 2025 1083 2102 te,
1106 2038 1228 2110 quam-

145 2139 201 2209 vis
223 2139 271 2208 sis
293 2139 447 2229 sapiens,
465 2160 534 2209 non
553 2137 707 2229 negabis,
722 2137 801 2223 noli,
820 2136 977 2222 obsecro,
997 2137 1154 2210 laborem
1173 2140 1228 2212 lu·

146 2280 249 2351 gere3
275 2280 356 2329 nam
381 2260 441 2351 qui
461 2259 614 2329 laborem
640 2262 745 2351 sugit,
772 2269 809 2331 et
832 2260 977 2351 gloriam
1002 2270 1038 2331 et
1062 2261 1227 2335 virtutem

144 2379 241 2468 fugit,
265 2380 415 2473 adquae
440 2402 618 2474 nunquam
652 2380 719 2451 nisi
747 2381 858 2454 arduo
882 2389 919 2452 et
942 2379 1117 2455 laborioso
1141 2386 1227 2458 calle

144 2502 363 2595 pertingitur.
385 2504 436 2574 Tu
456 2522 556 2585 vero,
578 2524 682 2595 quem
704 2511 739 2574 et
763 2504 899 2575 honesti
915 2503 1044 2575 laboris
1068 2515 1106 2579 et
1130 2527 1226 2580 verae

144 2623 257 2695 laudis
283 2623 606 2718 appetentissimum
634 2626 779 2710 scimus,
808 2647 914 2718 surge
939 2647 1005 2718 age
1036 2636 1073 2698 et
1100 2649 1226 2722 aequus

143 2766 351 2837 magnorum
384 2747 576 2839 ponderum
610 2747 831 2833 distributor,
867 2748 1029 2839 graviora
1060 2751 1228 2841 quaelibet

143 2868 238 2938 aetati
259 2867 460 2963 praevalidae
480 2878 516 2939 et
532 2867 730 2966 fortioribus
750 2869 906 2940 humeris
927 2869 1076 2962 impone.
1098 2871 1227 2944 Iuven-

143 2999 199 3061 tus
219 2988 330 3062 labori
351 2999 440 3086 apta,
462 2992 532 3065 otio
550 3002 732 3074 senectus3
750 2991 902 3086 prolecto
918 3000 1035 3062 autem
1051 3014 1099 3063 ex
1115 2993 1226 3065 omni·

140 3110 209 3184 bus
241 3114 380 3206 optimis
408 3135 449 3183 ac
479 3111 711 3183 sanctissimis
736 3115 831 3183 euris
858 3111 927 3183 tuis
956 3115 1051 3185 nulla
1083 3115 1225 3205 gravior

141 3256 246 3325 quam
268 3244 307 3302 ut
330 3233 482 3302 italicum
502 3231 633 3316 orbern,
653 3235 836 3326 tranquilla
853 3255 937 3326 paee
956 3256 1157 3327 componas.
1174 3238 1225 3310 Ea

144 3353 280 3423 sarcina
296 3352 401 3422 buius
422 3352 491 3423 aevi
508 3375 570 3444 par
587 3364 655 3439 est,
677 3364 804 3426 caetera
821 3357 952 3427 leviora
968 3378 1073 3447 quam
1092 3368 1132 3429 ut
1150 3370 1224 3431 tuu-

144 3483 214 3543 tum
228 3479 341 3542 ettam
355 3493 564 3563 generosum
578 3475 729 3545 animum
739 3496 909 3568 occupare
920 3485 1060 3569 queant.
1072 3478 1146 3550 Hoc
1159 3479 1224 3571 igi-

142 3604 198 3666 tur
218 3595 369 3688 primum
386 3595 448 3677 sac,
463 3596 594 3688 reliqua
611 3618 713 3669 suum
732 3607 869 3690 tempus
891 3597 1076 3683 invenient,
1099 3622 1222 3693 quam·

141 3739 246 3810 quam
268 3717 468 3810 placataad
489 3721 628 3810 plenum
649 3730 684 3791 et
703 3719 892 3812 composita
914 3719 1025 3805 ltalia,
1047 3720 1135 3792 nihil
1161 3733 1220 3796 aut

141 3841 316 3912 modicum
334 3848 451 3932 putem
478 3841 606 3931 negotii
633 3841 813 3934 supererit.
839 3841 947 3932 Finge
971 3865 1064 3914 urruc
1088 3845 1218 3932 auimo,

140 3967 267 4036 almam
286 3973 319 4035 te
337 3965 504 4036 Romanae
521 3962 617 4035 urbis
634 3965 781 4055 effigiem
800 3962 943 4046 videre3
962 3964 1074 4055 cogita
1093 3979 1221 4041 matro-

139 4109 220 4158 nam
240 4109 318 4159 aevo
339 4108 494 4179 gravem,
515 4108 637 4180 sparsa
654 4084 787 4164 canitie,
807 4085 936 4156 amictu
953 4088 1076 4170 lacero,
1091 4089 1219 4180 pallore

140 4209 337 4295 miserabili,
354 4211 416 4282 sed
429 4211 574 4282 infracto
594 4207 722 4293 auimo,
734 4219 771 4279 et
783 4211 934 4281 excelsae
952 4209 1108 4303 pristioae
1126 4212 1221 4285 haud

140 4333 375 4403 immemorem
395 4331 601 4416 maiestatis
624 4330 672 4401 ita
690 4339 804 4402 tecum
825 4331 934 4424 loqui:
956 4360 971 4395 a
992 4332 1069 4422 Ego
1082 4332 1218 4418 Caesar,

141 4481 158 4517 r
186 4476 233 4525 ne
258 4454 461 4547 despexeris
487 4455 597 4528 iratus
630 4478 699 4542 me,
727 4434 834 4529 multa
859 4455 940 4528 olim
972 4455 1082 4549 potui,
1111 4459 1220 4529 multa
