2738 5062
143 685 183 747 ΞΟ
231 668 235 673 ’
474 700 514 746 nn
536 699 635 749 nnaus
656 700 874 749 rnurnmmnus

144 842 405 914 coniecturalem
426 852 551 913 vocant
569 863 750 914 causarum
765 841 1007 912 constitutione
1018 861 1208 930 versamur,

143 965 177 1032 in
197 962 316 1056 primis
336 950 590 1054 exquirendum
613 986 690 1036 reor
706 964 790 1058 quid
810 985 865 1032 me
882 963 926 1034 ad
943 963 1135 1035 nocendum
1150 966 1210 1037 tibi

143 1086 253 1180 possit
272 1084 462 1178 impellere:
484 1087 623 1180 quodsi
644 1087 727 1156 nihil
743 1106 823 1156 esse
839 1085 1042 1169 constiterit,
1065 1110 1129 1158 nec
1148 1110 1211 1159 no-

143 1209 258 1279 cuisse
275 1230 331 1278 me
359 1217 508 1295 constet,
530 1232 593 1280 neo
622 1230 745 1281 nocere
778 1208 945 1294 voluisse,
976 1232 1040 1281 nee
1071 1213 1211 1285 volendi

143 1348 283 1402 eausam
295 1330 472 1404 habuisse.
486 1333 583 1415 Sane,
598 1329 665 1400 nisi
678 1331 783 1414 fallor,
797 1331 912 1402 omnia
924 1353 1005 1424 quae
1017 1333 1051 1401 in
1064 1333 1211 1405 alienam

142 1453 328 1547 perniciem
349 1455 535 1526 moliuntur
553 1452 709 1523 hemines
729 1454 848 1523 velex
867 1454 945 1525 odio
963 1466 1208 1550 praeconcepto

144 1578 199 1647 vel
216 1598 264 1647 ex
280 1578 455 1671 repentina
480 1577 544 1659 ira,
567 1576 624 1646 vel
645 1597 691 1644 ex
711 1574 854 1660 invidia,
874 1579 990 1648 velex
1004 1600 1079 1672 spe,
1094 1580 1209 1650 velex

142 1708 236 1767 metu
253 1698 367 1789 aliquo
384 1698 582 1791 procedunt.
604 1699 734 1768 Praeter
751 1697 827 1769 haec
844 1698 926 1791 quid
937 1721 1055 1771 causae
1068 1700 1218 1792 reperiri·

141 1820 251 1916 possit
270 1819 316 1890 ad
336 1820 527 1892 nocendum
554 1841 623 1890 non
655 1821 818 1913 intelligo,
853 1821 919 1891 nisi
950 1824 1038 1893 sorte
1069 1835 1210 1895 cruenta

144 1944 305 2037 quaedam
321 1952 356 2015 et
372 1941 558 2014 inhumana
578 1953 682 2035 atque
702 1942 895 2015 miserrima
914 1943 1132 2039 delinquendi
1149 1968 1211 2018 uo·

142 2070 265 2161 luptas,
279 2089 385 2161 quam
400 2066 568 2160 suspicari
586 2066 620 2136 in
633 2066 771 2138 homine
785 2088 879 2138 sanae
892 2068 1018 2139 mentis
1037 2069 1209 2141 iniurium.

143 2190 213 2260 Has
229 2191 380 2283 quinque
397 2209 521 2260 causas
537 2189 567 2260 si
581 2189 663 2260 libet
675 2192 884 2282 attingamus
898 2190 1060 2263 breviter.
1075 2192 1208 2275 Odium,

141 2320 251 2407 pater,
274 2311 445 2384 adversus
469 2322 502 2383 te
523 2311 615 2383 unde
636 2313 719 2382 mihi
740 2336 875 2406 quaeso,
897 2336 959 2386 seu
972 2313 1098 2408 quibus
1119 2335 1211 2384 ara·

141 2435 476 2508 dicibusexortum‘?
495 2435 586 2518 Quid
615 2445 652 2505 tu
681 2435 764 2504 mihi
797 2436 939 2526 dignum
974 2435 1053 2506 odio
1078 2437 1210 2507 iecisti?

141 2560 270 2652 Nempe
290 2557 387 2651 prius
405 2560 511 2629 multo
532 2581 635 2651 quam
657 2556 805 2650 primum
827 2568 904 2648 post
925 2568 957 2626 te
974 2560 1086 2626 locum
1100 2557 1134 2626 in
1153 2578 1210 2627 ec-

141 2681 246 2753 clesia
263 2690 425 2766 tenerem,
445 2683 566 2752 ultimo
586 2684 700 2752 iorsan
721 2679 893 2770 indignus
909 2688 947 2749 tu
959 2702 1014 2750 me
1027 2701 1094 2749 non
1107 2680 1210 2750 modo

141 2807 233 2877 nulla
249 2805 394 2889 offensa,
413 2826 493 2897 quae
513 2803 582 2874 odii
603 2814 714 2874 mater
734 2813 802 2886 est,
839 2802 901 2873 sed
933 2805 1040 2874 multo
1072 2824 1210 2896 semper

141 2929 272 3002 honore
292 2939 508 3023 prosecutus
528 2927 645 3000 multis
664 2949 757 3023 saepe
775 2926 961 2998 maioribus
986 2937 1020 2998 et
1040 2927 1074 2996 in
1092 2927 1210 2998 altiore

142 3053 316 3146 dignitatis
334 3052 444 3144 gradu
465 3053 585 3145 positis
604 3051 792 3144 praetulisti.
814 3050 908 3119 Hane
925 3047 1030 3138 igitur
1046 3049 1114 3119 edii
1127 3070 1209 3122 cau-

143 3197 216 3248 sam
230 3176 349 3248 afferre
362 3175 553 3246 ridiculum.
571 3174 675 3265 Atqui
692 3174 772 3255 alia,
787 3195 891 3264 quam
909 3193 975 3262 ego
992 3170 1132 3264 quidem
1148 3193 1209 3241 no-

142 3298 260 3381 verim,
275 3297 367 3366 nulla
379 3304 442 3366 est.
456 3297 543 3366 Nam
562 3295 606 3365 de
619 3295 668 3364 ira
682 3293 766 3385 quid
778 3293 898 3362 attinet
910 3293 1012 3385 loqui,
1027 3314 1104 3362 eum
1118 3291 1208 3363 etde

141 3419 220 3490 odio
237 3419 365 3490 dietum
392 3418 444 3504 sit,
473 3418 565 3512 quod
585 3417 752 3489 occultius
772 3425 826 3486 est
848 3418 983 3499 malum,
1009 3424 1044 3485 et
1063 3437 1209 3486 conver-

142 3541 229 3614 satio
249 3542 367 3627 rarior,
382 3551 508 3635 etpost
528 3545 669 3633 longum
690 3539 760 3610 laeti
782 3561 916 3631 semper
933 3538 1115 3630 serenique
1127 3560 1209 3608 eon-

141 3685 286 3757 gressus
310 3666 441 3734 nullum
472 3666 534 3735 irae
558 3667 671 3735 locum
703 3661 867 3731 feeerint‘?
896 3662 944 3730 De
969 3658 1099 3730 invidia
1125 3659 1210 3753 quid

141 3787 260 3870 dicam,
275 3785 342 3856 nisi
355 3786 448 3878 qued
466 3785 689 3858 fidentissime
703 3783 956 3877 verissimeque
970 3806 1111 3875 possum
1124 3784 1207 3854 nulli

142 3932 197 3980 me
216 3932 368 4003 unquam
399 3910 574 3979 hominum
601 3908 793 3979 invidisse?
823 3908 932 3997 AEque
966 3907 1095 3977 utinam
1128 3928 1208 3976 con-

142 4033 319 4127 temptoris
339 4042 378 4102 ut
399 4031 504 4102 invidi
531 4031 669 4102 infamia
697 4030 940 4100 liberassem!
973 4029 1073 4113 Quod
1106 4028 1135 4096 si
1164 4025 1209 4096 de

141 4156 239 4226 annis
260 4154 481 4227 calidioribus
499 4177 620 4225 verum
641 4164 708 4238 est,
729 4153 786 4226 ubi
808 4152 1074 4224 innumerabiles
1100 4171 1207 4219 aemu-

142 4278 304 4350 lationum
325 4297 442 4349 causae
459 4288 652 4368 emergunt,
675 4276 859 4370 quidnunc
871 4288 971 4369 putas
986 4273 1132 4365 quando,
1148 4293 1207 4342 su-

140 4402 268 4497 peratis
294 4399 453 4496 procellis
477 4399 677 4470 iuvenilium
704 4401 924 4491 passionum,
951 4417 1072 4491 prope,
1100 4405 1138 4466 ut
1162 4394 1209 4465 ait

140 4524 300 4608 comicus,
323 4524 358 4594 in
379 4533 513 4618 portum
542 4524 692 4613 navigesl
717 4524 843 4594 lterum
868 4521 961 4603 dice,
980 4528 1015 4590 et
1040 4521 1149 4591 Deum
1176 4528 1210 4589 et
