2738 5062
347 653 439 703 eluse
460 655 957 705 uectuusrsurlus.-urtsronn
982 657 1012 704 x.
1159 641 1217 706 259

142 796 278 869 diorum
291 792 463 876 identitas,
478 795 671 867 recordatio
684 795 884 867 meritorum
897 795 1216 868 etefficacissimum

142 916 345 1010 copulandis
362 917 521 988 amicitiis
539 918 729 1002 vinculum,
749 920 942 990 eommunis
964 920 1104 990 utilitas.
1123 919 1217 989 ldonr

140 1039 283 1132 expedit
310 1038 497 1111 ambobus:
518 1062 625 1112 unum
651 1040 762 1112 colitis
787 1063 920 1133 regem,
947 1063 1049 1112 unam
1073 1040 1219 1133 patriam

141 1162 301 1244 incolitis,
324 1162 447 1234 eodem
469 1162 608 1236 tenditis
638 1163 775 1249 animis,
804 1165 895 1236 idem
924 1163 1049 1236 vultis:
1075 1163 1218 1259 praemia

141 1282 345 1366 virtutibus,
366 1284 555 1356 sceleribus
575 1285 701 1356 adesse
722 1287 898 1380 supplicia,
921 1285 1033 1358 honos
1053 1285 1089 1356 in
1109 1284 1220 1378 pretio

142 1405 278 1492 haberi,
301 1406 491 1501 pessimum
511 1430 686 1502 quemque
714 1409 852 1492 calcari,
884 1408 1007 1482 ssurere
1040 1409 1216 1494 iustitiam,

143 1529 309 1603 honorem
326 1552 407 1601 esse
428 1530 514 1603 viris
534 1531 695 1615 sortibus,
717 1534 860 1604 exulare
880 1535 989 1605 malos
1007 1553 1137 1617 moreS,
1156 1533 1229 1612 ho*

141 1662 262 1724 nestos
283 1663 397 1724 autem
419 1652 454 1723 in
470 1661 626 1725 vestram
647 1653 768 1726 urbem
792 1654 1001 1747 ubicumque
1027 1656 1217 1727 transferri.

142 1776 229 1860 Quae
250 1796 329 1847 cum
347 1775 395 1847 ita
415 1775 486 1847 sint
504 1798 665 1869 quaenam
685 1778 772 1848 levis
790 1777 934 1861 offensa,
958 1799 1021 1848 seu
1038 1777 1153 1871 potius
1170 1777 1220 1848 ol-

142 1898 251 1970 iensae
272 1898 436 1992 suspicio,
455 1909 577 1991 potens
596 1900 662 1972 erit
679 1912 748 1970 tam
767 1901 910 1972 solidam
928 1911 964 1971 et
981 1911 1051 1972 tarn
1065 1909 1220 1972 sanctam

142 2029 339 2092 vestrarum
361 2021 527 2093 mentium
562 2022 769 2093 labefactare
801 2023 1021 2116 congeriem?
1040 2023 1089 2094 lte
1115 2021 1221 2115 igitur

143 2144 275 2215 alacres
301 2165 371 2236 quo
400 2167 465 2217 vos
493 2143 618 2216 nobilis
639 2143 743 2215 ardor
770 2154 887 2230 vocat,
911 2146 1095 2240 sequimini
1116 2145 1222 2218 bene·

143 2266 292 2339 suadum
318 2267 495 2360 impetum,
517 2269 621 2339 nolite
643 2266 742 2338 bonis
765 2267 916 2340 motibus
941 2269 1136 2353 adversari,
1159 2292 1221 2341 no-

143 2388 209 2471 lite,
224 2386 319 2479 quod
331 2387 378 2458 ait
391 2387 587 2481 Apostolus,
603 2387 760 2483 spiritum
775 2389 990 2482 extinguere.
1004 2390 1139 2462 Ametis
1156 2411 1221 2462 vos

143 2509 292 2581 invicem
325 2532 471 2581 necesse
499 2519 568 2581 est:
599 2511 834 2605 nequidquam
867 2511 1112 2584 obluctamini:
1145 2513 1222 2604 ipsa

144 2655 208 2705 vos
226 2633 357 2704 amicos
377 2633 481 2705 efficit
496 2633 554 2705 vis
572 2644 715 2705 naturae.
735 2634 853 2705 Virtus
870 2633 974 2704 etiam
992 2634 1026 2702 in
1043 2634 1144 2704 hoste
1160 2633 1222 2704 do-

144 2758 257 2840 lectat,
279 2767 384 2849 atque
403 2756 507 2827 allicit
526 2767 562 2828 et
582 2756 648 2827 sibi
666 2757 777 2847 placet
797 2754 1006 2849 ubicumque
1025 2765 1232 2855 conspectu,¹

144 2900 254 2973 seque
274 2880 383 2973 ipsam
402 2901 470 2950 non
491 2901 608 2951 amare
633 2899 702 2948 uon
722 2887 845 2968 potest.
864 2878 1098 2949 Amicitiarum
1120 2878 1222 2950 radix

144 3013 200 3076 est
228 3001 415 3074 similitudo
447 3024 599 3073 morum:
628 3007 795 3071 caeterum
826 2999 913 3071 inter
932 3000 1042 3070 malos
1063 2999 1222 3071 instabile

144 3124 404 3198 fundamentum
428 3136 528 3198 nacta
545 3124 758 3196 familiaritas
776 3124 843 3195 aevi
863 3121 981 3194 brevis
1001 3132 1071 3194 est:
1098 3123 1222 3214 ingens

144 3257 260 3322 autem
280 3247 380 3319 bonis
400 3257 435 3319 et
451 3257 584 3319 aeterna
602 3247 762 3339 cognatio
782 3255 847 3318 est.
874 3245 965 3330 Quid
989 3248 1094 3319 refert
1116 3266 1223 3340 quor-

145 3394 224 3445 sum
250 3382 372 3466 pergat
396 3370 600 3462 indignatio,
623 3382 790 3463 quantum
824 3371 876 3441 ira
906 3370 1076 3443 dissiliat?
1105 3371 1222 3441 Mores

146 3496 365 3577 conveniunt,
393 3494 506 3565 virtus
534 3494 656 3578 haeret,
692 3505 727 3567 et
756 3496 892 3566 haerere
924 3494 1059 3567 animos
1083 3503 1222 3566 nostros

146 3620 254 3702 inbet3
272 3619 318 3689 nil
339 3618 467 3689 virtute
486 3617 664 3711 rapacius,
682 3617 728 3688 nil
748 3618 916 3690 tenacius:
936 3639 1043 3690 uncos
1065 3615 1224 3687 habetet

146 3752 306 3826 catenas,
327 3751 363 3813 et
383 3761 571 3825 carcerem,
594 3750 629 3812 et
648 3742 769 3814 hamos
791 3741 1010 3835 praedulciter
1035 3739 1220 3811 inescatos.

145 3865 338 3958 Voluptatis
358 3864 519 3957 equidem
538 3863 683 3936 blandus
700 3876 755 3935 est
771 3875 908 3956 gustus,
927 3886 1046 3935 amara
1064 3861 1221 3934 satietas:

116 3988 120 3993 ’
146 3989 285 4061 virtutis
306 4010 408 4084 sapor
432 3988 467 4058 in
494 3986 560 4059 fine
585 3987 818 4059 dulcissimus.
840 3988 956 4057 Talem
983 4007 1100 4057 escam
1124 3983 1223 4055 adhi-

146 4111 230 4184 bere
251 4116 417 4195 solemus,
439 4113 576 4203 qualem
602 4109 679 4179 avis
705 4118 766 4177 aut
790 4110 890 4191 serm,
912 4128 1017 4198 quam
1038 4106 1223 4197 illaqueare

145 4235 383 4319 decrevimus,
404 4235 590 4327 appctitum
620 4231 759 4302 seimus.
780 4230 950 4321 Voluptas
975 4228 1085 4319 vulgi,
1109 4227 1222 4297 virtus

146 4369 200 4430 est
224 4379 313 4429 esca.
338 4378 535 4450 paucorum.
565 4355 637 4424 Vos
666 4351 750 4423 estis
782 4374 828 4423 ex
855 4352 989 4444 paucis;
1016 4349 1108 4444 quod
1138 4348 1222 4420 estis

147 4480 330 4563 ostendite
345 4503 414 4551 non
429 4476 528 4550 vobis
546 4475 791 4548 oblectationes
810 4488 869 4545 ant
886 4474 1066 4545 commoda
1087 4474 1221 4564 (quam-
