2738 5062
342 668 433 716 crona
455 667 972 721 ssrrruusueotnus.-erlsrotn
994 674 1036 723 ur.
1169 664 1228 725 435

151 803 227 874 buit
242 814 278 871 et
298 821 400 872 suurn
422 804 527 874 iatum
545 804 600 875 illa
620 806 738 877 mundi
760 829 840 901 pars
863 810 1049 903 multisque
1069 810 1224 884 laborum

150 925 319 1017 gradibus
339 924 493 996 ascendit
513 935 551 997 ut
571 938 697 998 rueret.
721 927 847 1011 Quaere
873 930 1136 1024 Carthaginem:
1158 956 1225 1007 uon

150 1050 312 1119 invenies
330 1046 385 1119 vel
407 1049 552 1119 ruinam.
571 1049 635 1121 Ubi
651 1059 742 1133 sunt,
755 1050 864 1144 inquit
883 1049 1048 1137 Valerius
1065 1055 1227 1149 superbae

149 1170 368 1263 Carthaginis
381 1175 450 1242 alta
466 1172 606 1254 rnoenia,
622 1172 679 1243 ubi
695 1173 865 1244 maritima
879 1176 987 1265 gioria
1006 1177 1125 1271 inclyti
1145 1199 1226 1270 por-

151 1307 221 1376 tus,
246 1292 304 1363 ubi
326 1293 461 1363 cunctis
479 1292 635 1365 litoribus
654 1293 818 1366 terribilis
831 1297 970 1380 classis,
994 1297 1052 1368 ubi
1067 1308 1227 1369 totexer-

150 1418 255 1500 citus,
275 1415 333 1486 ubi
357 1427 472 1486 tantus
494 1416 686 1507 equitatus,
706 1416 763 1486 ubi
782 1418 951 1488 immenso
969 1417 1095 1490 Africae
1115 1418 1227 1513 spatio

150 1561 218 1611 non
243 1538 393 1610 contenti
422 1537 588 1630 spiritus?
613 1540 729 1610 omnia
755 1539 820 1610 ista
845 1538 984 1611 duobus
1009 1540 1226 1633 Scipionibus

148 1664 285 1733 fortuna
308 1660 432 1752 partita
453 1669 518 1730 est.
541 1659 610 1731 Sed
629 1682 691 1732 oro
715 1670 762 1744 te,
783 1660 920 1744 Valeri,
944 1661 1001 1731 ubi
1025 1673 1105 1732 sunt
1124 1661 1224 1731 iidem

148 1786 194 1855 iili
212 1806 300 1877 quos
319 1804 492 1854 memoras
507 1781 730 1873 Carthaginis
743 1782 958 1855 domitores?
973 1781 1225 1876 Respondebis:

148 1907 305 1979 homines
323 1908 476 1984 suerunt,
493 1926 588 1976 mors
606 1904 681 1976 iure
700 1927 764 1977 suo
782 1926 846 1978 usa
863 1916 928 1976 est.
943 1906 1012 1977 Sed
1027 1905 1084 1977 ubi
1102 1925 1237 1999 quaeso,

148 2051 327 2102 romanum
355 2039 411 2100 est
436 2027 619 2122 imperium
640 2027 794 2098 omniurn
814 2027 969 2100 ultimum
988 2039 1094 2123 atque
1113 2030 1227 2101 sortis·

149 2152 299 2223 simum?
313 2150 414 2234 Quod
431 2150 639 2244 perferrem
653 2149 737 2232 aevi,
757 2152 932 2222 metallum
951 2170 1054 2221 omne
1066 2170 1225 2221 succum·

147 2274 198 2345 bit
210 2272 301 2343 visio
319 2273 376 2344 illa
393 2271 499 2363 regiis
517 2270 654 2367 Assyrii
668 2272 878 2363 designavit.
894 2273 995 2345 Certe
1008 2272 1122 2366 ipsum
1138 2291 1227 2364 quo

147 2418 215 2486 que
236 2416 322 2466 auro
340 2405 376 2466 et
395 2404 540 2486 argento
562 2403 667 2487 atque
688 2415 760 2466 aere
781 2395 968 2488 praerigida
988 2394 1063 2467 acie
1083 2393 1225 2466 cornmi-

145 2522 253 2598 nutis‚
284 2515 543 2608 impermistum
575 2527 690 2596 testae.
713 2516 808 2610 quod
836 2538 918 2609 pars
941 2516 1086 2588 visionis
1105 2513 1225 2585 novis-

145 2641 233 2711 sima
256 2636 498 2732 portendebat,
524 2660 594 2710 noo
618 2639 663 2711 ab
684 2638 751 2710 alio
776 2642 1012 2720 confractum,
1040 2636 1104 2707 scd
1130 2634 1224 2726 quod

143 2761 322 2856 proprium
343 2759 421 2831 ferri
437 2759 509 2841 suit,
528 2760 731 2852 rubiginosa
743 2760 958 2832 consumitur
976 2766 1166 2829 senectute.
1181 2755 1225 2827 Ut

145 2905 229 2953 vero
254 2882 321 2952 iam
347 2904 426 2955 com
455 2881 576 2953 ultimo
601 2883 824 2974 Maximoque
845 2880 1061 2960 concludam,
1096 2899 1221 2971 magua

146 2986 250 3076 tantis
261 3004 432 3098 exemplis
450 3004 542 3075 inest
553 3004 752 3077 consolatio.
771 3002 846 3074 Non
864 3002 1025 3096 praeripio
1037 3001 1096 3073 tibi
1111 3023 1220 3096 spem,

145 3127 207 3198 sed
225 3124 417 3198 cautionem
436 3125 640 3218 permisceo.
654 3126 816 3198 Fortunae
833 3123 1020 3196 blanditias
1038 3123 1220 3218 minasque

142 3248 361 3332 contemnito,
376 3260 492 3322 etnon
511 3259 643 3321 tantum
660 3249 762 3321 adea
783 3269 864 3341 quae
883 3250 950 3321 iam
969 3269 1037 3319 non
1055 3245 1220 3330 evenisse

143 3383 384 3466 nonpossunt‚
408 3373 472 3444 scd
492 3373 536 3446 ad
556 3373 672 3445 omnia
691 3392 773 3464 quae
796 3371 939 3444 evenire
961 3379 1121 3464 possunt,
1145 3380 1220 3440 tan·

142 3517 246 3587 quam
267 3487 415 3589 prorsus
434 3506 604 3569 eventura
626 3493 704 3576 siut,
726 3494 920 3584 accingere.
942 3492 1021 3565 Acri
1041 3501 1078 3563 et
1097 3491 1220 3586 impla·

142 3617 241 3688 cabili
266 3641 344 3689 curn
371 3618 473 3689 hoste
498 3618 626 3690 bellum
652 3615 822 3709 gerimus,
846 3636 965 3707 pacem
991 3635 1132 3708 sperare
1149 3632 1219 3682 nou

141 3761 340 3832 possumus
355 3741 534 3813 victoriam
554 3760 752 3835 possumus,
772 3737 839 3809 uisi
852 3738 1018 3820 cedimus¹
1038 3736 1104 3807 nisi
1121 3735 1217 3805 salsis

140 3861 361 3954 opinionibus
389 3864 499 3935 iocum
528 3861 670 3934 damus.
698 3862 846 3932 Stultum
874 3869 929 3929 est
959 3869 1126 3930 aeternum
1164 3855 1218 3926 bic

140 3980 268 4072 aliquid
283 3980 349 4051 sibi
366 3982 539 4053 bominem
559 4000 708 4072 sperare,
724 4002 803 4049 curn
823 3978 1005 4049 videamus
1021 3998 1128 4067 regna
1142 3977 1215 4071 ipsa

141 4103 306 4173 mortalia.
329 4103 421 4174 Vale.
