2738 5062
320 682 412 731 trusa
432 682 732 732 seanrlrusuncllltls.
744 701 784 714 ··
795 683 948 732 episcopa
972 687 1000 732 Χ.
1166 671 1225 731 455

142 823 208 901 sio,
249 819 400 910 vimque
437 817 562 910 prioris
599 816 818 889 solicitudine
851 815 1018 889 liberatus
1047 827 1112 890 est.
1148 818 1224 902 Quo

140 945 231 1014 facto
252 940 368 1012 statim
389 938 522 1043 amicus
547 938 605 1009 ille
625 938 753 1010 Christi
778 941 944 1032 antiquus
958 951 1006 1011 et
1030 940 1085 1012 hic
1109 961 1224 1013 novus

140 1080 268 1152 magno
293 1064 482 1151 sanctoque
508 1057 636 1150 gaudio
655 1060 870 1143 exultantes,
896 1081 1038 1132 carmen
1064 1060 1150 1132 illud
1173 1062 1225 1131 fa·

141 1181 378 1256 mosissimum
399 1179 511 1252 laudis
530 1188 566 1251 et
585 1181 814 1257 confessionis
836 1191 967 1253 mutuae
988 1183 1117 1274 pariter
1135 1183 1225 1255 ceci·

142 1316 268 1379 nerunt
287 1306 372 1387 Deo,
393 1303 487 1396 quod
509 1325 592 1376 mox
613 1307 682 1376 late
703 1327 764 1398 par
783 1326 908 1377 omnes
927 1306 1095 1404 ccclesias
1111 1305 1227 1378 divul-

141 1438 262 1521 gatum
282 1426 362 1497 hinc
380 1424 565 1498 exordium
591 1428 788 1520 sumpsisse
813 1438 1030 1520 compertum
1056 1439 1121 1500 est.
1154 1428 1224 1500 lam

142 1571 236 1634 vero,
255 1548 285 1621 si
302 1549 394 1633 libet
411 1549 488 1643 ipsa
503 1546 550 1619 de
567 1550 796 1642 se·loquentis
815 1549 1003 1642 Augustini
1020 1548 1129 1622 verba
1146 1571 1225 1644 per·

142 1692 295 1754 curram3
315 1670 379 1741 vix
400 1671 492 1742 enim
512 1670 677 1764 possibile
695 1670 846 1743 dixerim
868 1681 999 1745 motam
1021 1671 1099 1743 talis
1119 1670 1225 1741 animi

143 1794 327 1886 procellam
344 1791 517 1864 efficacius
534 1791 612 1863 aliis
630 1793 750 1866 verbis
767 1795 975 1887 exprimere.
997 1824 1013 1862 ι
1031 1796 1154 1878 Multa,
1173 1794 1226 1864 in-

147 1941 163 1979 s
189 1905 291 2009 quit,¹
313 1915 483 1987 faciebam
502 1936 648 2007 corpore
667 1916 702 1986 in
723 1914 809 2010 ipsis
829 1917 1058 1990 cunctationis
1078 1916 1226 1989 aestibus

148 2069 163 2102 n
192 2059 273 2130 qnae
293 2035 482 2131 aliquando
502 2038 624 2109 volunt
638 2037 803 2110 homines
824 2049 861 2110 et
877 2061 946 2111 uon
968 2042 1097 2123 valent,
1116 2039 1146 2111 si
1165 2049 1228 2112 aul

149 2191 165 2224 o
191 2162 268 2254 ipsa
288 2159 445 2233 membra
465 2181 535 2232 non
554 2160 718 2245 habeant,
741 2173 803 2233 aut
825 2183 868 2233 ea
891 2164 947 2233 vel
969 2162 1129 2253 colligata
1149 2160 1227 2233 vin·

148 2309 163 2343 o
192 2281 281 2353 culis
297 2283 355 2353 vel
371 2285 524 2355 resoluta
541 2284 709 2373 languore
725 2284 783 2354 vel
799 2283 1046 2377 quoquomodo
1062 2283 1227 2378 impedita

150 2431 166 2465 s
194 2401 273 2473 sint.
294 2401 331 2473 Si
350 2404 443 2476 vulsi
463 2403 640 2497 capillum,
663 2404 693 2475 si
721 2405 879 2497 percussi
904 2406 1066 2492 frontem,
1089 2408 1119 2478 si
1143 2427 1227 2479 con·

150 2552 165 2586 1>
186 2525 297 2597 sertis
316 2525 436 2617 digitis
457 2529 676 2619 amplexatus
692 2500 775 2599 'sum
798 2549 906 2620 genu,
928 2530 1010 2621 quia
1034 2529 1129 2600 volni
1148 2529 1224 2599 feci.

149 2675 166 2712 s
191 2648 291 2720 Polui
309 2657 428 2723 aulem
447 2650 540 2719 velle
558 2659 595 2719 ct
613 2671 682 2722 non
708 2651 834 2734 facere,
861 2651 892 2719 si
918 2649 1090 2721 mobilitas
1116 2657 1226 2721 mem-

149 2800 165 2834 »
192 2769 335 2844 brorum
356 2793 426 2844 non
447 2771 711 2864 obsequeretur.
732 2773 816 2843 Tam
837 2772 944 2842 mulla
964 2792 1050 2862 ergo
1066 2771 1145 2854 feci,
1165 2770 1224 2842 ubi

149 2924 165 2959 n
192 2915 262 2966 non
279 2895 347 2967 hoc
361 2905 438 2969 eral
453 2895 544 2967 velle
556 2894 651 2986 quod
663 2915 784 2988 posse:
797 2902 834 2963 el
849 2915 919 2964 non
934 2893 1111 2977 faciebam,
1130 2894 1224 2987 quod

150 3046 165 3081 ι
192 3026 229 3090 el
258 3017 520 3114 incomparabili
553 3016 678 3095 affectu
710 3015 859 3109 amplius
885 3015 969 3086 mibi
994 3016 1163 3109 placebat,
1188 3029 1225 3090 el

149 3168 179 3202 »-
193 3161 279 3212 mcx
298 3149 337 3213 ul
355 3141 482 3212 vellem
504 3159 660 3233 possem,
683 3137 765 3231 quia
785 3159 870 3211 mcx
896 3147 935 3210 ut
959 3139 1085 3209 vellem
1105 3139 1225 3232 utique

147 3290 164 3325 n
191 3264 328 3334 vellem.
349 3262 398 3334 lbi
417 3261 512 3333 enim
532 3262 677 3333 facultas
697 3281 740 3331 ea
760 3281 841 3354 quae
863 3263 1036 3344 voluntas,
1054 3268 1092 3330 et
1106 3259 1222 3353 ipsum

148 3412 161 3444 n
190 3384 282 3455 velle
297 3383 365 3455 iam
383 3385 495 3455 facere
508 3391 593 3468 erat,
607 3393 644 3454 el
660 3393 777 3454 tamen
794 3403 863 3453 non
881 3380 1002 3453 fiebat:
1020 3380 1224 3475 faciliusque

147 3531 161 3567 r
188 3503 451 3598 obtemperabat
485 3526 611 3598 corpus
646 3503 860 3575 tenuissimae
887 3502 1056 3576 voluntati
1079 3502 1220 3583 anime,

146 3652 163 3687 r
190 3637 230 3698 nt
259 3626 307 3699 ad
337 3635 461 3699 nulum
482 3626 640 3698 membra
661 3639 903 3714 moverentur,
924 3648 1030 3720 quam
1055 3626 1132 3720 ipsa
1156 3623 1221 3695 sibi

146 3775 162 3811 n
189 3748 305 3820 anima
331 3751 377 3822 ad
397 3750 609 3841 voluptatem
636 3771 734 3822 suam
760 3737 924 3842 magnam
944 3750 980 3819 in
1005 3751 1078 3819 sola
1098 3747 1222 3818 volun·

145 3898 160 3932 a
191 3882 259 3942 lale
291 3870 546 3967 perficiendam.
587 3871 685 3944 Unde
717 3873 783 3944 hoc
821 3882 1015 3943 monstrum
1045 3879 1081 3939 el
1111 3887 1220 3959 quare

146 4020 161 4054 a
189 3992 307 4066 islod‘l
325 3996 456 4068 Luceat
474 3994 713 4065 misericordia
731 4003 788 4063 tua
805 4002 841 4063 et
856 3992 1067 4082 interrogem
1085 3991 1115 4061 si
1133 3992 1219 4061 forle
1292 4040 1304 4063 .

145 4142 160 4178 n
188 4115 272 4186 mibi
291 4117 506 4211 respondere
522 4115 659 4210 possint
678 4112 822 4185 lalebrae
840 4134 1022 4206 poenarum
1040 4111 1218 4184 bominum

146 4266 161 4300 a
188 4250 224 4311 el
247 4239 542 4312 tenebrosissimae
561 4236 785 4312 contritiones
806 4232 954 4305 filiorum
976 4235 1098 4306 Adam.
1120 4234 1218 4307 Unde

145 4387 161 4420 n
190 4360 257 4433 hoc
269 4371 461 4434 monstrum
471 4370 623 4453 etquare
637 4357 753 4449 istud?
763 4358 913 4450 Imperat
923 4358 1060 4430 animus
1072 4356 1215 4451 corpori,

220 4518 228 4548 ⁴
244 4524 348 4583 burgast.
364 4520 484 4580 Consors„
500 4519 543 4572 llb.
557 4516 619 4573 Vlll.
633 4531 654 4567 c.
668 4520 690 4566 ll.
