2738 5062
270 736 360 783 tinen
383 736 674 792 ouanrusnscruus
688 737 889 786 -urrsrotn
912 740 952 787 rr.
1090 727 1145 788 tot

68 873 133 957 ira,
156 869 287 954 scribo,
310 882 348 941 ut
371 869 432 962 qui
457 872 560 942 famae
585 893 673 943 meae
698 854 925 966 patrocinium
948 877 1147 970 suscepisti,

65 973 241 1068 adversus
262 992 340 1075 has,
364 992 393 1063 si
414 993 502 1064 sorte
521 1014 648 1064 canum
670 1015 795 1066 nomen
813 994 967 1078 offendit,
988 997 1082 1088 picas
1100 999 1173 1068 io·-

65 1115 298 1210 quacissimes
319 1116 476 1206 argutior
492 1113 572 1198 fias,
593 1115 779 1188 identidem
797 1118 988 1191 admonens
1009 1128 1048 1188 ut
1067 1141 1151 1191 ocu·
1262 1122 1266 1129 ’

67 1240 119 1309 los
139 1236 184 1308 ad
209 1257 290 1307 sese
317 1248 453 1308 vertere
480 1237 657 1332 incipiant,
686 1261 753 1311 neu
770 1240 960 1332 nigrantes
984 1243 1080 1312 corvi
1106 1243 1151 1315 de

67 1381 257 1455 cycnorum
283 1358 427 1432 maculis
448 1360 635 1453 disputent.
657 1363 744 1433 Tum
764 1363 906 1435 demum
928 1363 1072 1457 pudebit
1090 1385 1151 1435 eo-

68 1504 145 1553 rum
171 1502 287 1551 mores
308 1504 452 1576 carpere
475 1477 623 1574 quorum
656 1483 720 1555 vix
753 1485 873 1556 faciem
906 1498 1049 1557 norunt:
1077 1497 1149 1556 tum

69 1603 229 1675 desinent
263 1602 307 1673 de
344 1602 465 1674 alienis
498 1604 605 1675 rebus
639 1604 800 1689 tabulari,
833 1606 915 1678 dum
946 1607 1040 1679 domi
1074 1628 1149 1679 suae

68 1724 207 1796 abunde
228 1725 422 1820 repererint
446 1725 540 1816 quod
564 1728 762 1820 loquantur,
784 1737 820 1797 et
840 1731 989 1822 amplam
1011 1730 1150 1801 catami-

70 1856 177 1920 tatum
210 1869 252 1919 ac
284 1848 443 1920 doiorum
471 1869 613 1920 suorum
640 1849 819 1920 materiam
848 1850 1059 1942 cogitabunt.
1088 1850 1148 1933 At,

69 1990 113 2039 ne
133 1969 216 2062 quid
236 1967 339 2041 hodie
359 1969 403 2041 de
424 1968 601 2065 conceptis
627 1970 764 2055 sileam,
784 1970 830 2043 ilti
851 1971 935 2042 mihi
961 1973 1006 2043 ad
1026 1994 1149 2044 verum

70 2091 212 2187 propius
231 2091 392 2164 videntur
413 2093 594 2176 accedere,
616 2092 676 2184 qui
697 2093 798 2165 aliam
822 2093 952 2191 reditus
978 2094 1046 2165 mei
1069 2117 1151 2166 cau-

70 2235 143 2287 sam
178 2213 449 2306 indignationem
485 2216 608 2285 ierunt.
636 2215 722 2286 Nam
746 2225 781 2286 et
806 2216 882 2287 haec
906 2236 1046 2310 quoque
1071 2238 1151 2288 sen-

69 2335 177 2410 tentia
196 2336 232 2406 in
251 2335 372 2407 litteris
399 2335 469 2407 tuis
495 2348 579 2408 erat.
606 2335 648 2406 Hi
673 2356 743 2408 nou
769 2358 918 2431 usquam
943 2337 1031 2412 adeo
1056 2338 1151 2410 inse-

69 2458 189 2528 niunt:
211 2457 245 2525 in
269 2456 420 2527 animum
447 2456 587 2549 quidem
615 2477 731 2528 meum
756 2455 920 2530 videntur
944 2458 1150 2551 profundius

69 2580 281 2672 inspexisse,
305 2580 407 2652 modo
429 2579 541 2651 sciant
559 2579 643 2674 quid
663 2589 719 2651 est
738 2580 940 2671 indignatio.
962 2579 1063 2651 Libet
1086 2580 1152 2670 igi-

70 2710 127 2773 tur
145 2700 311 2773 diffinire:
333 2701 369 2770 id
388 2700 483 2792 quod
503 2722 607 2792 quam
634 2711 726 2772 recte
747 2703 885 2784 faciam,
910 2711 1006 2771 tuum
1032 2702 1078 2770 sit
1098 2700 1150 2770 iu-

69 2823 207 2896 dicium.
234 2825 300 2895 Est
323 2823 477 2917 quidem,
500 2823 568 2895 nisi
592 2824 704 2908 fallor,
732 2823 922 2915 indignatio
947 2822 1031 2892 nihit
1057 2821 1150 2893 atiud

68 2967 172 3040 quam
207 2967 392 3038 generosae
425 2944 550 3018 mentis
580 2943 726 3016 affectus
753 2945 937 3016 excitatior
959 2965 1007 3014 ex
1033 2964 1150 3015 rerum

68 3067 298 3140 humanarum
325 3067 530 3159 indignitate
556 3067 776 3162 proveniens.
812 3068 909 3136 Hunc
942 3065 1102 3137 affectum
1130 3086 1151 3136 a

70 3210 125 3262 me
146 3211 226 3262 raro
245 3192 301 3263 vet
319 3211 496 3282 uunquam
515 3187 641 3260 abesse
657 3187 837 3274 confiteor,
857 3197 961 3280 atque
979 3187 1026 3258 ibi
1045 3186 1152 3257 vehe-

70 3313 272 3383 mentiorem
293 3333 375 3383 esse
396 3311 455 3383 ubi
479 3312 637 3382 meteriae
661 3312 741 3407 plns
764 3308 925 3383 occurrit.
952 3310 1022 3381 Sed
1046 3308 1151 3395 nimis

69 3435 177 3505 multe
196 3433 241 3506 dc
263 3455 301 3504 re
321 3456 445 3528 parve,
464 3435 570 3505 immo
587 3434 741 3517 minima,
760 3433 867 3504 immo
885 3435 988 3503 nulla.
1009 3433 1153 3503 Latrent

70 3556 227 3642 utlibet,
259 3565 294 3628 et
325 3558 507 3629 sufflantes
533 3557 566 3628 in
595 3567 737 3640 terram,
765 3557 944 3649 pulverem
970 3556 1005 3625 in
1030 3556 1151 3626 oculos

72 3701 155 3752 snos
174 3679 338 3752 excitent.
359 3680 431 3750 Nos
451 3679 529 3752 ittos
549 3681 605 3752 vet
623 3678 776 3750 ridentes
792 3679 936 3752 meritos
955 3681 1012 3750 vet
1030 3677 1152 3748 imme-

70 3803 158 3874 ritos
190 3802 344 3875 miserati
373 3814 597 3900 emptumque
622 3816 780 3875 nostrum
807 3810 1073 3895 prosequentes,
1097 3820 1153 3871 ra-

71 3927 197 3996 tionem
215 3927 299 4001 vitae
315 3927 439 3999 ducem
456 3937 624 4021 quantum
642 3947 830 4020 possumus
848 3923 1053 3997 habeamus.
1076 3924 1153 4013 Ego

69 4049 165 4144 quod
186 4049 229 4121 ad
249 4073 305 4124 me
325 4053 461 4136 attinet,
485 4071 626 4144 pergam
653 4071 723 4142 qua
748 4049 851 4141 coepi,
878 4069 992 4140 neque
1017 4046 1063 4118 ab
1087 4047 1152 4116 hac

70 4175 242 4245 sententia
273 4196 472 4247 muscarum
506 4191 688 4245 murmure
717 4169 934 4254 deterrebor,
972 4179 1009 4240 et
1045 4168 1152 4241 surda

69 4316 155 4378 aure
181 4275 318 4369 inanem
346 4297 527 4391 strepitum
560 4299 829 4388 praetervectus,
861 4293 917 4362 vei
951 4291 1152 4384 perveniam

69 4438 142 4512 quo
163 4421 317 4513 suspiro,
339 4421 412 4504 vet,
434 4419 463 4489 si
483 4416 519 4488 id
540 4416 627 4486 torte
647 4402 885 4496 non'dabitur,
905 4425 940 4486 at
957 4414 1082 4486 saitem
1101 4412 1153 4480 in-

69 4539 211 4610 fortunii
245 4540 310 4612 mei
344 4559 452 4631 penes
482 4538 611 4627 vulgus
642 4535 751 4626 gloria
782 4555 850 4605 non
880 4534 956 4606 erit.
991 4536 1062 4604 Hoc
1096 4552 1152 4599 me
