2736 5026
328 310 419 357 attiuh
444 311 938 359 hsscltlt's'sssttt'tt's-bristout
963 310 1022 355 l'lll.
1151 298 1208 357 *llll

143 447 301 520 videant:
322 469 392 519 non
407 470 539 532 aurum,
560 472 628 522 uon
646 470 811 541 gemmas,
832 470 900 520 non
920 449 1016 534 ebur,
1038 471 1108 520 uon
1126 473 1212 544 pur-

140 591 275 664 puram,
295 593 364 659 non
379 593 499 666 equos,
514 571 581 644 nisi
594 571 693 654 duos,
712 592 843 664 eosque
859 572 955 667 ipsos
966 571 1132 664 ·exiguos,
1150 572 1211 665 qui
1275 564 1278 571 ’

140 713 219 764 cum
232 694 333 767 unico
345 717 453 788 puero
469 694 525 766 his
537 717 594 766 me
607 693 757 766 vallibus
774 692 1055 766 circumvectant.
1073 694 1211 794 Postre-

141 837 198 887 mo
217 817 344 889 nullius
366 838 513 910 usquam
537 815 699 900 mulieris
721 815 788 886 nisi
809 815 933 887 villicae
956 836 1045 887 meae
1069 814 1208 900 taciem,

140 958 245 1030 quam
266 936 295 1008 si
315 938 446 1023 videas
469 937 690 1011 solitudinem
717 936 883 1033 Libycam
904 947 964 1010 aut
983 937 1210 1032 AEtbiopicam

141 1071 241 1153 putes
260 1070 295 1133 te
313 1061 458 1144 videre3
478 1061 609 1133 aridam
632 1060 770 1154 penitus
786 1070 822 1130 et
841 1080 926 1130 vere
943 1061 1027 1132 solis
1046 1060 1092 1132 ab
1109 1060 1211 1132 ardo
1248 1146 1262 1173 .

141 1179 239 1253 ribus
256 1182 414 1254 adustam
431 1183 561 1266 faciem,
580 1181 636 1254 cui
653 1181 737 1253 nihil
754 1180 887 1264 viroris,
903 1179 988 1251 nihil
1001 1181 1094 1252 succi
1111 1181 1210 1264 inest,

140 1304 261 1377 faciem
279 1306 415 1398 qualem
432 1305 462 1376 si
480 1305 650 1401 Tyndaris
670 1303 860 1386 habuisset,
880 1303 981 1374 Troia
1000 1303 1212 1376 nuncetiam

143 1435 263 1510 staret;
284 1425 314 1497 si
340 1425 500 1499 Lucretia
524 1436 560 1497 et
584 1425 754 1519 Virgine,
782 1447 848 1497 nec
872 1445 981 1516 regno
1005 1421 1212 1516 Tarquinius

141 1532 264 1641 pulsus
289 1557 398 1633 esset,
426 1569 489 1620 nec
514 1546 647 1641 hppius
673 1549 781 1619 vitam
808 1547 844 1620 in
866 1568 1005 1618 carcere
1030 1543 1212 1616 linivisset.

140 1670 270 1741 Verum
291 1692 335 1742 ne
357 1670 423 1742 sibi
442 1683 522 1766 post
545 1671 616 1742 oris
641 1670 908 1763 descriptionem
929 1669 1053 1760 dignas
1078 1688 1213 1763 morum

141 1793 263 1871 laudes
279 1792 491 1878 subtraham,
513 1815 617 1885 quam
637 1793 736 1864 lusca
755 1790 862 1864 facies
880 1803 950 1864 tam
970 1788 1139 1863 candidus
1159 1800 1216 1861 est

142 1915 300 1994 animus;
323 1935 488 2006 maguum
512 1925 548 1985 et
568 1915 643 2007 ipsa
662 1915 746 1987 nihil
766 1916 881 1987 animo
901 1915 1055 1986 nocentis
1074 1915 1213 1985 leminae

141 2033 367 2108 deformitatis
386 2039 604 2130 exemplum3
624 2038 670 2110 de
694 2060 765 2131 quo
789 2040 875 2110 forte
901 2037 1031 2131 aliquid
1050 2037 1211 2120 dicerem,

141 2157 209 2229 nisi
228 2160 309 2252 quia
328 2161 419 2233 circa
440 2161 622 2233 Claranum
643 2181 746 2233 suum
763 2160 902 2232 abunde
923 2161 1015 2233 bunc
1031 2161 1212 2231 articulum

140 2282 176 2352 in
208 2283 362 2377 epistolis
398 2294 602 2378 prosecutus
634 2293 690 2354 est
723 2285 861 2353 Seneca.
897 2282 969 2352 Hoc
1002 2281 1214 2371 singularius

140 2403 246 2476 habet
264 2404 378 2477 villica
395 2425 486 2486 mea,
508 2403 701 2496 quodcum
722 2404 830 2473 forma
850 2402 1004 2494 corporis
1026 2401 1213 2472 femineum

140 2526 256 2618 potius
272 2545 376 2615 quam
390 2524 490 2594 virile
506 2523 634 2593 bouum
649 2524 702 2605 sit,
721 2521 797 2592 haec
810 2522 897 2593 adeo
910 2526 1031 2592 formae
1047 2521 1212 2593 iacturam

142 2666 212 2716 non
232 2644 346 2728 sentit,
370 2654 408 2715 ut
426 2643 551 2714 decere
571 2642 662 2713 illam
684 2650 785 2735 putes
806 2663 887 2713 esse
907 2643 1106 2716 deformem.
1123 2641 1215 2714 Nihil

143 2763 289 2852 fidelius,
311 2766 395 2837 nihil
412 2765 585 2850 humilius
605 2763 688 2836 nihil
703 2764 897 2859 operosius.
918 2764 992 2835 Sub
1011 2762 1215 2835 ardentissi-

140 2910 198 2961 mo
216 2890 301 2973 sole,
317 2888 378 2960 vix
395 2887 523 2961 cicadis
540 2898 664 2959 aestum
684 2886 923 2972 tolerantibus,
944 2897 1034 2959 totos
1050 2885 1126 2957 dies
1143 2884 1216 2977 agit

140 3015 177 3084 in
188 3014 330 3108 campis,
345 3024 381 3085 et
393 3013 561 3084 Cancrum
576 3020 612 3081 ct
624 3012 775 3085 Leonem
788 3012 912 3083 durata
924 3020 1004 3083 cute
1016 3009 1214 3082 contemnit.

141 3136 226 3208 Sero
246 3135 388 3206 domum
408 3134 548 3206 rediens
567 3135 703 3206 anicula
723 3133 773 3205 sic
792 3133 1005 3206 indefessum
1027 3133 1133 3205 rebus
1153 3132 1216 3203 do-

141 3257 296 3329 mesticis
317 3256 458 3328 adhibet
477 3256 713 3350 iuvictumque
734 3259 986 3351 corpusculum,
1010 3268 1047 3328 ut
1066 3279 1086 3328 e
1107 3255 1216 3327 thala-

142 3399 200 3449 mo
219 3378 415 3448 venientem
435 3377 598 3451 iuvenem
615 3380 725 3452 dicas:
745 3380 875 3450 nullum
896 3378 1026 3451 interea
1047 3399 1214 3460 murmur,

142 3501 247 3571 nullae
260 3497 492 3591 querimoniae,
508 3502 638 3571 nullum
657 3501 804 3573 turbatae
822 3502 947 3573 mentis
964 3501 1136 3584 indicium,
1152 3499 1217 3570 sed

144 3624 209 3695 viri
231 3632 267 3694 et
286 3630 445 3692 natorum
464 3633 499 3693 et
522 3623 662 3693 familiae
682 3645 770 3694 meae
790 3623 1075 3713 venientiumque
1096 3621 1142 3692 ad
1160 3643 1216 3692 me

142 3746 316 3841 hospitum
340 3744 547 3815 incredibilis
573 3766 667 3824 cura,
694 3745 1215 3841 incredibilisque-contemptus

145 3870 200 3942 sui
220 3869 403 3941 dumtaxat
429 3867 550 3960 ipsius.
583 3866 671 3937 Huic
695 3887 813 3938 saxeae
839 3866 1051 3939 muliercula
1070 3867 1215 3940 instrata

145 3994 327 4065 sarmentis
360 4001 451 4063 terra
476 3990 691 4074 cubiculum,
718 3989 799 4060 huic
824 4013 930 4084 prope
956 3996 1092 4064 terreus
1115 3992 1215 4086 panis

145 4113 252 4199 cibus,
266 4117 456 4209 vinumque
470 4125 566 4187 aceto
584 4111 729 4186 similius
747 4113 966 4207 lymphisque
984 4113 1213 4210 perdomitum
