<?xml version="1.0" encoding="UTF-8"?>
<!DOCTYPE html PUBLIC "-//W3C//DTD XHTML 1.0 Transitional//EN"
    "http://www.w3.org/TR/xhtml1/DTD/xhtml1-transitional.dtd">
<html xmlns="http://www.w3.org/1999/xhtml" xml:lang="en" lang="en">
 <head>
  <title>
</title>
<meta http-equiv="Content-Type" content="text/html;charset=utf-8" />
  <meta name='ocr-system' content='tesseract 3.04.00' />
  <meta name='ocr-capabilities' content='ocr_page ocr_carea ocr_par ocr_line ocrx_word'/>
</head>
<body>
  <div class='ocr_page' id='page_1' title='image "./epistolaederebu02fracgoog_0507.png"; bbox 0 0 2738 5062; ppageno 0'>
   <div class='ocr_carea' id='block_1_1' title="bbox 195 715 940 776">
    <p class='ocr_par' dir='ltr' id='par_1_1' title="bbox 195 715 940 776">
     <span class='ocr_line' id='line_1_1' title="bbox 195 715 940 776; baseline -0.009 0"><span class='ocrx_word' id='word_1_1' title='bbox 195 715 255 776; x_wconf 68' lang='lat'><strong>498</strong></span> <span class='ocrx_word' id='word_1_2' title='bbox 535 723 576 771; x_wconf 86' lang='lat' dir='ltr'><strong>ns</strong></span> <span class='ocrx_word' id='word_1_3' title='bbox 597 722 699 772; x_wconf 80' lang='lat' dir='ltr'><strong>uanus</strong></span> <span class='ocrx_word' id='word_1_4' title='bbox 719 720 940 771; x_wconf 70' lang='lat' dir='ltr'><strong>eluminatus</strong></span> 
     </span>
    </p>
   </div>
   <div class='ocr_carea' id='block_1_2' title="bbox 196 855 1279 4600">
    <p class='ocr_par' dir='ltr' id='par_1_2' title="bbox 196 855 1279 4600">
     <span class='ocr_line' id='line_1_2' title="bbox 196 855 1278 951; baseline -0.006 -19"><span class='ocrx_word' id='word_1_5' title='bbox 196 859 361 943; x_wconf 89' lang='lat' dir='ltr'><strong>flendam,</strong></span> <span class='ocrx_word' id='word_1_6' title='bbox 382 878 488 951; x_wconf 87' lang='lat' dir='ltr'><strong>quam</strong></span> <span class='ocrx_word' id='word_1_7' title='bbox 506 855 665 951; x_wconf 84' lang='lat' dir='ltr'><strong>delphica</strong></span> <span class='ocrx_word' id='word_1_8' title='bbox 683 857 787 928; x_wconf 90' lang='lat' dir='ltr'><strong>sedes</strong></span> <span class='ocrx_word' id='word_1_9' title='bbox 800 857 895 949; x_wconf 91' lang='lat' dir='ltr'><strong>quod</strong></span> <span class='ocrx_word' id='word_1_10' title='bbox 912 856 1020 939; x_wconf 90' lang='lat' dir='ltr'><strong>siluit,</strong></span> <span class='ocrx_word' id='word_1_11' title='bbox 1038 877 1106 948; x_wconf 89' lang='lat' dir='ltr'><strong>qno</strong></span> <span class='ocrx_word' id='word_1_12' title='bbox 1123 857 1278 926; x_wconf 82' lang='lat' dir='ltr'><strong>Deorum</strong></span> 
     </span>
     <span class='ocr_line' id='line_1_3' title="bbox 198 976 1278 1074; baseline -0.005 -20"><span class='ocrx_word' id='word_1_13' title='bbox 198 981 367 1074; x_wconf 80' lang='lat' dir='ltr'>singulari</span> <span class='ocrx_word' id='word_1_14' title='bbox 381 978 531 1074; x_wconf 92' lang='lat' dir='ltr'><strong>quodam</strong></span> <span class='ocrx_word' id='word_1_15' title='bbox 551 979 644 1051; x_wconf 93' lang='lat' dir='ltr'><strong>dono</strong></span> <span class='ocrx_word' id='word_1_16' title='bbox 659 989 696 1050; x_wconf 88' lang='lat' dir='ltr'><strong>et</strong></span> <span class='ocrx_word' id='word_1_17' title='bbox 712 999 782 1072; x_wconf 91' lang='lat' dir='ltr'><strong>quo</strong></span> <span class='ocrx_word' id='word_1_18' title='bbox 799 979 940 1063; x_wconf 91' lang='lat' dir='ltr'><strong>nullum,</strong></span> <span class='ocrx_word' id='word_1_19' title='bbox 960 999 1000 1049; x_wconf 91' lang='lat' dir='ltr'><strong>se</strong></span> <span class='ocrx_word' id='word_1_20' title='bbox 1021 976 1142 1062; x_wconf 90' lang='lat' dir='ltr'><strong>iudioe,</strong></span> <span class='ocrx_word' id='word_1_21' title='bbox 1160 977 1278 1049; x_wconf 89' lang='lat' dir='ltr'><strong>maius</strong></span> 
     </span>
     <span class='ocr_line' id='line_1_4' title="bbox 198 1099 1277 1191; baseline -0.008 -15"><span class='ocrx_word' id='word_1_22' title='bbox 198 1115 302 1187; x_wconf 81' lang='lat' dir='ltr'><strong>esset,</strong></span> <span class='ocrx_word' id='word_1_23' title='bbox 321 1105 483 1174; x_wconf 88' lang='lat' dir='ltr'><strong>Lucanus</strong></span> <span class='ocrx_word' id='word_1_24' title='bbox 514 1104 680 1173; x_wconf 83' lang='lat' dir='ltr'><strong>saeeulum</strong></span> <span class='ocrx_word' id='word_1_25' title='bbox 719 1122 821 1173; x_wconf 92' lang='lat' dir='ltr'><strong>suum</strong></span> <span class='ocrx_word' id='word_1_26' title='bbox 853 1101 1010 1172; x_wconf 88' lang='lat' dir='ltr'><strong>caruisse</strong></span> <span class='ocrx_word' id='word_1_27' title='bbox 1040 1099 1277 1191; x_wconf 76' lang='lat' dir='ltr'><strong>conqueritur.</strong></span> 
     </span>
     <span class='ocr_line' id='line_1_5' title="bbox 199 1220 1279 1319; baseline -0.01 -20"><span class='ocrx_word' id='word_1_28' title='bbox 199 1228 287 1311; x_wconf 86' lang='lat' dir='ltr'><strong>Quae</strong></span> <span class='ocrx_word' id='word_1_29' title='bbox 307 1225 411 1297; x_wconf 88' lang='lat' dir='ltr'><strong>sedes</strong></span> <span class='ocrx_word' id='word_1_30' title='bbox 438 1223 561 1294; x_wconf 88' lang='lat' dir='ltr'><strong>melius</strong></span> <span class='ocrx_word' id='word_1_31' title='bbox 581 1223 674 1295; x_wconf 93' lang='lat' dir='ltr'><strong>omni</strong></span> <span class='ocrx_word' id='word_1_32' title='bbox 696 1233 850 1319; x_wconf 91' lang='lat' dir='ltr'><strong>tempore</strong></span> <span class='ocrx_word' id='word_1_33' title='bbox 871 1222 1038 1304; x_wconf 86' lang='lat' dir='ltr'><strong>siluisset,</strong></span> <span class='ocrx_word' id='word_1_34' title='bbox 1060 1231 1096 1292; x_wconf 90' lang='lat' dir='ltr'><strong>et</strong></span> <span class='ocrx_word' id='word_1_35' title='bbox 1118 1241 1200 1291; x_wconf 91' lang='lat' dir='ltr'><strong>oum</strong></span> <span class='ocrx_word' id='word_1_36' title='bbox 1223 1220 1279 1289; x_wconf 87' lang='lat' dir='ltr'><strong>in·</strong></span> 
     </span>
     <span class='ocr_line' id='line_1_6' title="bbox 199 1342 1279 1439; baseline -0.008 -18"><span class='ocrx_word' id='word_1_37' title='bbox 199 1352 274 1422; x_wconf 90' lang='lat' dir='ltr'><strong>oola</strong></span> <span class='ocrx_word' id='word_1_38' title='bbox 290 1368 356 1419; x_wconf 91' lang='lat' dir='ltr'><strong>suo</strong></span> <span class='ocrx_word' id='word_1_39' title='bbox 372 1349 509 1439; x_wconf 91' lang='lat' dir='ltr'><strong>penitus</strong></span> <span class='ocrx_word' id='word_1_40' title='bbox 526 1344 759 1416; x_wconf 84' lang='lat' dir='ltr'><strong>obmutuisset</strong></span> <span class='ocrx_word' id='word_1_41' title='bbox 773 1343 945 1437; x_wconf 84' lang='lat' dir='ltr'><strong>Apolline,</strong></span> <span class='ocrx_word' id='word_1_42' title='bbox 963 1343 1023 1437; x_wconf 88' lang='lat' dir='ltr'><strong>qui</strong></span> <span class='ocrx_word' id='word_1_43' title='bbox 1040 1365 1109 1416; x_wconf 94' lang='lat' dir='ltr'><strong>non</strong></span> <span class='ocrx_word' id='word_1_44' title='bbox 1127 1342 1279 1436; x_wconf 90' lang='lat' dir='ltr'><strong>prophe·</strong></span> 
     </span>
     <span class='ocr_line' id='line_1_7' title="bbox 200 1462 1278 1561; baseline -0.007 -19"><span class='ocrx_word' id='word_1_45' title='bbox 200 1481 246 1542; x_wconf 87' lang='lat' dir='ltr'><strong>tae</strong></span> <span class='ocrx_word' id='word_1_46' title='bbox 262 1478 396 1542; x_wconf 88' lang='lat' dir='ltr'><strong>tantum</strong></span> <span class='ocrx_word' id='word_1_47' title='bbox 414 1467 622 1553; x_wconf 87' lang='lat' dir='ltr'><strong>testimonio,</strong></span> <span class='ocrx_word' id='word_1_48' title='bbox 644 1466 807 1561; x_wconf 89' lang='lat' dir='ltr'><strong>quoniam</strong></span> <span class='ocrx_word' id='word_1_49' title='bbox 828 1488 939 1536; x_wconf 78' lang='lat' dir='ltr'><strong>omnes</strong></span> <span class='ocrx_word' id='word_1_50' title='bbox 964 1466 1023 1535; x_wconf 83' lang='lat' dir='ltr'><strong>Dii</strong></span> <span class='ocrx_word' id='word_1_51' title='bbox 1040 1466 1189 1557; x_wconf 70' lang='lat' dir='ltr'><strong>gentium</strong></span> <span class='ocrx_word' id='word_1_52' title='bbox 1209 1462 1278 1534; x_wconf 75' lang='lat' dir='ltr'><strong>dm-</strong></span> 
     </span>
     <span class='ocr_line' id='line_1_8' title="bbox 197 1586 1277 1683; baseline -0.004 -21"><span class='ocrx_word' id='word_1_53' title='bbox 197 1595 312 1663; x_wconf 81' lang='lat' dir='ltr'><strong>mooiu</strong></span> <span class='ocrx_word' id='word_1_54' title='bbox 328 1603 415 1674; x_wconf 81' lang='lat' dir='ltr'><strong>sunt,</strong></span> <span class='ocrx_word' id='word_1_55' title='bbox 431 1591 493 1663; x_wconf 92' lang='lat' dir='ltr'><strong>sed</strong></span> <span class='ocrx_word' id='word_1_56' title='bbox 506 1589 643 1683; x_wconf 89' lang='lat' dir='ltr'><strong>proprio</strong></span> <span class='ocrx_word' id='word_1_57' title='bbox 659 1588 762 1662; x_wconf 91' lang='lat' dir='ltr'><strong>etiam</strong></span> <span class='ocrx_word' id='word_1_58' title='bbox 779 1611 840 1660; x_wconf 90' lang='lat' dir='ltr'><strong>ore</strong></span> <span class='ocrx_word' id='word_1_59' title='bbox 856 1589 1081 1660; x_wconf 85' lang='lat' dir='ltr'><strong>convincitur.</strong></span> <span class='ocrx_word' id='word_1_60' title='bbox 1095 1586 1277 1681; x_wconf 90' lang='lat' dir='ltr'><strong>Siquidem</strong></span> 
     </span>
     <span class='ocr_line' id='line_1_9' title="bbox 198 1708 1274 1805; baseline -0.007 -19"><span class='ocrx_word' id='word_1_61' title='bbox 198 1714 424 1805; x_wconf 79' lang='lat' dir='ltr'><strong>interroganti</strong></span> <span class='ocrx_word' id='word_1_62' title='bbox 444 1711 581 1785; x_wconf 85' lang='lat' dir='ltr'><strong>cuidam</strong></span> <span class='ocrx_word' id='word_1_63' title='bbox 601 1733 705 1804; x_wconf 90' lang='lat' dir='ltr'><strong>quem</strong></span> <span class='ocrx_word' id='word_1_64' title='bbox 725 1732 763 1781; x_wconf 90' lang='lat' dir='ltr'><strong>se</strong></span> <span class='ocrx_word' id='word_1_65' title='bbox 783 1711 910 1782; x_wconf 89' lang='lat' dir='ltr'><strong>laoeret</strong></span> <span class='ocrx_word' id='word_1_66' title='bbox 927 1709 1068 1805; x_wconf 88' lang='lat' dir='ltr'><strong>(quanta</strong></span> <span class='ocrx_word' id='word_1_67' title='bbox 1085 1710 1161 1781; x_wconf 89' lang='lat' dir='ltr'><strong>veri</strong></span> <span class='ocrx_word' id='word_1_68' title='bbox 1178 1708 1274 1802; x_wconf 90' lang='lat' dir='ltr'><strong>visl),</strong></span> 
     </span>
     <span class='ocr_line' id='line_1_10' title="bbox 199 1831 1276 1909; baseline -0.006 0"><span class='ocrx_word' id='word_1_69' title='bbox 199 1834 395 1909; x_wconf 79' lang='lat' dir='ltr'><strong>daemonem</strong></span> <span class='ocrx_word' id='word_1_70' title='bbox 416 1856 455 1907; x_wconf 90' lang='lat' dir='ltr'><strong>se</strong></span> <span class='ocrx_word' id='word_1_71' title='bbox 480 1854 561 1905; x_wconf 90' lang='lat' dir='ltr'><strong>esse</strong></span> <span class='ocrx_word' id='word_1_72' title='bbox 585 1834 767 1904; x_wconf 81' lang='lat' dir='ltr'><strong>coufessus</strong></span> <span class='ocrx_word' id='word_1_73' title='bbox 796 1842 862 1905; x_wconf 88' lang='lat' dir='ltr'><strong>est.</strong></span> <span class='ocrx_word' id='word_1_74' title='bbox 894 1834 1050 1905; x_wconf 80' lang='lat' dir='ltr'><strong>Proiecto</strong></span> <span class='ocrx_word' id='word_1_75' title='bbox 1070 1831 1276 1905; x_wconf 87' lang='lat' dir='ltr'><strong>damnosius</strong></span> 
     </span>
     <span class='ocr_line' id='line_1_11' title="bbox 199 1951 1276 2049; baseline -0.005 -21"><span class='ocrx_word' id='word_1_76' title='bbox 199 1978 302 2030; x_wconf 90' lang='lat' dir='ltr'><strong>nemo</strong></span> <span class='ocrx_word' id='word_1_77' title='bbox 334 1957 516 2049; x_wconf 80' lang='lat' dir='ltr'><strong>negaverit</strong></span> <span class='ocrx_word' id='word_1_78' title='bbox 546 1955 639 2028; x_wconf 90' lang='lat' dir='ltr'><strong>dulci</strong></span> <span class='ocrx_word' id='word_1_79' title='bbox 672 1954 793 2026; x_wconf 88' lang='lat' dir='ltr'><strong>solatio</strong></span> <span class='ocrx_word' id='word_1_80' title='bbox 813 1953 1004 2026; x_wconf 88' lang='lat' dir='ltr'><strong>litterarum</strong></span> <span class='ocrx_word' id='word_1_81' title='bbox 1023 1974 1130 2048; x_wconf 90' lang='lat' dir='ltr'><strong>quam</strong></span> <span class='ocrx_word' id='word_1_82' title='bbox 1151 1951 1276 2046; x_wconf 83' lang='lat' dir='ltr'><strong>perfidi</strong></span> 
     </span>
     <span class='ocr_line' id='line_1_12' title="bbox 198 2075 1275 2171; baseline -0.004 -22"><span class='ocrx_word' id='word_1_83' title='bbox 198 2100 241 2151; x_wconf 89' lang='lat' dir='ltr'><strong>ao</strong></span> <span class='ocrx_word' id='word_1_84' title='bbox 260 2078 436 2151; x_wconf 85' lang='lat' dir='ltr'><strong>mendacis</strong></span> <span class='ocrx_word' id='word_1_85' title='bbox 457 2077 628 2150; x_wconf 87' lang='lat' dir='ltr'><strong>daemonis</strong></span> <span class='ocrx_word' id='word_1_86' title='bbox 653 2076 810 2149; x_wconf 84' lang='lat' dir='ltr'><strong>caruisse</strong></span> <span class='ocrx_word' id='word_1_87' title='bbox 840 2076 1023 2171; x_wconf 85' lang='lat' dir='ltr'><strong>colloquio.</strong></span> <span class='ocrx_word' id='word_1_88' title='bbox 1054 2075 1125 2148; x_wconf 84' lang='lat' dir='ltr'><strong>Sed</strong></span> <span class='ocrx_word' id='word_1_89' title='bbox 1157 2075 1275 2147; x_wconf 83' lang='lat' dir='ltr'><strong>relicta</strong></span> 
     </span>
     <span class='ocr_line' id='line_1_13' title="bbox 200 2197 1274 2295; baseline -0.005 -24"><span class='ocrx_word' id='word_1_90' title='bbox 200 2199 378 2295; x_wconf 89' lang='lat' dir='ltr'><strong>pereuntis</strong></span> <span class='ocrx_word' id='word_1_91' title='bbox 407 2199 563 2270; x_wconf 88' lang='lat' dir='ltr'><strong>scientiae</strong></span> <span class='ocrx_word' id='word_1_92' title='bbox 591 2201 743 2291; x_wconf 89' lang='lat' dir='ltr'><strong>querela,</strong></span> <span class='ocrx_word' id='word_1_93' title='bbox 777 2198 821 2271; x_wconf 89' lang='lat' dir='ltr'><strong>ad</strong></span> <span class='ocrx_word' id='word_1_94' title='bbox 858 2197 1059 2270; x_wconf 85' lang='lat' dir='ltr'><strong>Ciceronem</strong></span> <span class='ocrx_word' id='word_1_95' title='bbox 1092 2209 1190 2270; x_wconf 91' lang='lat' dir='ltr'><strong>tuum</strong></span> <span class='ocrx_word' id='word_1_96' title='bbox 1221 2217 1274 2266; x_wconf 78' lang='lat' dir='ltr'><strong>re</strong></span> 
     </span>
     <span class='ocr_line' id='line_1_14' title="bbox 199 2322 1274 2418; baseline 0.001 -25"><span class='ocrx_word' id='word_1_97' title='bbox 199 2322 280 2405; x_wconf 91' lang='lat' dir='ltr'><strong>deo,</strong></span> <span class='ocrx_word' id='word_1_98' title='bbox 304 2341 374 2413; x_wconf 90' lang='lat' dir='ltr'><strong>quo</strong></span> <span class='ocrx_word' id='word_1_99' title='bbox 394 2342 473 2391; x_wconf 86' lang='lat' dir='ltr'><strong>oum</strong></span> <span class='ocrx_word' id='word_1_100' title='bbox 494 2342 614 2392; x_wconf 87' lang='lat' dir='ltr'><strong>carere</strong></span> <span class='ocrx_word' id='word_1_101' title='bbox 633 2324 757 2394; x_wconf 91' lang='lat' dir='ltr'><strong>nollem</strong></span> <span class='ocrx_word' id='word_1_102' title='bbox 778 2332 814 2393; x_wconf 92' lang='lat' dir='ltr'><strong>et</strong></span> <span class='ocrx_word' id='word_1_103' title='bbox 846 2322 945 2415; x_wconf 88' lang='lat' dir='ltr'><strong>potiri</strong></span> <span class='ocrx_word' id='word_1_104' title='bbox 974 2344 1036 2414; x_wconf 89' lang='lat' dir='ltr'><strong>per</strong></span> <span class='ocrx_word' id='word_1_105' title='bbox 1069 2323 1274 2418; x_wconf 84' lang='lat' dir='ltr'><strong>seriptorum</strong></span> 
     </span>
     <span class='ocr_line' id='line_1_15' title="bbox 198 2441 1273 2534; baseline 0.004 -23"><span class='ocrx_word' id='word_1_106' title='bbox 198 2441 373 2534; x_wconf 87' lang='lat' dir='ltr'><strong>ignaviam</strong></span> <span class='ocrx_word' id='word_1_107' title='bbox 396 2462 465 2512; x_wconf 94' lang='lat' dir='ltr'><strong>uon</strong></span> <span class='ocrx_word' id='word_1_108' title='bbox 484 2441 614 2524; x_wconf 82' lang='lat' dir='ltr'><strong>liceret,</strong></span> <span class='ocrx_word' id='word_1_109' title='bbox 638 2442 879 2514; x_wconf 83' lang='lat' dir='ltr'><strong>deficientibus</strong></span> <span class='ocrx_word' id='word_1_110' title='bbox 899 2443 1065 2525; x_wconf 85' lang='lat' dir='ltr'><strong>externis,</strong></span> <span class='ocrx_word' id='word_1_111' title='bbox 1087 2443 1134 2516; x_wconf 92' lang='lat' dir='ltr'><strong>ad</strong></span> <span class='ocrx_word' id='word_1_112' title='bbox 1159 2443 1273 2518; x_wconf 88' lang='lat' dir='ltr'><strong>dome·</strong></span> 
     </span>
     <span class='ocr_line' id='line_1_16' title="bbox 200 2563 1274 2660; baseline 0.002 -24"><span class='ocrx_word' id='word_1_113' title='bbox 200 2565 285 2636; x_wconf 86' lang='lat' dir='ltr'><strong>stica</strong></span> <span class='ocrx_word' id='word_1_114' title='bbox 301 2573 421 2635; x_wconf 88' lang='lat' dir='ltr'><strong>vertor</strong></span> <span class='ocrx_word' id='word_1_115' title='bbox 440 2563 580 2644; x_wconf 90' lang='lat' dir='ltr'><strong>auxilia,</strong></span> <span class='ocrx_word' id='word_1_116' title='bbox 603 2564 833 2657; x_wconf 84' lang='lat' dir='ltr'><strong>fatigatosque</strong></span> <span class='ocrx_word' id='word_1_117' title='bbox 863 2565 927 2637; x_wconf 91' lang='lat' dir='ltr'><strong>hos</strong></span> <span class='ocrx_word' id='word_1_118' title='bbox 960 2567 1087 2660; x_wconf 88' lang='lat' dir='ltr'><strong>digitos</strong></span> <span class='ocrx_word' id='word_1_119' title='bbox 1120 2579 1157 2640; x_wconf 88' lang='lat' dir='ltr'><strong>et</strong></span> <span class='ocrx_word' id='word_1_120' title='bbox 1186 2568 1274 2638; x_wconf 86' lang='lat' dir='ltr'><strong>buno</strong></span> 
     </span>
     <span class='ocr_line' id='line_1_17' title="bbox 197 2682 1275 2782; baseline 0.001 -26"><span class='ocrx_word' id='word_1_121' title='bbox 197 2706 345 2756; x_wconf 87' lang='lat' dir='ltr'><strong>exesum</strong></span> <span class='ocrx_word' id='word_1_122' title='bbox 362 2696 466 2777; x_wconf 90' lang='lat' dir='ltr'><strong>atque</strong></span> <span class='ocrx_word' id='word_1_123' title='bbox 487 2682 642 2755; x_wconf 91' lang='lat' dir='ltr'><strong>attritum</strong></span> <span class='ocrx_word' id='word_1_124' title='bbox 666 2686 834 2755; x_wconf 87' lang='lat' dir='ltr'><strong>calamum</strong></span> <span class='ocrx_word' id='word_1_125' title='bbox 862 2687 907 2757; x_wconf 87' lang='lat' dir='ltr'><strong>ad</strong></span> <span class='ocrx_word' id='word_1_126' title='bbox 931 2709 1019 2781; x_wconf 89' lang='lat' dir='ltr'><strong>opus</strong></span> <span class='ocrx_word' id='word_1_127' title='bbox 1044 2687 1208 2782; x_wconf 83' lang='lat' dir='ltr'><strong>expedio.</strong></span> <span class='ocrx_word' id='word_1_128' title='bbox 1234 2689 1275 2758; x_wconf 87' lang='lat' dir='ltr'><strong>Et</strong></span> 
     </span>
     <span class='ocr_line' id='line_1_18' title="bbox 198 2804 1273 2901; baseline 0.001 -25"><span class='ocrx_word' id='word_1_129' title='bbox 198 2807 291 2877; x_wconf 87' lang='lat' dir='ltr'><strong>buno</strong></span> <span class='ocrx_word' id='word_1_130' title='bbox 322 2805 463 2899; x_wconf 91' lang='lat' dir='ltr'><strong>quidem</strong></span> <span class='ocrx_word' id='word_1_131' title='bbox 501 2806 536 2876; x_wconf 93' lang='lat' dir='ltr'><strong>in</strong></span> <span class='ocrx_word' id='word_1_132' title='bbox 570 2804 754 2877; x_wconf 89' lang='lat' dir='ltr'><strong>scribendo</strong></span> <span class='ocrx_word' id='word_1_133' title='bbox 786 2827 918 2879; x_wconf 92' lang='lat' dir='ltr'><strong>morem</strong></span> <span class='ocrx_word' id='word_1_134' title='bbox 952 2808 1062 2891; x_wconf 89' lang='lat' dir='ltr'><strong>tenui,</strong></span> <span class='ocrx_word' id='word_1_135' title='bbox 1097 2830 1219 2901; x_wconf 88' lang='lat' dir='ltr'><strong>quem,</strong></span> <span class='ocrx_word' id='word_1_136' title='bbox 1246 2808 1273 2879; x_wconf 91' lang='lat' dir='ltr'><strong>si</strong></span> 
     </span>
     <span class='ocr_line' id='line_1_19' title="bbox 198 2926 1272 3021; baseline -0.003 -20"><span class='ocrx_word' id='word_1_137' title='bbox 198 2930 282 3020; x_wconf 88' lang='lat' dir='ltr'><strong>quid</strong></span> <span class='ocrx_word' id='word_1_138' title='bbox 302 2930 370 2999; x_wconf 89' lang='lat' dir='ltr'><strong>tale</strong></span> <span class='ocrx_word' id='word_1_139' title='bbox 387 2930 504 2998; x_wconf 80' lang='lat' dir='ltr'><strong>forsan</strong></span> <span class='ocrx_word' id='word_1_140' title='bbox 524 2926 744 3019; x_wconf 81' lang='lat' dir='ltr'><strong>aggrediare,</strong></span> <span class='ocrx_word' id='word_1_141' title='bbox 773 2927 832 2998; x_wconf 91' lang='lat' dir='ltr'><strong>tibi</strong></span> <span class='ocrx_word' id='word_1_142' title='bbox 854 2951 993 3021; x_wconf 86' lang='lat' dir='ltr'><strong>quoque</strong></span> <span class='ocrx_word' id='word_1_143' title='bbox 1019 2940 1139 3001; x_wconf 92' lang='lat' dir='ltr'><strong>notum</strong></span> <span class='ocrx_word' id='word_1_144' title='bbox 1160 2933 1272 3003; x_wconf 89' lang='lat' dir='ltr'><strong>velim.</strong></span> 
     </span>
     <span class='ocr_line' id='line_1_20' title="bbox 198 3048 1271 3145; baseline 0.004 -27"><span class='ocrx_word' id='word_1_145' title='bbox 198 3048 290 3119; x_wconf 91' lang='lat' dir='ltr'><strong>Nihil</strong></span> <span class='ocrx_word' id='word_1_146' title='bbox 307 3049 376 3140; x_wconf 91' lang='lat' dir='ltr'><strong>legi</strong></span> <span class='ocrx_word' id='word_1_147' title='bbox 397 3049 463 3119; x_wconf 92' lang='lat' dir='ltr'><strong>nisi</strong></span> <span class='ocrx_word' id='word_1_148' title='bbox 483 3049 566 3119; x_wconf 94' lang='lat' dir='ltr'><strong>dum</strong></span> <span class='ocrx_word' id='word_1_149' title='bbox 595 3049 793 3120; x_wconf 89' lang='lat' dir='ltr'><strong>scriberem.</strong></span> <span class='ocrx_word' id='word_1_150' title='bbox 815 3050 906 3134; x_wconf 85' lang='lat' dir='ltr'><strong>Quid</strong></span> <span class='ocrx_word' id='word_1_151' title='bbox 926 3072 1018 3141; x_wconf 88' lang='lat' dir='ltr'><strong>ergo,</strong></span> <span class='ocrx_word' id='word_1_152' title='bbox 1034 3050 1128 3122; x_wconf 88' lang='lat' dir='ltr'><strong>dieat</strong></span> <span class='ocrx_word' id='word_1_153' title='bbox 1140 3052 1271 3145; x_wconf 89' lang='lat' dir='ltr'><strong>aliquis,</strong></span> 
     </span>
     <span class='ocr_line' id='line_1_21' title="bbox 199 3168 1274 3263; baseline 0.006 -23"><span class='ocrx_word' id='word_1_154' title='bbox 199 3168 387 3252; x_wconf 85' lang='lat' dir='ltr'><strong>scribebas,</strong></span> <span class='ocrx_word' id='word_1_155' title='bbox 409 3171 546 3263; x_wconf 90' lang='lat' dir='ltr'><strong>etquid</strong></span> <span class='ocrx_word' id='word_1_156' title='bbox 569 3171 742 3242; x_wconf 88' lang='lat' dir='ltr'><strong>scriberes</strong></span> <span class='ocrx_word' id='word_1_157' title='bbox 768 3170 979 3263; x_wconf 83' lang='lat' dir='ltr'><strong>ignorabas?</strong></span> <span class='ocrx_word' id='word_1_158' title='bbox 998 3171 1079 3241; x_wconf 90' lang='lat' dir='ltr'><strong>Mihi</strong></span> <span class='ocrx_word' id='word_1_159' title='bbox 1098 3183 1216 3244; x_wconf 88' lang='lat' dir='ltr'><strong>autem</strong></span> <span class='ocrx_word' id='word_1_160' title='bbox 1232 3171 1274 3246; x_wconf 87' lang='lat' dir='ltr'><strong>ab</strong></span> 
     </span>
     <span class='ocr_line' id='line_1_22' title="bbox 197 3288 1272 3387; baseline 0.007 -30"><span class='ocrx_word' id='word_1_161' title='bbox 197 3288 294 3361; x_wconf 90' lang='lat' dir='ltr'><strong>initio</strong></span> <span class='ocrx_word' id='word_1_162' title='bbox 314 3290 399 3361; x_wconf 90' lang='lat' dir='ltr'><strong>satis</strong></span> <span class='ocrx_word' id='word_1_163' title='bbox 420 3289 483 3360; x_wconf 91' lang='lat' dir='ltr'><strong>luit</strong></span> <span class='ocrx_word' id='word_1_164' title='bbox 504 3311 609 3362; x_wconf 92' lang='lat' dir='ltr'><strong>nosse</strong></span> <span class='ocrx_word' id='word_1_165' title='bbox 628 3290 722 3381; x_wconf 90' lang='lat' dir='ltr'><strong>quod</strong></span> <span class='ocrx_word' id='word_1_166' title='bbox 743 3292 848 3363; x_wconf 82' lang='lat' dir='ltr'><strong>Tullii·</strong></span> <span class='ocrx_word' id='word_1_167' title='bbox 862 3311 951 3385; x_wconf 90' lang='lat' dir='ltr'><strong>opus</strong></span> <span class='ocrx_word' id='word_1_168' title='bbox 968 3302 1078 3374; x_wconf 90' lang='lat' dir='ltr'><strong>esset,</strong></span> <span class='ocrx_word' id='word_1_169' title='bbox 1100 3293 1203 3387; x_wconf 84' lang='lat' dir='ltr'><strong>idque</strong></span> <span class='ocrx_word' id='word_1_170' title='bbox 1220 3314 1272 3364; x_wconf 84' lang='lat' dir='ltr'><strong>ra-</strong></span> 
     </span>
     <span class='ocr_line' id='line_1_23' title="bbox 199 3406 1270 3507; baseline 0.007 -31"><span class='ocrx_word' id='word_1_171' title='bbox 199 3406 390 3479; x_wconf 90' lang='lat' dir='ltr'><strong>rissimum:</strong></span> <span class='ocrx_word' id='word_1_172' title='bbox 412 3409 610 3503; x_wconf 85' lang='lat' dir='ltr'><strong>procedenti</strong></span> <span class='ocrx_word' id='word_1_173' title='bbox 627 3429 711 3482; x_wconf 88' lang='lat' dir='ltr'><strong>vero</strong></span> <span class='ocrx_word' id='word_1_174' title='bbox 731 3432 795 3506; x_wconf 92' lang='lat' dir='ltr'><strong>per</strong></span> <span class='ocrx_word' id='word_1_175' title='bbox 814 3413 970 3502; x_wconf 87' lang='lat' dir='ltr'><strong>singulos</strong></span> <span class='ocrx_word' id='word_1_176' title='bbox 991 3433 1120 3507; x_wconf 89' lang='lat' dir='ltr'><strong>passus</strong></span> <span class='ocrx_word' id='word_1_177' title='bbox 1141 3421 1270 3486; x_wconf 87' lang='lat' dir='ltr'><strong>tautum</strong></span> 
     </span>
     <span class='ocr_line' id='line_1_24' title="bbox 198 3526 1273 3628; baseline 0.006 -29"><span class='ocrx_word' id='word_1_178' title='bbox 198 3526 389 3600; x_wconf 81' lang='lat' dir='ltr'><strong>dulcedinis</strong></span> <span class='ocrx_word' id='word_1_179' title='bbox 416 3532 634 3615; x_wconf 88' lang='lat' dir='ltr'><strong>oooursabat,</strong></span> <span class='ocrx_word' id='word_1_180' title='bbox 669 3543 834 3625; x_wconf 90' lang='lat' dir='ltr'><strong>tantoque</strong></span> <span class='ocrx_word' id='word_1_181' title='bbox 867 3532 1032 3604; x_wconf 88' lang='lat' dir='ltr'><strong>trahebar</strong></span> <span class='ocrx_word' id='word_1_182' title='bbox 1063 3536 1273 3628; x_wconf 70' lang='lat' dir='ltr'><strong>impetunt</strong></span> 
     </span>
     <span class='ocr_line' id='line_1_25' title="bbox 199 3651 1274 3752; baseline 0.011 -33"><span class='ocrx_word' id='word_1_183' title='bbox 199 3651 320 3743; x_wconf 89' lang='lat' dir='ltr'><strong>legens</strong></span> <span class='ocrx_word' id='word_1_184' title='bbox 337 3651 439 3722; x_wconf 90' lang='lat' dir='ltr'><strong>simul</strong></span> <span class='ocrx_word' id='word_1_185' title='bbox 457 3673 497 3724; x_wconf 89' lang='lat' dir='ltr'><strong>ao</strong></span> <span class='ocrx_word' id='word_1_186' title='bbox 514 3653 671 3724; x_wconf 84' lang='lat' dir='ltr'><strong>scribens</strong></span> <span class='ocrx_word' id='word_1_187' title='bbox 690 3654 842 3726; x_wconf 89' lang='lat' dir='ltr'><strong>laborem</strong></span> <span class='ocrx_word' id='word_1_188' title='bbox 859 3676 967 3726; x_wconf 89' lang='lat' dir='ltr'><strong>unum</strong></span> <span class='ocrx_word' id='word_1_189' title='bbox 986 3659 1166 3741; x_wconf 91' lang='lat' dir='ltr'><strong>senserim,</strong></span> <span class='ocrx_word' id='word_1_190' title='bbox 1181 3657 1274 3752; x_wconf 88' lang='lat' dir='ltr'><strong>quod</strong></span> 
     </span>
     <span class='ocr_line' id='line_1_26' title="bbox 198 3771 1275 3871; baseline 0.01 -30"><span class='ocrx_word' id='word_1_191' title='bbox 198 3781 268 3841; x_wconf 89' lang='lat' dir='ltr'><strong>tam</strong></span> <span class='ocrx_word' id='word_1_192' title='bbox 286 3771 461 3855; x_wconf 87' lang='lat' dir='ltr'><strong>velociter,</strong></span> <span class='ocrx_word' id='word_1_193' title='bbox 481 3781 521 3841; x_wconf 92' lang='lat' dir='ltr'><strong>ut</strong></span> <span class='ocrx_word' id='word_1_194' title='bbox 539 3773 700 3865; x_wconf 90' lang='lat' dir='ltr'><strong>optabam</strong></span> <span class='ocrx_word' id='word_1_195' title='bbox 717 3778 872 3848; x_wconf 88' lang='lat' dir='ltr'><strong>calamus</strong></span> <span class='ocrx_word' id='word_1_196' title='bbox 892 3799 960 3848; x_wconf 93' lang='lat' dir='ltr'><strong>non</strong></span> <span class='ocrx_word' id='word_1_197' title='bbox 981 3778 1064 3862; x_wconf 90' lang='lat' dir='ltr'><strong>ibat,</strong></span> <span class='ocrx_word' id='word_1_198' title='bbox 1087 3800 1193 3871; x_wconf 92' lang='lat' dir='ltr'><strong>quem</strong></span> <span class='ocrx_word' id='word_1_199' title='bbox 1215 3800 1275 3852; x_wconf 86' lang='lat' dir='ltr'><strong>ve·</strong></span> 
     </span>
     <span class='ocr_line' id='line_1_27' title="bbox 198 3893 1275 3988; baseline 0.006 -21"><span class='ocrx_word' id='word_1_200' title='bbox 198 3893 301 3967; x_wconf 82' lang='lat' dir='ltr'><strong>rebar</strong></span> <span class='ocrx_word' id='word_1_201' title='bbox 323 3894 433 3966; x_wconf 88' lang='lat' dir='ltr'><strong>oeulis</strong></span> <span class='ocrx_word' id='word_1_202' title='bbox 456 3894 606 3977; x_wconf 89' lang='lat' dir='ltr'><strong>anteire,</strong></span> <span class='ocrx_word' id='word_1_203' title='bbox 634 3916 679 3967; x_wconf 92' lang='lat' dir='ltr'><strong>ne</strong></span> <span class='ocrx_word' id='word_1_204' title='bbox 708 3897 738 3966; x_wconf 89' lang='lat' dir='ltr'><strong>si</strong></span> <span class='ocrx_word' id='word_1_205' title='bbox 763 3899 941 3988; x_wconf 90' lang='lat' dir='ltr'><strong>legissem,</strong></span> <span class='ocrx_word' id='word_1_206' title='bbox 968 3899 1150 3971; x_wconf 82' lang='lat' dir='ltr'><strong>scribendi.</strong></span> <span class='ocrx_word' id='word_1_207' title='bbox 1171 3901 1275 3973; x_wconf 89' lang='lat' dir='ltr'><strong>ardor</strong></span> 
     </span>
     <span class='ocr_line' id='line_1_28' title="bbox 198 4016 1274 4114; baseline 0.007 -30"><span class='ocrx_word' id='word_1_208' title='bbox 198 4016 254 4086; x_wconf 91' lang='lat' dir='ltr'><strong>ille</strong></span> <span class='ocrx_word' id='word_1_209' title='bbox 271 4026 474 4109; x_wconf 90' lang='lat' dir='ltr'><strong>tepesoeret.</strong></span> <span class='ocrx_word' id='word_1_210' title='bbox 492 4016 547 4088; x_wconf 90' lang='lat' dir='ltr'><strong>Sio</strong></span> <span class='ocrx_word' id='word_1_211' title='bbox 563 4016 669 4109; x_wconf 88' lang='lat' dir='ltr'><strong>igitur</strong></span> <span class='ocrx_word' id='word_1_212' title='bbox 685 4018 821 4090; x_wconf 79' lang='lat' dir='ltr'><strong>calamo</strong></span> <span class='ocrx_word' id='word_1_213' title='bbox 836 4020 993 4092; x_wconf 81' lang='lat' dir='ltr'><strong>frenante</strong></span> <span class='ocrx_word' id='word_1_214' title='bbox 1009 4022 1150 4091; x_wconf 89' lang='lat' dir='ltr'><strong>ooulum</strong></span> <span class='ocrx_word' id='word_1_215' title='bbox 1171 4031 1274 4114; x_wconf 89' lang='lat' dir='ltr'><strong>atque</strong></span> 
     </span>
     <span class='ocr_line' id='line_1_29' title="bbox 198 4139 1273 4231; baseline 0.009 -28"><span class='ocrx_word' id='word_1_216' title='bbox 198 4139 297 4208; x_wconf 88' lang='lat' dir='ltr'><strong>oculo</strong></span> <span class='ocrx_word' id='word_1_217' title='bbox 329 4141 500 4211; x_wconf 84' lang='lat' dir='ltr'><strong>calamum</strong></span> <span class='ocrx_word' id='word_1_218' title='bbox 534 4149 682 4231; x_wconf 88' lang='lat' dir='ltr'><strong>urgente</strong></span> <span class='ocrx_word' id='word_1_219' title='bbox 714 4139 947 4231; x_wconf 89' lang='lat' dir='ltr'><strong>provehebar,</strong></span> <span class='ocrx_word' id='word_1_220' title='bbox 979 4151 1111 4213; x_wconf 88' lang='lat' dir='ltr'><strong>utnon</strong></span> <span class='ocrx_word' id='word_1_221' title='bbox 1142 4151 1273 4215; x_wconf 87' lang='lat' dir='ltr'><strong>lautum</strong></span> 
     </span>
     <span class='ocr_line' id='line_1_30' title="bbox 198 4258 1275 4349; baseline 0.008 -27"><span class='ocrx_word' id='word_1_222' title='bbox 198 4274 303 4345; x_wconf 88' lang='lat' dir='ltr'><strong>opere</strong></span> <span class='ocrx_word' id='word_1_223' title='bbox 322 4258 512 4331; x_wconf 86' lang='lat' dir='ltr'><strong>delectatus</strong></span> <span class='ocrx_word' id='word_1_224' title='bbox 533 4260 620 4349; x_wconf 90' lang='lat' dir='ltr'><strong>sim,</strong></span> <span class='ocrx_word' id='word_1_225' title='bbox 643 4260 705 4331; x_wconf 90' lang='lat' dir='ltr'><strong>sed</strong></span> <span class='ocrx_word' id='word_1_226' title='bbox 731 4261 819 4333; x_wconf 88' lang='lat' dir='ltr'><strong>inter</strong></span> <span class='ocrx_word' id='word_1_227' title='bbox 844 4261 1066 4334; x_wconf 83' lang='lat' dir='ltr'><strong>scribendum</strong></span> <span class='ocrx_word' id='word_1_228' title='bbox 1089 4267 1198 4334; x_wconf 89' lang='lat' dir='ltr'><strong>multa</strong></span> <span class='ocrx_word' id='word_1_229' title='bbox 1223 4262 1275 4335; x_wconf 92' lang='lat' dir='ltr'><strong>di·</strong></span> 
     </span>
     <span class='ocr_line' id='line_1_31' title="bbox 198 4374 1275 4473; baseline 0.007 -28"><span class='ocrx_word' id='word_1_230' title='bbox 198 4374 339 4445; x_wconf 90' lang='lat' dir='ltr'><strong>dicerim</strong></span> <span class='ocrx_word' id='word_1_231' title='bbox 361 4380 607 4473; x_wconf 70' lang='lat' dir='ltr'><strong>memoriaque</strong></span> <span class='ocrx_word' id='word_1_232' title='bbox 639 4381 885 4454; x_wconf 89' lang='lat' dir='ltr'><strong>mandaverim.</strong></span> <span class='ocrx_word' id='word_1_233' title='bbox 916 4383 993 4467; x_wconf 89' lang='lat' dir='ltr'><strong>Quo</strong></span> <span class='ocrx_word' id='word_1_234' title='bbox 1022 4385 1114 4456; x_wconf 91' lang='lat' dir='ltr'><strong>enim</strong></span> <span class='ocrx_word' id='word_1_235' title='bbox 1147 4383 1275 4456; x_wconf 84' lang='lat' dir='ltr'><strong>tardior</strong></span> 
     </span>
     <span class='ocr_line' id='line_1_32' title="bbox 198 4493 1276 4600; baseline 0.01 -36"><span class='ocrx_word' id='word_1_236' title='bbox 198 4503 254 4564; x_wconf 91' lang='lat' dir='ltr'><strong>est</strong></span> <span class='ocrx_word' id='word_1_237' title='bbox 271 4493 443 4587; x_wconf 84' lang='lat' dir='ltr'><strong>scriptura</strong></span> <span class='ocrx_word' id='word_1_238' title='bbox 462 4516 567 4589; x_wconf 88' lang='lat' dir='ltr'><strong>quam</strong></span> <span class='ocrx_word' id='word_1_239' title='bbox 589 4504 702 4585; x_wconf 86' lang='lat' dir='ltr'><strong>lectio,</strong></span> <span class='ocrx_word' id='word_1_240' title='bbox 729 4524 772 4573; x_wconf 93' lang='lat' dir='ltr'><strong>eo</strong></span> <span class='ocrx_word' id='word_1_241' title='bbox 797 4503 897 4574; x_wconf 87' lang='lat' dir='ltr'><strong>altior</strong></span> <span class='ocrx_word' id='word_1_242' title='bbox 921 4505 1129 4600; x_wconf 90' lang='lat' dir='ltr'><strong>imprimitur</strong></span> <span class='ocrx_word' id='word_1_243' title='bbox 1149 4507 1276 4576; x_wconf 70' lang='lat' dir='ltr'><strong>haeret·</strong></span> 
     </span>
    </p>
   </div>
   <div class='ocr_carea' id='block_1_3' title="bbox 0 0 1374 5062">
    <p class='ocr_par' dir='ltr' id='par_1_3' title="bbox 0 0 1374 5062">
     <span class='ocr_line' id='line_1_33' title="bbox 0 0 1374 5062; baseline 0 0"><span class='ocrx_word' id='word_1_244' title='bbox 0 0 1374 5062; x_wconf 95' lang='lat' dir='ltr'><strong> </strong></span> 
     </span>
    </p>
   </div>
  </div>
 </body>
</html>
