<?xml version="1.0" encoding="UTF-8"?>
<!DOCTYPE html PUBLIC "-//W3C//DTD XHTML 1.0 Transitional//EN"
    "http://www.w3.org/TR/xhtml1/DTD/xhtml1-transitional.dtd">
<html xmlns="http://www.w3.org/1999/xhtml" xml:lang="en" lang="en">
 <head>
  <title>
</title>
<meta http-equiv="Content-Type" content="text/html;charset=utf-8" />
  <meta name='ocr-system' content='tesseract 3.04.00' />
  <meta name='ocr-capabilities' content='ocr_page ocr_carea ocr_par ocr_line ocrx_word'/>
</head>
<body>
  <div class='ocr_page' id='page_1' title='image "./epistolaederebu02fracgoog_0048.png"; bbox 0 0 2738 5062; ppageno 0'>
   <div class='ocr_carea' id='block_1_1' title="bbox 435 705 1228 767">
    <p class='ocr_par' dir='ltr' id='par_1_1' title="bbox 435 705 1228 767">
     <span class='ocr_line' id='line_1_1' title="bbox 435 705 1228 767; baseline 0.008 -6"><span class='ocrx_word' id='word_1_1' title='bbox 435 712 526 762; x_wconf 78' lang='lat' dir='ltr'><strong>imm</strong></span> <span class='ocrx_word' id='word_1_2' title='bbox 549 713 876 765; x_wconf 75' lang='lat' dir='ltr'><strong>nouus-smmum</strong></span> <span class='ocrx_word' id='word_1_3' title='bbox 898 717 939 765; x_wconf 83' lang='lat' dir='ltr'><strong>xi.</strong></span> <span class='ocrx_word' id='word_1_4' title='bbox 1189 705 1228 767; x_wconf 82' lang='grc'><strong>39</strong></span> 
     </span>
    </p>
   </div>
   <div class='ocr_carea' id='block_1_2' title="bbox 140 833 1230 2271">
    <p class='ocr_par' dir='ltr' id='par_1_2' title="bbox 140 833 1230 2271">
     <span class='ocr_line' id='line_1_2' title="bbox 242 833 1227 930; baseline 0.003 -24"><span class='ocrx_word' id='word_1_5' title='bbox 242 833 515 907; x_wconf 82' lang='lat' dir='ltr'><strong>Innumerabilia</strong></span> <span class='ocrx_word' id='word_1_6' title='bbox 532 834 637 906; x_wconf 92' lang='lat' dir='ltr'><strong>huius</strong></span> <span class='ocrx_word' id='word_1_7' title='bbox 656 835 794 926; x_wconf 77' lang='lat' dir='ltr'><strong>generis</strong></span> <span class='ocrx_word' id='word_1_8' title='bbox 811 839 973 930; x_wconf 89' lang='lat' dir='ltr'><strong>exempla</strong></span> <span class='ocrx_word' id='word_1_9' title='bbox 991 858 1030 906; x_wconf 87' lang='lat' dir='ltr'><strong>se</strong></span> <span class='ocrx_word' id='word_1_10' title='bbox 1050 837 1227 928; x_wconf 77' lang='lat' dir='ltr'><strong>ingerunt3</strong></span> 
     </span>
     <span class='ocr_line' id='line_1_3' title="bbox 143 957 1228 1051; baseline -0.002 -18"><span class='ocrx_word' id='word_1_11' title='bbox 143 959 205 1033; x_wconf 89' lang='lat' dir='ltr'><strong>sed</strong></span> <span class='ocrx_word' id='word_1_12' title='bbox 227 965 267 1029; x_wconf 86' lang='lat' dir='ltr'><strong>ut</strong></span> <span class='ocrx_word' id='word_1_13' title='bbox 294 958 364 1030; x_wconf 87' lang='lat' dir='ltr'><strong>iam</strong></span> <span class='ocrx_word' id='word_1_14' title='bbox 388 957 641 1050; x_wconf 76' lang='lat' dir='ltr'><strong>longiusculam</strong></span> <span class='ocrx_word' id='word_1_15' title='bbox 667 958 849 1051; x_wconf 88' lang='lat' dir='ltr'><strong>epistolam</strong></span> <span class='ocrx_word' id='word_1_16' title='bbox 877 957 975 1030; x_wconf 89' lang='lat' dir='ltr'><strong>brevi</strong></span> <span class='ocrx_word' id='word_1_17' title='bbox 997 957 1067 1029; x_wconf 89' lang='lat' dir='ltr'><strong>line</strong></span> <span class='ocrx_word' id='word_1_18' title='bbox 1091 961 1228 1032; x_wconf 90' lang='lat' dir='ltr'><strong>conclu-</strong></span> 
     </span>
     <span class='ocr_line' id='line_1_4' title="bbox 141 1078 1229 1172; baseline -0.002 -19"><span class='ocrx_word' id='word_1_19' title='bbox 141 1080 241 1165; x_wconf 89' lang='lat' dir='ltr'><strong>dam,</strong></span> <span class='ocrx_word' id='word_1_20' title='bbox 263 1078 351 1172; x_wconf 89' lang='lat' dir='ltr'><strong>quid</strong></span> <span class='ocrx_word' id='word_1_21' title='bbox 371 1079 428 1151; x_wconf 89' lang='lat' dir='ltr'><strong>hic</strong></span> <span class='ocrx_word' id='word_1_22' title='bbox 447 1079 524 1149; x_wconf 92' lang='lat' dir='ltr'><strong>miri</strong></span> <span class='ocrx_word' id='word_1_23' title='bbox 544 1088 613 1164; x_wconf 90' lang='lat' dir='ltr'><strong>est,</strong></span> <span class='ocrx_word' id='word_1_24' title='bbox 638 1080 667 1150; x_wconf 91' lang='lat' dir='ltr'><strong>si</strong></span> <span class='ocrx_word' id='word_1_25' title='bbox 690 1080 803 1151; x_wconf 90' lang='lat' dir='ltr'><strong>virtus</strong></span> <span class='ocrx_word' id='word_1_26' title='bbox 827 1089 896 1166; x_wconf 89' lang='lat' dir='ltr'><strong>tua,</strong></span> <span class='ocrx_word' id='word_1_27' title='bbox 923 1082 1069 1152; x_wconf 81' lang='lat' dir='ltr'><strong>etfama</strong></span> <span class='ocrx_word' id='word_1_28' title='bbox 1090 1080 1229 1152; x_wconf 83' lang='lat' dir='ltr'><strong>virtutis</strong></span> 
     </span>
     <span class='ocr_line' id='line_1_5' title="bbox 140 1190 1229 1298; baseline 0.001 -23"><span class='ocrx_word' id='word_1_29' title='bbox 140 1223 259 1275; x_wconf 85' lang='lat' dir='ltr'><strong>comes</strong></span> <span class='ocrx_word' id='word_1_30' title='bbox 299 1200 497 1287; x_wconf 86' lang='lat' dir='ltr'><strong>individua,</strong></span> <span class='ocrx_word' id='word_1_31' title='bbox 531 1190 720 1272; x_wconf 90' lang='lat' dir='ltr'><strong>multorum</strong></span> <span class='ocrx_word' id='word_1_32' title='bbox 747 1211 851 1294; x_wconf 84' lang='lat' dir='ltr'><strong>atque</strong></span> <span class='ocrx_word' id='word_1_33' title='bbox 884 1201 918 1273; x_wconf 90' lang='lat' dir='ltr'><strong>in</strong></span> <span class='ocrx_word' id='word_1_34' title='bbox 950 1203 1070 1298; x_wconf 89' lang='lat' dir='ltr'><strong>primis</strong></span> <span class='ocrx_word' id='word_1_35' title='bbox 1110 1204 1229 1276; x_wconf 88' lang='lat' dir='ltr'><strong>latoris</strong></span> 
     </span>
     <span class='ocr_line' id='line_1_6' title="bbox 141 1322 1230 1417; baseline 0.003 -22"><span class='ocrx_word' id='word_1_36' title='bbox 141 1324 370 1417; x_wconf 81' lang='lat' dir='ltr'><strong>praesentium</strong></span> <span class='ocrx_word' id='word_1_37' title='bbox 394 1322 476 1395; x_wconf 90' lang='lat' dir='ltr'><strong>fidei</strong></span> <span class='ocrx_word' id='word_1_38' title='bbox 496 1324 640 1409; x_wconf 86' lang='lat' dir='ltr'><strong>eredita,</strong></span> <span class='ocrx_word' id='word_1_39' title='bbox 660 1345 717 1395; x_wconf 93' lang='lat' dir='ltr'><strong>me</strong></span> <span class='ocrx_word' id='word_1_40' title='bbox 738 1326 772 1395; x_wconf 94' lang='lat' dir='ltr'><strong>in</strong></span> <span class='ocrx_word' id='word_1_41' title='bbox 794 1325 977 1397; x_wconf 80' lang='lat' dir='ltr'><strong>amicitiam</strong></span> <span class='ocrx_word' id='word_1_42' title='bbox 999 1335 1093 1397; x_wconf 91' lang='lat' dir='ltr'><strong>tuam</strong></span> <span class='ocrx_word' id='word_1_43' title='bbox 1112 1325 1230 1398; x_wconf 78' lang='lat' dir='ltr'><strong>dulce</strong></span> 
     </span>
     <span class='ocr_line' id='line_1_7' title="bbox 140 1446 1229 1540; baseline 0.003 -22"><span class='ocrx_word' id='word_1_44' title='bbox 140 1446 224 1519; x_wconf 89' lang='lat' dir='ltr'><strong>dine</strong></span> <span class='ocrx_word' id='word_1_45' title='bbox 243 1455 385 1540; x_wconf 83' lang='lat' dir='ltr'><strong>captum</strong></span> <span class='ocrx_word' id='word_1_46' title='bbox 407 1446 533 1517; x_wconf 76' lang='lat' dir='ltr'><strong>trahit?</strong></span> <span class='ocrx_word' id='word_1_47' title='bbox 552 1447 752 1518; x_wconf 72' lang='lat' dir='ltr'><strong>Praesertim</strong></span> <span class='ocrx_word' id='word_1_48' title='bbox 771 1469 849 1517; x_wconf 92' lang='lat' dir='ltr'><strong>cum</strong></span> <span class='ocrx_word' id='word_1_49' title='bbox 868 1446 954 1517; x_wconf 91' lang='lat' dir='ltr'><strong>nihil</strong></span> <span class='ocrx_word' id='word_1_50' title='bbox 971 1446 1145 1540; x_wconf 88' lang='lat' dir='ltr'><strong>impediat,</strong></span> <span class='ocrx_word' id='word_1_51' title='bbox 1160 1472 1229 1521; x_wconf 91' lang='lat' dir='ltr'><strong>non</strong></span> 
     </span>
     <span class='ocr_line' id='line_1_8' title="bbox 140 1567 1229 1662; baseline -0.001 -21"><span class='ocrx_word' id='word_1_52' title='bbox 140 1575 239 1653; x_wconf 75' lang='lat' dir='ltr'><strong>eus,</strong></span> <span class='ocrx_word' id='word_1_53' title='bbox 261 1588 332 1638; x_wconf 92' lang='lat' dir='ltr'><strong>ncn</strong></span> <span class='ocrx_word' id='word_1_54' title='bbox 351 1567 474 1660; x_wconf 85' lang='lat' dir='ltr'><strong>patria,</strong></span> <span class='ocrx_word' id='word_1_55' title='bbox 491 1589 560 1640; x_wconf 92' lang='lat' dir='ltr'><strong>non</strong></span> <span class='ocrx_word' id='word_1_56' title='bbox 574 1569 753 1662; x_wconf 82' lang='lat' dir='ltr'><strong>imparitas</strong></span> <span class='ocrx_word' id='word_1_57' title='bbox 775 1568 993 1641; x_wconf 75' lang='lat' dir='ltr'><strong>studiorum?</strong></span> <span class='ocrx_word' id='word_1_58' title='bbox 1010 1569 1229 1642; x_wconf 78' lang='lat' dir='ltr'><strong>confabulari</strong></span> 
     </span>
     <span class='ocr_line' id='line_1_9' title="bbox 142 1688 1229 1776; baseline 0.001 -13"><span class='ocrx_word' id='word_1_59' title='bbox 142 1699 258 1763; x_wconf 82' lang='lat' dir='ltr'><strong>tecum</strong></span> <span class='ocrx_word' id='word_1_60' title='bbox 292 1689 463 1761; x_wconf 87' lang='lat' dir='ltr'><strong>hactenus</strong></span> <span class='ocrx_word' id='word_1_61' title='bbox 488 1690 681 1763; x_wconf 92' lang='lat' dir='ltr'><strong>iucundum</strong></span> <span class='ocrx_word' id='word_1_62' title='bbox 707 1691 824 1762; x_wconf 92' lang='lat' dir='ltr'><strong>animo</strong></span> <span class='ocrx_word' id='word_1_63' title='bbox 849 1688 1030 1776; x_wconf 84' lang='lat' dir='ltr'><strong>mensuit,</strong></span> <span class='ocrx_word' id='word_1_64' title='bbox 1058 1692 1137 1763; x_wconf 91' lang='lat' dir='ltr'><strong>hinc</strong></span> <span class='ocrx_word' id='word_1_65' title='bbox 1161 1692 1229 1764; x_wconf 83' lang='lat' dir='ltr'><strong>inm</strong></span> 
     </span>
     <span class='ocr_line' id='line_1_10' title="bbox 142 1812 1230 1909; baseline 0.004 -26"><span class='ocrx_word' id='word_1_66' title='bbox 142 1812 227 1883; x_wconf 90' lang='lat' dir='ltr'><strong>mibi</strong></span> <span class='ocrx_word' id='word_1_67' title='bbox 248 1833 390 1883; x_wconf 90' lang='lat' dir='ltr'><strong>manum</strong></span> <span class='ocrx_word' id='word_1_68' title='bbox 413 1813 527 1885; x_wconf 85' lang='lat' dir='ltr'><strong>solitae</strong></span> <span class='ocrx_word' id='word_1_69' title='bbox 547 1814 793 1909; x_wconf 81' lang='lat' dir='ltr'><strong>occupationes</strong></span> <span class='ocrx_word' id='word_1_70' title='bbox 811 1814 977 1885; x_wconf 85' lang='lat' dir='ltr'><strong>iniiciunt.</strong></span> <span class='ocrx_word' id='word_1_71' title='bbox 996 1815 1047 1884; x_wconf 87' lang='lat' dir='ltr'><strong>Tu</strong></span> <span class='ocrx_word' id='word_1_72' title='bbox 1067 1837 1150 1886; x_wconf 79' lang='lat' dir='ltr'><strong>vero</strong></span> <span class='ocrx_word' id='word_1_73' title='bbox 1167 1838 1230 1887; x_wconf 88' lang='lat' dir='ltr'><strong>va·</strong></span> 
     </span>
     <span class='ocr_line' id='line_1_11' title="bbox 142 1935 1229 2030; baseline 0.005 -24"><span class='ocrx_word' id='word_1_74' title='bbox 142 1937 184 2020; x_wconf 89' lang='lat' dir='ltr'><strong>le,</strong></span> <span class='ocrx_word' id='word_1_75' title='bbox 196 1945 233 2006; x_wconf 88' lang='lat' dir='ltr'><strong>et</strong></span> <span class='ocrx_word' id='word_1_76' title='bbox 245 1936 409 2028; x_wconf 88' lang='lat' dir='ltr'><strong>quotiens</strong></span> <span class='ocrx_word' id='word_1_77' title='bbox 432 1935 562 2007; x_wconf 85' lang='lat' dir='ltr'><strong>amices</strong></span> <span class='ocrx_word' id='word_1_78' title='bbox 579 1945 656 2007; x_wconf 93' lang='lat' dir='ltr'><strong>tuos</strong></span> <span class='ocrx_word' id='word_1_79' title='bbox 671 1935 881 2020; x_wconf 83' lang='lat' dir='ltr'><strong>numerabis,</strong></span> <span class='ocrx_word' id='word_1_80' title='bbox 903 1958 1002 2020; x_wconf 85' lang='lat' dir='ltr'><strong>cave,</strong></span> <span class='ocrx_word' id='word_1_81' title='bbox 1024 1960 1162 2030; x_wconf 87' lang='lat' dir='ltr'><strong>quaeso,</strong></span> <span class='ocrx_word' id='word_1_82' title='bbox 1186 1961 1229 2011; x_wconf 89' lang='lat' dir='ltr'><strong>ne</strong></span> 
     </span>
     <span class='ocr_line' id='line_1_12' title="bbox 142 2057 1230 2144; baseline 0.002 -15"><span class='ocrx_word' id='word_1_83' title='bbox 142 2078 260 2129; x_wconf 89' lang='lat' dir='ltr'><strong>meum</strong></span> <span class='ocrx_word' id='word_1_84' title='bbox 286 2057 393 2129; x_wconf 89' lang='lat' dir='ltr'><strong>sileas</strong></span> <span class='ocrx_word' id='word_1_85' title='bbox 414 2078 550 2129; x_wconf 90' lang='lat' dir='ltr'><strong>nomen.</strong></span> <span class='ocrx_word' id='word_1_86' title='bbox 572 2058 723 2144; x_wconf 87' lang='lat' dir='ltr'><strong>Patavii,</strong></span> <span class='ocrx_word' id='word_1_87' title='bbox 747 2057 800 2129; x_wconf 87' lang='lat' dir='ltr'><strong>Vl.</strong></span> <span class='ocrx_word' id='word_1_88' title='bbox 824 2057 906 2129; x_wconf 93' lang='lat' dir='ltr'><strong>ldus</strong></span> <span class='ocrx_word' id='word_1_89' title='bbox 926 2059 996 2130; x_wconf 89' lang='lat' dir='ltr'><strong>lan.</strong></span> <span class='ocrx_word' id='word_1_90' title='bbox 1020 2058 1088 2130; x_wconf 92' lang='lat' dir='ltr'><strong>sub</strong></span> <span class='ocrx_word' id='word_1_91' title='bbox 1108 2058 1230 2131; x_wconf 89' lang='lat' dir='ltr'><strong>intem-</strong></span> 
     </span>
     <span class='ocr_line' id='line_1_13' title="bbox 142 2178 559 2271; baseline -0.007 -19"><span class='ocrx_word' id='word_1_92' title='bbox 142 2187 253 2271; x_wconf 79' lang='lat' dir='ltr'><strong>pesfae</strong></span> <span class='ocrx_word' id='word_1_93' title='bbox 272 2179 385 2252; x_wconf 88' lang='lat' dir='ltr'><strong>nectis</strong></span> <span class='ocrx_word' id='word_1_94' title='bbox 408 2178 559 2251; x_wconf 88' lang='lat' dir='ltr'><strong>silentio.</strong></span> 
     </span>
    </p>
   </div>
   <div class='ocr_carea' id='block_1_3' title="bbox 644 2385 720 2397">
    <p class='ocr_par' dir='ltr' id='par_1_3' title="bbox 644 2385 720 2397">
     <span class='ocr_line' id='line_1_14' title="bbox 644 2385 720 2397; baseline 0.026 -2"><span class='ocrx_word' id='word_1_95' title='bbox 644 2385 720 2397; x_wconf 62' lang='lat' dir='ltr'><strong>——u</strong></span> 
     </span>
    </p>
   </div>
   <div class='ocr_carea' id='block_1_4' title="bbox 557 2555 846 2667">
    <p class='ocr_par' dir='ltr' id='par_1_4' title="bbox 557 2555 846 2667">
     <span class='ocr_line' id='line_1_15' title="bbox 557 2555 846 2667; baseline 0.014 -3"><span class='ocrx_word' id='word_1_96' title='bbox 557 2600 734 2667; x_wconf 79' lang='lat' dir='ltr'><strong>ausuum</strong></span> <span class='ocrx_word' id='word_1_97' title='bbox 755 2602 811 2667; x_wconf 89' lang='lat' dir='ltr'><strong>xu.</strong></span> <span class='ocrx_word' id='word_1_98' title='bbox 833 2555 846 2579; x_wconf 65' lang='lat'>⁸</span> 
     </span>
    </p>
   </div>
   <div class='ocr_carea' id='block_1_5' title="bbox 376 2786 997 2841">
    <p class='ocr_par' dir='ltr' id='par_1_5' title="bbox 376 2786 997 2841">
     <span class='ocr_line' id='line_1_16' title="bbox 376 2786 997 2841; baseline 0.011 -7"><span class='ocrx_word' id='word_1_99' title='bbox 376 2786 572 2837; x_wconf 73' lang='lat' dir='ltr'><strong>FlleClSGUS</strong></span> <span class='ocrx_word' id='word_1_100' title='bbox 592 2789 762 2841; x_wconf 75' lang='lat' dir='ltr'>PETRARCA</span> <span class='ocrx_word' id='word_1_101' title='bbox 783 2791 825 2839; x_wconf 80' lang='lat' dir='ltr'><strong>au</strong></span> <span class='ocrx_word' id='word_1_102' title='bbox 846 2791 997 2841; x_wconf 74' lang='lat' dir='ltr'><strong>mauruli.</strong></span> 
     </span>
    </p>
   </div>
   <div class='ocr_carea' id='block_1_6' title="bbox 197 2951 1173 3098">
    <p class='ocr_par' dir='ltr' id='par_1_6' title="bbox 197 2951 1173 3098">
     <span class='ocr_line' id='line_1_17' title="bbox 197 2951 1173 3024; baseline 0.001 -17"><span class='ocrx_word' id='word_1_103' title='bbox 197 2952 234 3007; x_wconf 84' lang='lat' dir='ltr'><strong>Se</strong></span> <span class='ocrx_word' id='word_1_104' title='bbox 246 2966 353 3007; x_wconf 89' lang='lat' dir='ltr'><strong>morem</strong></span> <span class='ocrx_word' id='word_1_105' title='bbox 368 2951 394 3006; x_wconf 89' lang='lat' dir='ltr'><strong>ei</strong></span> <span class='ocrx_word' id='word_1_106' title='bbox 408 2968 504 3023; x_wconf 77' lang='lat' dir='ltr'><strong>gerere</strong></span> <span class='ocrx_word' id='word_1_107' title='bbox 517 2959 609 3024; x_wconf 78' lang='lat' dir='ltr'><strong>negat,</strong></span> <span class='ocrx_word' id='word_1_108' title='bbox 625 2953 692 3007; x_wconf 91' lang='lat' dir='ltr'><strong>dum</strong></span> <span class='ocrx_word' id='word_1_109' title='bbox 706 2959 820 3024; x_wconf 77' lang='lat' dir='ltr'><strong>rogatur</strong></span> <span class='ocrx_word' id='word_1_110' title='bbox 833 2959 866 3008; x_wconf 90' lang='lat' dir='ltr'><strong>ut</strong></span> <span class='ocrx_word' id='word_1_111' title='bbox 877 2954 984 3010; x_wconf 83' lang='lat' dir='ltr'><strong>litteras</strong></span> <span class='ocrx_word' id='word_1_112' title='bbox 998 2953 1033 3007; x_wconf 87' lang='lat' dir='ltr'><strong>ad</strong></span> <span class='ocrx_word' id='word_1_113' title='bbox 1048 2955 1173 3024; x_wconf 80' lang='lat' dir='ltr'><strong>ignotum</strong></span> 
     </span>
     <span class='ocr_line' id='line_1_18' title="bbox 559 3042 819 3098; baseline 0.004 -2"><span class='ocrx_word' id='word_1_114' title='bbox 559 3042 703 3098; x_wconf 82' lang='lat' dir='ltr'><strong>bominem</strong></span> <span class='ocrx_word' id='word_1_115' title='bbox 717 3042 819 3097; x_wconf 81' lang='lat' dir='ltr'><strong>mittat.</strong></span> 
     </span>
    </p>
   </div>
   <div class='ocr_carea' id='block_1_7' title="bbox 145 3283 1228 4603">
    <p class='ocr_par' dir='ltr' id='par_1_7' title="bbox 145 3283 1228 4603">
     <span class='ocr_line' id='line_1_19' title="bbox 243 3283 1226 3378; baseline -0.001 -22"><span class='ocrx_word' id='word_1_116' title='bbox 243 3285 390 3356; x_wconf 81' lang='lat' dir='ltr'><strong>Mirarer</strong></span> <span class='ocrx_word' id='word_1_117' title='bbox 407 3285 503 3378; x_wconf 90' lang='lat' dir='ltr'><strong>quod</strong></span> <span class='ocrx_word' id='word_1_118' title='bbox 523 3285 570 3358; x_wconf 88' lang='lat' dir='ltr'><strong>ita</strong></span> <span class='ocrx_word' id='word_1_119' title='bbox 592 3295 623 3357; x_wconf 86' lang='lat' dir='ltr'><strong>te</strong></span> <span class='ocrx_word' id='word_1_120' title='bbox 642 3307 741 3357; x_wconf 88' lang='lat' dir='ltr'><strong>amor</strong></span> <span class='ocrx_word' id='word_1_121' title='bbox 760 3284 847 3357; x_wconf 91' lang='lat' dir='ltr'><strong>meis</strong></span> <span class='ocrx_word' id='word_1_122' title='bbox 865 3283 950 3356; x_wconf 91' lang='lat' dir='ltr'><strong>fallit</strong></span> <span class='ocrx_word' id='word_1_123' title='bbox 965 3283 1001 3355; x_wconf 94' lang='lat' dir='ltr'><strong>in</strong></span> <span class='ocrx_word' id='word_1_124' title='bbox 1017 3283 1140 3370; x_wconf 90' lang='lat' dir='ltr'><strong>rebus,</strong></span> <span class='ocrx_word' id='word_1_125' title='bbox 1159 3284 1226 3356; x_wconf 89' lang='lat' dir='ltr'><strong>nisi</strong></span> 
     </span>
     <span class='ocr_line' id='line_1_20' title="bbox 145 3406 1228 3500; baseline 0.003 -23"><span class='ocrx_word' id='word_1_126' title='bbox 145 3426 241 3499; x_wconf 80' lang='lat' dir='ltr'><strong>saepe</strong></span> <span class='ocrx_word' id='word_1_127' title='bbox 265 3406 487 3480; x_wconf 88' lang='lat' dir='ltr'><strong>doctissimos</strong></span> <span class='ocrx_word' id='word_1_128' title='bbox 508 3408 686 3480; x_wconf 81' lang='lat' dir='ltr'><strong>fefellisset</strong></span> <span class='ocrx_word' id='word_1_129' title='bbox 706 3406 919 3500; x_wconf 88' lang='lat' dir='ltr'><strong>vicissetque</strong></span> <span class='ocrx_word' id='word_1_130' title='bbox 943 3407 1166 3494; x_wconf 69' lang='lat' dir='ltr'><strong>fortissimos</strong></span> <span class='ocrx_word' id='word_1_131' title='bbox 1192 3418 1228 3481; x_wconf 90' lang='lat' dir='ltr'><strong>et</strong></span> 
     </span>
     <span class='ocr_line' id='line_1_21' title="bbox 145 3529 1224 3623; baseline 0.001 -21"><span class='ocrx_word' id='word_1_132' title='bbox 145 3529 334 3602; x_wconf 91' lang='lat' dir='ltr'><strong>altissimos</strong></span> <span class='ocrx_word' id='word_1_133' title='bbox 359 3531 570 3603; x_wconf 88' lang='lat' dir='ltr'><strong>inclinasset.</strong></span> <span class='ocrx_word' id='word_1_134' title='bbox 596 3530 786 3603; x_wconf 83' lang='lat' dir='ltr'><strong>Extorsisti</strong></span> <span class='ocrx_word' id='word_1_135' title='bbox 813 3541 851 3603; x_wconf 91' lang='lat' dir='ltr'><strong>ut</strong></span> <span class='ocrx_word' id='word_1_136' title='bbox 875 3531 993 3623; x_wconf 78' lang='lat' dir='ltr'><strong>ignoto</strong></span> <span class='ocrx_word' id='word_1_137' title='bbox 1020 3530 1224 3620; x_wconf 84' lang='lat' dir='ltr'><strong>scriberem,</strong></span> 
     </span>
     <span class='ocr_line' id='line_1_22' title="bbox 146 3651 1225 3746; baseline 0.002 -23"><span class='ocrx_word' id='word_1_138' title='bbox 146 3653 385 3746; x_wconf 87' lang='lat' dir='ltr'><strong>successitque</strong></span> <span class='ocrx_word' id='word_1_139' title='bbox 402 3653 554 3724; x_wconf 80' lang='lat' dir='ltr'><strong>feliciter.</strong></span> <span class='ocrx_word' id='word_1_140' title='bbox 573 3651 732 3725; x_wconf 84' lang='lat' dir='ltr'><strong>Amicum</strong></span> <span class='ocrx_word' id='word_1_141' title='bbox 750 3652 879 3725; x_wconf 88' lang='lat' dir='ltr'><strong>bonum</strong></span> <span class='ocrx_word' id='word_1_142' title='bbox 898 3653 931 3724; x_wconf 92' lang='lat' dir='ltr'><strong>in</strong></span> <span class='ocrx_word' id='word_1_143' title='bbox 949 3655 1092 3743; x_wconf 77' lang='lat' dir='ltr'><strong>longum</strong></span> <span class='ocrx_word' id='word_1_144' title='bbox 1109 3674 1225 3725; x_wconf 85' lang='lat' dir='ltr'><strong>aevum</strong></span> 
     </span>
     <span class='ocr_line' id='line_1_23' title="bbox 148 3774 1224 3869; baseline 0.001 -25"><span class='ocrx_word' id='word_1_145' title='bbox 148 3776 319 3867; x_wconf 71' lang='lat' dir='ltr'><strong>quaesisse</strong></span> <span class='ocrx_word' id='word_1_146' title='bbox 340 3774 462 3846; x_wconf 90' lang='lat' dir='ltr'><strong>videor</strong></span> <span class='ocrx_word' id='word_1_147' title='bbox 482 3775 610 3869; x_wconf 86' lang='lat' dir='ltr'><strong>scripto</strong></span> <span class='ocrx_word' id='word_1_148' title='bbox 631 3776 741 3847; x_wconf 88' lang='lat' dir='ltr'><strong>brevi.</strong></span> <span class='ocrx_word' id='word_1_149' title='bbox 764 3776 847 3847; x_wconf 85' lang='lat' dir='ltr'><strong>Orta</strong></span> <span class='ocrx_word' id='word_1_150' title='bbox 868 3774 995 3847; x_wconf 89' lang='lat' dir='ltr'><strong>fiducia</strong></span> <span class='ocrx_word' id='word_1_151' title='bbox 1014 3796 1060 3846; x_wconf 83' lang='lat' dir='ltr'><strong>ex</strong></span> <span class='ocrx_word' id='word_1_152' title='bbox 1081 3784 1224 3860; x_wconf 81' lang='lat' dir='ltr'><strong>eventu,</strong></span> 
     </span>
     <span class='ocr_line' id='line_1_24' title="bbox 146 3892 1225 3988; baseline 0.003 -22"><span class='ocrx_word' id='word_1_153' title='bbox 146 3895 241 3988; x_wconf 90' lang='lat' dir='ltr'><strong>quod</strong></span> <span class='ocrx_word' id='word_1_154' title='bbox 259 3897 419 3970; x_wconf 89' lang='lat' dir='ltr'><strong>inrebus</strong></span> <span class='ocrx_word' id='word_1_155' title='bbox 436 3900 545 3971; x_wconf 87' lang='lat' dir='ltr'><strong>ferme</strong></span> <span class='ocrx_word' id='word_1_156' title='bbox 562 3899 725 3971; x_wconf 90' lang='lat' dir='ltr'><strong>omnibus</strong></span> <span class='ocrx_word' id='word_1_157' title='bbox 742 3898 874 3982; x_wconf 84' lang='lat' dir='ltr'><strong>accidit,</strong></span> <span class='ocrx_word' id='word_1_158' title='bbox 893 3897 1003 3970; x_wconf 83' lang='lat' dir='ltr'><strong>instas</strong></span> <span class='ocrx_word' id='word_1_159' title='bbox 1022 3905 1060 3969; x_wconf 94' lang='lat' dir='ltr'><strong>ut</strong></span> <span class='ocrx_word' id='word_1_160' title='bbox 1077 3892 1225 3969; x_wconf 87' lang='lat' dir='ltr'><strong>scribam</strong></span> 
     </span>
     <span class='ocr_line' id='line_1_25' title="bbox 146 4018 1227 4113; baseline 0.002 -25"><span class='ocrx_word' id='word_1_161' title='bbox 146 4018 258 4103; x_wconf 88' lang='lat' dir='ltr'><strong>alteri,</strong></span> <span class='ocrx_word' id='word_1_162' title='bbox 281 4019 412 4111; x_wconf 82' lang='lat' dir='ltr'><strong>ingenti</strong></span> <span class='ocrx_word' id='word_1_163' title='bbox 439 4019 578 4113; x_wconf 90' lang='lat' dir='ltr'><strong>quidem</strong></span> <span class='ocrx_word' id='word_1_164' title='bbox 603 4033 643 4094; x_wconf 90' lang='lat' dir='ltr'><strong>ut</strong></span> <span class='ocrx_word' id='word_1_165' title='bbox 665 4021 718 4095; x_wconf 90' lang='lat' dir='ltr'><strong>ais</strong></span> <span class='ocrx_word' id='word_1_166' title='bbox 743 4022 831 4106; x_wconf 85' lang='lat' dir='ltr'><strong>viro,</strong></span> <span class='ocrx_word' id='word_1_167' title='bbox 859 4042 962 4113; x_wconf 91' lang='lat' dir='ltr'><strong>quem</strong></span> <span class='ocrx_word' id='word_1_168' title='bbox 989 4042 1054 4091; x_wconf 89' lang='lat' dir='ltr'><strong>nec</strong></span> <span class='ocrx_word' id='word_1_169' title='bbox 1079 4019 1227 4090; x_wconf 88' lang='lat' dir='ltr'><strong>viderim</strong></span> 
     </span>
     <span class='ocr_line' id='line_1_26' title="bbox 147 4140 1227 4232; baseline 0 -20"><span class='ocrx_word' id='word_1_170' title='bbox 147 4151 271 4226; x_wconf 75' lang='lat' dir='ltr'><strong>umen,</strong></span> <span class='ocrx_word' id='word_1_171' title='bbox 285 4162 351 4213; x_wconf 89' lang='lat' dir='ltr'><strong>nec</strong></span> <span class='ocrx_word' id='word_1_172' title='bbox 365 4142 543 4227; x_wconf 87' lang='lat' dir='ltr'><strong>audierim,</strong></span> <span class='ocrx_word' id='word_1_173' title='bbox 557 4165 624 4214; x_wconf 89' lang='lat' dir='ltr'><strong>nec</strong></span> <span class='ocrx_word' id='word_1_174' title='bbox 639 4144 779 4216; x_wconf 92' lang='lat' dir='ltr'><strong>omnino</strong></span> <span class='ocrx_word' id='word_1_175' title='bbox 796 4142 963 4225; x_wconf 90' lang='lat' dir='ltr'><strong>noverim,</strong></span> <span class='ocrx_word' id='word_1_176' title='bbox 978 4140 1080 4232; x_wconf 89' lang='lat' dir='ltr'><strong>quasi</strong></span> <span class='ocrx_word' id='word_1_177' title='bbox 1094 4151 1227 4213; x_wconf 91' lang='lat' dir='ltr'><strong>certum</strong></span> 
     </span>
     <span class='ocr_line' id='line_1_27' title="bbox 147 4262 1228 4348; baseline 0 -14"><span class='ocrx_word' id='word_1_178' title='bbox 147 4262 278 4336; x_wconf 88' lang='lat' dir='ltr'><strong>babeas</strong></span> <span class='ocrx_word' id='word_1_179' title='bbox 296 4264 349 4337; x_wconf 89' lang='lat' dir='ltr'><strong>sic</strong></span> <span class='ocrx_word' id='word_1_180' title='bbox 364 4264 459 4336; x_wconf 92' lang='lat' dir='ltr'><strong>illum</strong></span> <span class='ocrx_word' id='word_1_181' title='bbox 477 4265 578 4338; x_wconf 91' lang='lat' dir='ltr'><strong>deme</strong></span> <span class='ocrx_word' id='word_1_182' title='bbox 599 4265 846 4348; x_wconf 86' lang='lat' dir='ltr'><strong>iudicaturum,</strong></span> <span class='ocrx_word' id='word_1_183' title='bbox 866 4272 904 4335; x_wconf 93' lang='lat' dir='ltr'><strong>ut</strong></span> <span class='ocrx_word' id='word_1_184' title='bbox 924 4273 961 4334; x_wconf 92' lang='lat' dir='ltr'><strong>tu</strong></span> <span class='ocrx_word' id='word_1_185' title='bbox 980 4262 1142 4348; x_wconf 86' lang='lat' dir='ltr'><strong>dictitas;</strong></span> <span class='ocrx_word' id='word_1_186' title='bbox 1164 4285 1228 4335; x_wconf 87' lang='lat' dir='ltr'><strong>nec</strong></span> 
     </span>
     <span class='ocr_line' id='line_1_28' title="bbox 145 4384 1225 4484; baseline -0.005 -26"><span class='ocrx_word' id='word_1_187' title='bbox 145 4388 316 4472; x_wconf 87' lang='lat' dir='ltr'><strong>advertis,</strong></span> <span class='ocrx_word' id='word_1_188' title='bbox 328 4409 390 4460; x_wconf 89' lang='lat' dir='ltr'><strong>seu</strong></span> <span class='ocrx_word' id='word_1_189' title='bbox 403 4389 497 4482; x_wconf 88' lang='lat' dir='ltr'><strong>quod</strong></span> <span class='ocrx_word' id='word_1_190' title='bbox 513 4391 592 4484; x_wconf 89' lang='lat' dir='ltr'><strong>plus</strong></span> <span class='ocrx_word' id='word_1_191' title='bbox 610 4388 787 4479; x_wconf 76' lang='lat' dir='ltr'><strong>intelligat,</strong></span> <span class='ocrx_word' id='word_1_192' title='bbox 803 4408 865 4458; x_wconf 88' lang='lat' dir='ltr'><strong>seu</strong></span> <span class='ocrx_word' id='word_1_193' title='bbox 879 4385 972 4480; x_wconf 88' lang='lat' dir='ltr'><strong>quud</strong></span> <span class='ocrx_word' id='word_1_194' title='bbox 991 4396 1085 4458; x_wconf 90' lang='lat' dir='ltr'><strong>amet</strong></span> <span class='ocrx_word' id='word_1_195' title='bbox 1100 4384 1225 4466; x_wconf 90' lang='lat' dir='ltr'><strong>miuus,</strong></span> 
     </span>
     <span class='ocr_line' id='line_1_29' title="bbox 146 4505 1228 4603; baseline -0.006 -19"><span class='ocrx_word' id='word_1_196' title='bbox 146 4531 252 4603; x_wconf 85' lang='lat' dir='ltr'><strong>posse</strong></span> <span class='ocrx_word' id='word_1_197' title='bbox 278 4510 326 4581; x_wconf 91' lang='lat' dir='ltr'><strong>illi</strong></span> <span class='ocrx_word' id='word_1_198' title='bbox 352 4511 445 4583; x_wconf 85' lang='lat' dir='ltr'><strong>aliud</strong></span> <span class='ocrx_word' id='word_1_199' title='bbox 470 4533 550 4582; x_wconf 88' lang='lat' dir='ltr'><strong>csse</strong></span> <span class='ocrx_word' id='word_1_200' title='bbox 575 4510 751 4583; x_wconf 87' lang='lat' dir='ltr'><strong>iudicium.</strong></span> <span class='ocrx_word' id='word_1_201' title='bbox 778 4511 829 4581; x_wconf 90' lang='lat' dir='ltr'><strong>lta</strong></span> <span class='ocrx_word' id='word_1_202' title='bbox 848 4512 989 4596; x_wconf 87' lang='lat' dir='ltr'><strong>famam,</strong></span> <span class='ocrx_word' id='word_1_203' title='bbox 1012 4529 1117 4602; x_wconf 88' lang='lat' dir='ltr'><strong>quam</strong></span> <span class='ocrx_word' id='word_1_204' title='bbox 1138 4505 1228 4573; x_wconf 81' lang='lat' dir='ltr'><strong>iuter</strong></span> 
     </span>
    </p>
   </div>
   <div class='ocr_carea' id='block_1_8' title="bbox 0 0 1383 5062">
    <p class='ocr_par' dir='ltr' id='par_1_8' title="bbox 0 0 1383 5062">
     <span class='ocr_line' id='line_1_30' title="bbox 0 0 1383 5062; baseline 0 0"><span class='ocrx_word' id='word_1_205' title='bbox 0 0 1383 5062; x_wconf 95' lang='lat' dir='ltr'><strong> </strong></span> 
     </span>
    </p>
   </div>
  </div>
 </body>
</html>
