2738 5062
382 697 472 746 binen
495 697 918 748 ououncinus-nrrsnoti
942 700 1005 748 nui.
1178 691 1233 751 ltl

565 1021 741 1086 nulsione
763 1022 831 1087 Xlll.

344 1230 536 1280 Futuctscus
558 1233 725 1283 estuanti
747 1235 921 1286 Fuuuclsco
943 1238 1047 1287 Petunt

401 1335 589 1384 SANCTORUM
611 1336 838 1388 eroseotuuuu
860 1341 885 1388 S.
908 1341 936 1388 P.
958 1343 987 1389 ll.

207 1541 334 1599 Nunciat
347 1559 408 1599 rein
421 1543 544 1599 Ubertini
556 1546 683 1601 monachi
695 1562 713 1616 a
728 1563 757 1601 se
770 1554 945 1618 procuratam
960 1548 1029 1603 bene
1044 1548 1170 1618 cessisse,

351 1632 432 1704 eique
447 1632 521 1704 quod
536 1633 668 1688 auxilium
682 1635 840 1706 praestiterit
854 1636 954 1706 gratias
968 1635 1032 1707 agit.

246 1912 459 1997 Ridiculum,
479 1913 693 1985 rancidulum
716 1915 931 1986 stoinacliulo
953 1916 1109 1988 incidens
1133 1918 1226 2009 quod

148 2035 334 2109 Umbrosae
353 2035 461 2106 Vallis
478 2036 589 2108 abbas
611 2037 760 2109 instabili
787 2039 869 2108 mihi
896 2049 1057 2111 votorum
1078 2043 1226 2113 alterna-

147 2160 242 2230 tione
262 2169 454 2253 pepererat
475 2159 519 2230 de
535 2181 604 2251 quo
622 2171 733 2230 tecum
749 2179 852 2252 saepe,
868 2163 897 2232 si
911 2163 1060 2248 memini,
1076 2174 1223 2257 questus

146 2303 259 2364 eram,
291 2289 457 2352 excutere
484 2282 598 2359 nisus,
628 2304 761 2355 summa
784 2307 924 2378 precum
947 2286 995 2372 vi,
1021 2287 1116 2380 quod
1141 2288 1224 2358 mihi

146 2424 328 2495 nunquam
342 2406 484 2485 fueram,
500 2403 546 2475 lui
560 2406 634 2476 aliis
648 2405 861 2492 ambitiosae,
877 2411 1030 2494 sedulus,
1047 2412 1221 2483 sollicitae.

145 2525 322 2611 Vidisses,
345 2527 534 2598 iucundum
557 2528 715 2600 simulet
739 2530 939 2603 miserabile
965 2536 1222 2625 spectaculum,

146 2672 204 2721 me
224 2649 422 2721 solitudinis
439 2649 578 2722 avidum
598 2662 703 2744 atque
719 2653 790 2737 otii,
810 2662 846 2722 ot
862 2652 896 2723 in
915 2653 1013 2722 silvis
1031 2676 1148 2725 errare
1166 2676 1223 2725 so-

145 2772 259 2858 litum,
282 2773 425 2844 mutatis
452 2784 593 2866 repente
620 2773 757 2856 studiis,
784 2795 862 2844 cum
891 2773 1021 2863 ingenti
1041 2775 1221 2849 curialium

144 2907 288 2971 caterva
307 2896 384 2969 dies
410 2906 498 2968 totos
519 2895 718 2989 pontificum
741 2896 900 2990 superbis
922 2896 1098 2968 liminibus
1120 2899 1221 2970 ober-

143 3034 293 3105 rantem,
312 3019 516 3091 mirantibus
534 3019 662 3103 amicis,
683 3017 979 3091 stomachantibus
993 3041 1127 3091 mecum
1144 3045 1221 3093 mu-

144 3144 203 3217 sis.
221 3141 316 3229 Quid
336 3144 470 3213 multa‘l
489 3141 580 3214 Vicit
596 3142 735 3215 tandem
757 3141 854 3214 labor
874 3143 1091 3234 importunus
1112 3141 1221 3214 obsti-

143 3280 258 3341 natam
284 3266 465 3339 duritiem:
495 3264 672 3362 pridieque
702 3265 868 3338 kalendas
898 3265 1018 3350 maias,
1054 3265 1138 3338 dum
1172 3288 1219 3339 ex

142 3412 237 3463 more
258 3389 294 3460 in
315 3388 401 3459 solio
418 3387 598 3481 piscatoris
621 3388 775 3481 pontifex
796 3388 970 3461 maximus
988 3390 1216 3475 consedisset,

142 3516 243 3611 pleno
255 3512 400 3585 concilio
411 3511 684 3605 conscriptorum
699 3521 843 3606 patrum,
862 3511 995 3584 amicus
1015 3523 1133 3585 noster
1150 3514 1218 3586 sub

142 3637 265 3710 umbra
286 3635 353 3706 mei
374 3635 538 3720 nominis,
564 3636 659 3728 quod
684 3635 740 3708 illo
766 3635 823 3709 die
842 3636 877 3707 in
898 3657 960 3707 ore
984 3637 1215 3708 maximorum

141 3758 321 3832 bominum
340 3758 539 3830 ventilatum
557 3770 661 3852 atque
682 3770 873 3843 versatum,
897 3759 1099 3852 multisque,
1122 3760 1215 3832 veris

142 3882 285 3965 utinam,
306 3879 468 3952 laudibus
481 3892 660 3953 oneratum
678 3882 753 3966 suit,
772 3884 883 3954 factus
901 3891 956 3953 est
974 3880 1045 3952 voti
1060 3902 1213 3974 compos.

141 4006 215 4090 Qua
235 4005 271 4074 in
293 4025 330 4074 re
347 4012 382 4074 et
401 4003 551 4075 amicitia
576 4002 642 4074 sibi
667 4003 792 4096 proluit
816 4015 852 4075 ot
876 4003 1051 4085 meritum,
1081 4002 1144 4073 sed
1167 4002 1213 4072 nil

140 4127 253 4219 magis
273 4147 379 4218 quam
401 4125 614 4198 inimicorum
641 4124 862 4195 inexorabilis
888 4133 924 4195 et
948 4124 1128 4216 implacata
1155 4148 1213 4197 su-

140 4251 267 4346 perbia,
282 4260 319 4321 et
331 4249 520 4342 indignatio
537 4271 622 4333 mea,
639 4270 718 4342 quae
735 4247 779 4318 de
797 4248 896 4339 segni
914 4252 969 4318 me
989 4247 1213 4341 vigilantissi-

140 4396 236 4445 mum
260 4376 397 4446 lecerat.
427 4373 500 4443 Pati
530 4394 597 4444 nou
632 4369 726 4463 potui
759 4381 827 4441 tam
858 4371 1000 4443 licenter
1032 4374 1211 4443 veritatem

140 4496 317 4570 mendacio
332 4497 468 4568 calcari.
490 4496 528 4567 ld
549 4494 715 4585 gavisuro
735 4493 792 4565 tibi
812 4495 1010 4566 nunciatum
1034 4495 1142 4575 rolui,
1167 4493 1211 4561 si-
