2738 5062
141 637 198 700 tlt
310 708 312 712 ,
479 653 520 701 ns
540 651 641 701 nunus
661 649 881 701 ramniunmus

141 801 254 862 terum
277 791 388 861 omnis
405 789 481 860 dies
499 790 646 874 bomini,
668 791 772 860 etiam
790 811 882 860 nunc
901 786 1031 859 morbis
1050 787 1212 873 obnoxio,

140 935 271 985 novum
294 911 432 1005 aliquod
448 914 492 985 de
512 913 622 1008 ipsius
644 921 755 984 morte
776 912 965 1005 suspirium
985 912 1098 1005 parit,
1116 922 1167 998 ut,
1185 914 1215 984 si

141 1046 263 1108 cuncta
283 1035 406 1107 litteris
426 1036 591 1107 mandare
623 1035 742 1120 velim,
776 1036 823 1105 nil
856 1038 929 1106 lere
953 1034 1049 1108 aliud
1073 1046 1215 1107 acturus

142 1159 222 1243 sim,
245 1160 391 1252 ideoque
416 1160 531 1230 ventis
557 1158 721 1230 mandare
747 1158 938 1231 consultius
959 1159 1019 1229 sit:
1040 1159 1215 1231 interdum

142 1290 258 1352 tamen
278 1291 313 1352 et
331 1282 467 1365 litteris,
490 1283 594 1375 quale
612 1291 668 1351 cst
687 1279 770 1352 illud
791 1282 981 1375 quodcum
1002 1282 1132 1355 nudius
1149 1292 1218 1354 ter-

142 1402 211 1474 tius
237 1402 462 1496 digressurus
491 1404 648 1488 Patavio,
682 1403 726 1475 ad
759 1405 960 1476 memoriam
994 1404 1215 1479 revocassem

141 1537 301 1620 rogatum
322 1550 392 1612 me,
412 1536 462 1612 ut,
481 1529 575 1621 quod
597 1527 672 1599 sine
692 1526 854 1621 precibus
871 1525 995 1612 debeo,
1018 1528 1065 1599 illi
1082 1549 1164 1601 caro
1183 1540 1218 1602 ct

141 1659 255 1722 amato
268 1650 373 1722 cineri
386 1650 526 1745 aliquod
537 1650 751 1744 epigramma
763 1649 1029 1736 subscriberem,
1046 1651 1111 1724 sed
1123 1653 1217 1727 diem

142 1772 187 1844 de
206 1772 264 1844 die
284 1773 476 1845 trahentem
496 1772 712 1864 neglexisse,
734 1772 829 1844 dolui
850 1794 985 1844 mecum
1010 1783 1047 1845 et
1070 1773 1215 1860 erubui,

141 1896 330 1991 quidquam
350 1896 491 1968 omnino
508 1906 578 1966 tam
596 1895 653 1988 pio
668 1906 703 1967 et
719 1904 790 1967 tam
807 1894 923 1967 debito
940 1894 1109 1989 obsequio
1129 1918 1219 1991 prae-

143 2021 259 2091 latum.
282 2019 438 2111 Cumque
459 2019 527 2088 iam
546 2021 748 2111 frequentes
768 2018 913 2091 adorent
936 2019 996 2113 qui
1023 2040 1079 2090 me
1098 2040 1222 2115 prose·

142 2151 343 2234 querentur,
365 2153 401 2212 et
419 2141 455 2210 in
474 2142 593 2233 primis
613 2144 785 2237 promissa
805 2152 1039 2236 reposcerent,
1057 2162 1141 2235 quat
1155 2164 1220 2215 nec

142 2265 263 2357 negari
278 2264 389 2356 pudor
406 2264 545 2348 sineret,
561 2286 625 2336 nec
638 2274 776 2362 tempus
789 2265 937 2359 impleri,
952 2265 1035 2359 quid
1047 2267 1220 2339 iacerem?

144 2389 241 2481 Coepi
261 2388 391 2480 impetu
413 2388 442 2458 si
463 2386 656 2479 quomodo
676 2409 816 2480 possem
837 2389 966 2461 addere
991 2391 1105 2461 calcar
1124 2390 1222 2483 inge-

144 2512 214 2591 nio;
238 2513 481 2605 profectusque
500 2532 579 2582 cum
597 2510 717 2604 paucis
738 2510 784 2582 ad
804 2511 953 2605 sepulcri
973 2512 1101 2598 locum,
1119 2511 1222 2606 quusi

142 2634 314 2708 licentiam
339 2655 444 2728 quam
477 2655 497 2705 a
522 2632 664 2706 vivente
690 2655 957 2717 consueveram,
993 2632 1040 2705 ab
1066 2635 1221 2706 exanimi

142 2766 379 2853 percepturus.
403 2757 651 2850 lntempestiva
671 2755 757 2828 hora
777 2756 845 2828 diei
866 2768 955 2842 erat,
977 2754 1222 2851 obseratisque

145 2881 260 2975 templi
279 2881 411 2953 loribus
431 2889 466 2952 et
487 2878 751 2952 meridiantibus
771 2879 925 2963 aedituis,
943 2878 1007 2950 vix
1028 2877 1219 2964 admissus,

144 3001 250 3076 iussis
268 3014 453 3098 expectare
472 3003 674 3088 comitibus,
697 3003 831 3075 accessi
850 3004 947 3073 solus
966 3003 1012 3075 ad
1032 3005 1218 3088 tumulum,

145 3126 289 3220 sedique
309 3128 419 3211 iuxta,
439 3138 475 3197 et
494 3147 564 3196 non
584 3125 808 3217 responsuris
828 3124 970 3196 ossibus
994 3124 1104 3196 verba
1126 3124 1219 3200 dedi.

145 3249 216 3319 lllic
232 3268 315 3338 ergo
328 3268 391 3339 pro
404 3256 558 3338 tempore
571 3245 817 3317 brevissimam
836 3268 969 3319 moram
983 3246 1136 3333 trahens,
1152 3272 1221 3322 non

146 3370 222 3440 siue
253 3367 416 3463 lacrymis
447 3367 626 3438 sexdecim
651 3371 772 3460 elegos
797 3369 925 3441 dictavi
956 3369 1080 3441 ardore
1108 3371 1222 3465 magis

146 3492 267 3574 animi,
289 3513 393 3584 quam
415 3490 531 3563 studio
552 3500 612 3562 aut
631 3493 763 3564 ratione
788 3492 872 3564 artis
898 3493 1051 3579 adiutus,
1079 3495 1223 3567 tradidi-

147 3636 215 3710 que
233 3613 498 3710 expectantibus
530 3615 649 3687 amiois
679 3616 741 3686 vix
768 3615 814 3687 ad
844 3616 978 3687 exitum
1011 3617 1219 3711 perductos,

147 3750 250 3831 atque
280 3736 361 3822 abii,
384 3738 543 3809 hortatus
563 3747 602 3810 ut
622 3738 652 3810 si
672 3737 757 3809 nihil
777 3747 837 3810 aut
856 3738 923 3810 illis
943 3749 1004 3810 aut
1029 3739 1114 3810 mibi
1134 3741 1222 3811 inte·

148 3861 211 3931 rim
226 3860 350 3933 melius
361 3859 582 3947 occurrisset,
597 3883 644 3933 ex
657 3861 712 3933 bis
730 3861 760 3932 si
776 3861 862 3954 quid
874 3863 1026 3957 placeret
1041 3861 1221 3954 eligerent,

148 3982 314 4057 arbitratu
334 4006 412 4067 suo,
435 3983 657 4061 incidendum
686 3985 863 4070 marmori,
895 3984 941 4058 ad
972 3985 1067 4079 quod
1092 3986 1222 4078 polien-

148 4106 232 4178 dum
253 4107 398 4200 insignis
419 4130 510 4179 nuno
529 4106 702 4178 artificum
721 4107 871 4181 desudat
890 4108 1070 4184 industria.
1095 4111 1187 4182 Vale.

649 4398 728 4410 *u
