2738 5062
469 868 654 932 unnucrsu
686 868 888 932 remmon

296 1091 362 1166 ΠΕ
410 1087 594 1165 REBUS
645 1082 1070 1163 FAMILIARIBUS

357 1336 508 1404 trouu
551 1333 993 1407 uuctutUSTuuTtUS.

657 1590 722 1597 —.

573 1849 747 1915 uersuum
766 1850 786 1912 1.

232 2066 424 2114 russelsctts
446 2065 612 2114 uerutum
634 2063 762 2114 GUlDONI
782 2062 934 2113 srtscoro
955 2061 1134 2113 PURTUENS!

518 2170 689 2219 culturum
710 2170 735 2220 S.
757 2171 786 2219 1).
807 2170 837 2217 It.

470 2376 632 2429 consolatur
645 2377 673 2429 in
689 2375 764 2430 obitu
779 2377 883 2428 matris.

240 2630 317 2700 Seio
346 2630 401 2700 cui
429 2631 564 2722 loquor,
597 2629 713 2721 eique,
740 2652 841 2721 quem
872 2629 1057 2724 propitium
1092 2628 1213 2723 ingenii

142 2753 208 2823 moi
230 2754 397 2825 arbitrum
418 2762 453 2823 et
473 2750 660 2842 benignum
682 2773 820 2846 semper
842 2752 1061 2845 interpretem
1088 2752 1211 2837 habui,

140 2877 194 2948 cui
215 2885 384 2971 praeterca
406 2872 508 2944 fidem
527 2894 640 2943 meam
661 2872 875 2944 notissimam
893 2894 1061 2944 essenon
1079 2874 1212 2955 dubito,

142 2997 256 3069 stilum
295 2998 486 3070 studiosius
523 2996 765 3068 commendare
805 2996 834 3066 si
863 3017 1010 3087 nequeo,
1046 2996 1215 3069 brevitate

141 3123 304 3217 temporis
327 3131 490 3204 arctatus
508 3141 577 3190 non
595 3140 802 3213 magnopere
818 3118 956 3190 curabo.
974 3117 1125 3192 Animus
1144 3122 1215 3217 ipsc

140 3266 241 3314 meus
263 3253 376 3313 tecum
398 3241 532 3312 silentio
556 3242 659 3311 ctiam
681 3242 772 3333 loqui
794 3243 898 3312 solet:
927 3263 1029 3335 spero
1057 3254 1094 3314 te
1123 3245 1212 3316 ilium

140 3365 331 3455 intelligere
355 3376 391 3434 ot
415 3363 635 3457 persuasisse
654 3363 730 3445 tibi,
754 3374 788 3434 te
813 3373 950 3447 moesto,
976 3366 1096 3438 loetum
1121 3367 1211 3439 ilium

140 3508 309 3557 essenon
335 3507 450 3577 posse.
478 3484 620 3555 Accedit
653 3486 746 3578 quod
773 3507 876 3556 omne
901 3488 972 3557 tere
995 3486 1212 3559 miseriarum

140 3631 250 3701 genus
271 3620 450 3700 expertus,
474 3604 634 3677 fidentior
651 3607 695 3678 ad
714 3608 881 3678 calamum
903 3610 959 3679 vel
981 3608 1132 3681 festinus
1156 3630 1213 3681 ve-

139 3735 206 3803 nio.
225 3732 323 3801 Nullo
345 3728 426 3798 mihi
446 3728 617 3809 taborum,
639 3731 732 3800 nulia
753 3728 909 3800 dotorum
936 3731 1041 3803 facies
1067 3730 1214 3803 occurrit

140 3851 322 3942 incognito.
345 3850 523 3921 indoctum
540 3861 662 3920 nutum
680 3853 814 3920 fortuna
833 3851 950 3921 tatium
967 3852 1109 3925 doctum
1127 3854 1211 3926 iecit.

140 3974 210 4043 lloc
237 3996 341 4044 uuum
363 3973 470 4045 dolori
499 3993 576 4042 meo
602 3972 738 4056 decrat,
773 3984 809 4043 ut
838 3976 915 4045 stilo
943 3972 1013 4045 fitio
1040 3975 1075 4045 in
1096 3976 1212 4049 matris

139 4093 234 4164 obitu
254 4098 449 4167 consolator
468 4095 673 4165 existerem:
695 4115 737 4165 ea
759 4094 855 4178 mihi,
888 4097 1006 4179 fateor,
1043 4120 1158 4190 usquc
1181 4097 1212 4167 iu

141 4228 345 4307 praesentem
364 4217 455 4287 diem
473 4219 640 4287 luctuoso
654 4215 806 4286 matoriae
819 4238 900 4310 pars
915 4217 1039 4290 intacta
1054 4240 1214 4314 permon-

141 4346 243 4407 semt.
267 4337 305 4408 ld
325 4338 416 4407 cuim
438 4339 519 4407 nulli
538 4360 657 4410 eorum
679 4360 768 4432 quos
792 4361 870 4410 amo
896 4352 956 4411 aut
981 4363 1132 4414 veneror
1155 4364 1211 4413 ne-

141 4459 330 4531 cessnrium
352 4459 518 4527 hactenns
552 4464 659 4530 iuerat
695 4460 850 4552 obsequii
877 4486 1001 4553 genus,
1026 4465 1092 4535 uisi
1116 4463 1209 4541 mihi,
