2738 5062
550 670 591 717 DE
614 669 714 717 nnntts
735 666 956 716 stultissimus

504 920 507 925 ’
633 948 809 1012 nersroni
830 949 873 1012 nr.

366 1142 560 1191 Fnsrtclsco's
582 1141 749 1191 rnrntncn
771 1140 905 1191 SOGRATI
925 1140 985 1189 SUO
1005 1140 1032 1189 S.
1054 1141 1082 1189 Ρ.
1106 1140 1138 1189 n.

213 1318 269 1371 Sua
293 1332 322 1370 se
347 1322 421 1370 sorte
444 1321 604 1370 contentum
628 1316 667 1370 nil
700 1315 820 1386 emplius
847 1330 986 1385 querere,
1015 1313 1054 1369 nil
1082 1316 1306 1389 concupiscere,

301 1410 329 1459 et
340 1404 376 1459 ab
390 1405 485 1459 amicis
497 1407 577 1459 enixe
590 1409 683 1475 petere
697 1419 733 1459 ne
748 1402 784 1457 de
797 1403 909 1457 fortuna
922 1403 982 1459 eius
1000 1404 1086 1459 velint
1112 1420 1143 1459 se
1173 1406 1307 1478 prebere

301 1493 430 1549 solicitos.

314 1768 420 1839 Muite
447 1763 507 1835 tibi
527 1763 643 1835 dicere
670 1762 774 1835 habui
796 1763 900 1835 hodie
923 1782 1005 1855 quae
1025 1762 1143 1835 sciens
1164 1774 1296 1856 praete-

212 1913 293 1971 re0;
314 1890 473 1961 dicentur
494 1888 587 1958 enim
612 1908 726 1959 eorem
748 1884 892 1956 liberius
911 1894 1017 1976 etque
1039 1882 1187 1957 facilius.
1213 1886 1298 1959 Lin-

212 2035 281 2102 gua
307 2011 341 2079 in
368 2009 552 2081 solitudine
578 2010 637 2081 diu
666 2008 768 2080 tacita
792 2018 828 2078 et
852 2008 994 2079 immota
1020 2006 1115 2081 hunc
1139 2006 1297 2101 intigntis

214 2132 367 2202 laborem
388 2130 507 2221 digitis
529 2130 671 2200 eximet.
694 2131 806 2202 Unum
823 2128 952 2201 differri
973 2130 1090 2211 noluit,
1111 2130 1210 2223 quod
1225 2152 1295 2203 non

213 2250 283 2332 tibi,
307 2250 371 2320 sed
391 2252 502 2321 amico
519 2252 693 2321 communi
712 2252 841 2323 dietum
864 2252 916 2335 sit,
936 2252 995 2345 qui
1017 2273 1081 2323 suo
1096 2262 1135 2323 et
1153 2252 1296 2345 publico

212 2392 309 2441 more
328 2392 420 2440 nune
440 2392 495 2438 me
517 2370 606 2455 suis
629 2393 720 2441 nunc
741 2372 862 2443 alienis
883 2370 1006 2444 litteris
1025 2371 1172 2456 excitet,
1193 2384 1230 2446 et
1249 2374 1293 2447 nd

210 2490 418 2587 cupiditates
436 2491 587 2583 gelidum
604 2492 820 2565 inflammare
838 2497 926 2566 veile
940 2517 1006 2567 non
1019 2495 1157 2579 desinit,
1176 2508 1292 2591 utque,

213 2625 251 2686 ut
275 2615 323 2687 ait
349 2614 522 2700 Horatius,
556 2615 704 2687 amando
729 2615 873 2706 perdere
902 2629 1073 2711 properat.
1101 2619 1294 2695 Commune

214 2741 342 2811 maium
365 2737 526 2810 amicitiae
546 2740 724 2829 vutgaris:
746 2761 851 2831 quarn
872 2738 917 2811 ob
936 2762 1088 2823 causam,
1109 2742 1179 2813 etsi
1199 2744 1294 2838 opud

212 2884 270 2933 me
289 2860 387 2933 amici
414 2859 505 2932 iliius
533 2861 685 2933 charitas
710 2871 779 2933 tote
802 2861 859 2939 sit.
882 2872 976 2934 certe
994 2862 1210 2939 existimatio
1230 2866 1294 2939 irn-

212 2984 344 3055 minuta
362 2994 430 3067 est,
448 2992 485 3053 et
504 2992 544 3053 ut
563 2982 607 3054 de
632 2983 795 3056 Cicerone
822 3005 886 3055 suo
912 2983 1064 3075 loquitur
1082 2986 1232 3058 Brutus:
1253 2985 1294 3057 dc

210 3128 322 3177 amore
341 3130 400 3177 sno
425 3107 511 3176 nihii
534 3116 580 3175 est
599 3109 786 3190 remissum,
814 3104 853 3175 de
873 3104 994 3176 iudicio
1015 3110 1160 3200 larqiter.
1184 3110 1293 3203 Equi-

212 3229 291 3299 dem
312 3250 381 3318 ego
399 3238 436 3299 ut
456 3228 630 3299 hominem
652 3231 760 3300 multa
777 3228 860 3298 mihi
878 3228 1060 3321 probatum
1080 3229 1149 3303 fide
1166 3254 1210 3305 ec
1229 3256 1293 3307 ve-

213 3348 274 3415 teri
293 3346 440 3419 amicitie
454 3350 675 3421 coniunctum
693 3372 760 3422 non
774 3371 891 3421 amare
906 3373 1047 3443 nequeo,
1068 3353 1117 3423 sic
1133 3352 1291 3427 animum

213 3476 313 3538 terrae
333 3471 476 3539 affixum
497 3469 760 3563 degeneresque
781 3472 971 3542 sententias
993 3494 1061 3544 non
1081 3473 1201 3546 odisse
1222 3496 1292 3547 non

211 3612 364 3683 possum.
387 3588 515 3658 Scitote
535 3590 640 3680 igitur
661 3604 711 3673 tu,
734 3593 822 3683 ipse,
851 3594 917 3664 mei
938 3615 1059 3666 omnes
1081 3595 1294 3691 ubicumque

212 3724 293 3784 sunt
312 3710 441 3803 quibus
459 3711 600 3801 segnior
616 3734 775 3807 appareo,
796 3714 1007 3808 imposuisse
1027 3739 1082 3788 me
1101 3718 1195 3789 votis
1217 3740 1294 3791 mo

210 3835 307 3919 dum,
331 3835 444 3928 deque
464 3834 556 3905 omni
579 3834 670 3927 quod
693 3836 726 3905 in
748 3837 813 3908 hac
834 3839 905 3911 vita
927 3840 994 3908 iam
1015 3842 1158 3911 evenire
1183 3862 1293 3933 posse

210 3958 370 4031 videatur
401 3957 577 4030 modicum
604 3980 748 4031 curare:
773 3982 901 4053 cupere
928 3969 1044 4032 autem
1075 3962 1170 4034 nihii.
1198 3964 1293 4037 satis

208 4080 298 4150 enim
321 4082 431 4153 habeo
459 4082 503 4153 nd
526 4081 653 4153 victum
681 4104 750 4176 quo
776 4083 831 4153 vir
852 4084 1021 4154 honestus
1047 4105 1126 4155 cum
1154 4086 1293 4157 fortuna

210 4202 325 4273 ioedus
347 4205 438 4275 ineat
458 4214 492 4275 et
512 4214 697 4276 contentus
719 4217 810 4295 agat.
833 4206 946 4277 Minus
968 4204 1088 4276 hebuit
1108 4205 1289 4291 Quintius,

210 4323 323 4394 minus
345 4325 480 4405 Curius,
503 4326 617 4395 minus
639 4325 825 4410 FebritiuS‚
849 4327 963 4399 minus
984 4328 1133 4413 Attitius,
1156 4330 1217 4423 qni
1239 4330 1293 4403 vi-

208 4455 331 4518 cerunt
344 4467 447 4537 reges
462 4468 502 4517 ac
523 4450 677 4538 populos,
700 4450 830 4541 quique
851 4450 1047 4544 triumphus
1067 4452 1195 4524 clarior
1215 4451 1288 4533 init,
