2738 5062
388 708 481 757 nrnnn
503 710 923 759 attenuemus—nemnem
946 713 977 760 n.
1161 700 1217 761 165

138 868 190 919 uae
211 845 319 929 iilud,
339 846 408 917 boc
425 847 552 929 meriti,
574 847 671 917 doce.
695 849 800 919 Deum
823 850 920 932 colat,
946 848 1087 942 patriam
1111 859 1216 931 amet,

139 970 309 1042 iustitiam
332 976 461 1049 servet,
486 969 558 1038 sine
578 991 646 1059 qua
673 991 826 1060 regnum,
849 973 926 1042 licet
958 974 1158 1064 opulentum
1179 992 1218 1038 ar

138 1093 308 1174 validum,
331 1099 426 1160 stare
447 1090 575 1181 nequit.
598 1091 712 1162 Discat
732 1093 920 1163 violentum
942 1095 1025 1165 nihii
1050 1116 1132 1165 esse
1146 1097 1219 1164 lon-

139 1236 296 1309 gaevum,
314 1225 352 1283 et
368 1212 477 1284 amari
494 1216 602 1283 mutto
620 1215 726 1284 tutius
743 1238 942 1308 essequam
958 1220 1073 1289 metui.
1088 1217 1220 1288 Assue-

142 1347 214 1409 scat
233 1336 322 1407 nibil
345 1336 378 1405 in
402 1336 501 1406 terris
534 1345 653 1428 optare
686 1337 751 1406 nisi
785 1338 909 1408 bonam
936 1351 1108 1421 mentem,
1137 1341 1218 1409 nihii

143 1481 289 1554 sperare
310 1458 378 1529 nisi
403 1456 526 1530 bonam
554 1460 694 1541 tamam,
722 1460 805 1530 nihii
834 1460 898 1530 nisi
924 1462 1077 1531 dedecus
1103 1463 1219 1532 sormi-

142 1586 239 1656 dare.
261 1582 398 1673 Cogitet
417 1603 487 1674 quo
507 1583 683 1664 altiorest,
698 1604 740 1653 eo
762 1606 799 1652 se
821 1583 946 1653 elarius
967 1585 1085 1665 videri,
1109 1606 1220 1675 eoque

143 1707 260 1775 minus
281 1705 455 1774 occultare
480 1726 584 1796 posse
609 1726 689 1797 qum
714 1706 875 1795 gesserim,
903 1716 938 1774 et
963 1728 1032 1797 qno
1059 1706 1221 1797 potentian

143 1830 221 1919 ptus
241 1836 369 1908 osteo
390 1824 505 1895 minus
525 1848 605 1896 esse
627 1828 783 1897 licentiae.
810 1829 953 1897 Noverit
977 1851 1099 1918 regem
1121 1851 1139 1898 a
1162 1850 1222 1920 po-

144 1952 225 2043 pulo
242 1970 313 2020 non
328 1947 441 2039 magis
462 1949 579 2019 babitu
602 1950 737 2019 differre
758 1974 861 2042 quam
881 1950 1048 2022 moribus.
1068 1951 1219 2033 Student,

144 2074 189 2146 ab
206 2073 379 2144 extremis
402 2092 504 2162 aeqno
527 2073 637 2164 spatio
657 2071 849 2157 discedens
872 2075 1035 2145 virtutem
1055 2074 1088 2142 in
1106 2073 1220 2144 medio

149 2218 246 2267 snam
264 2192 375 2286 sequi.
390 2194 514 2263 Cesset
532 2194 765 2287 prodigalitas,
785 2195 875 2266 absit
892 2197 1048 2269 avaritia:
1064 2198 1120 2268 iila
1137 2216 1222 2289 opes

153 2328 275 2401 vastat,
298 2320 375 2389 haec
396 2318 551 2408 gloriam.
574 2318 625 2387 Sit
645 2340 729 2389 sane
750 2328 854 2389 tenax
876 2322 976 2390 samm
997 2321 1157 2414 propriae,
1179 2321 1223 2387 sit

153 2462 272 2535 pareus
293 2441 450 2521 honoris
475 2441 519 2510 sit
543 2462 671 2512 avarus
698 2441 872 2536 temporis,
902 2443 946 2513 sit
972 2446 1090 2537 largus
1117 2466 1221 2534 pecu-

150 2564 227 2650 nia,
248 2574 286 2636 et
304 2564 390 2634 iliud
417 2564 547 2633 romani
572 2564 670 2635 ducis
692 2566 989 2636 modestissimum
1009 2566 1223 2636 animosissi-

147 2709 315 2780 mumque
347 2706 553 2779 responsum
587 2708 725 2778 semper
758 2686 792 2753 in
825 2686 967 2756 auribus
997 2688 1072 2756 eius
1110 2695 1223 2755 sonet:

147 2812 239 2883 node
251 2832 387 2892 aurum,
404 2807 465 2879 sed
478 2830 601 2878 aurum
615 2807 822 2877 habentibus
838 2808 1021 2898 imperare.
1036 2808 1130 2876 Matit
1144 2807 1226 2875 sub

151 2934 258 3004 iectos
276 2930 455 3005 abundare
476 2951 579 3022 qnam
607 2927 744 3009 fiscum,
760 2937 795 2995 et-
813 2928 981 3017 inteliigat
994 2928 1113 2998 divitis
1127 2926 1223 3017 regni

150 3055 325 3127 dominum
353 3055 489 3146 inopem
519 3073 694 3123 essenon
720 3070 832 3143 posse.
864 3051 1102 3120 Catamitatum
1135 3071 1227 3118 sem-

150 3198 211 3270 per
230 3176 428 3247 meminerit
447 3197 488 3245 ac
508 3173 674 3256 laborum,
692 3195 780 3266 quos
794 3174 995 3246 calamitosa
1009 3170 1227 3243 Terra-iabo-

151 3298 196 3369 ris
217 3298 275 3369 his
295 3297 509 3391 temporibus
530 3318 636 3388 passa
655 3308 723 3368 est:
747 3307 828 3369 tunc
847 3320 889 3368 se
910 3297 1053 3379 felicem,
1081 3307 1162 3367 tunc
1188 3318 1226 3366 se

151 3420 221 3494 voti
241 3427 453 3512 compotem,
477 3427 557 3487 tune
579 3439 615 3487 se
636 3439 720 3487 vere
743 3442 861 3511 regem
880 3430 984 3515 putet,
1004 3418 1144 3512 quando
1161 3420 1226 3490 cri-

152 3544 305 3615 minibus
325 3543 446 3612 alienis
482 3542 636 3613 invectas
658 3543 816 3615 miserias
841 3547 976 3639 propria
1001 3545 1129 3617 virtute
1155 3545 1228 3616 dis-

153 3666 317 3748 cusserit,
351 3663 477 3735 damna
510 3667 709 3749 restituerit,
752 3668 869 3738 ruinas
902 3670 1071 3752 erexerit,
1107 3691 1225 3761 pacem

154 3789 429 3871 ronfirmaverit,
445 3789 662 3884 tyrannidem
676 3791 898 3882 oppresserit,
919 3791 1109 3862 reddiderit
1125 3792 1228 3861 tiber-

158 3922 270 3985 tatem.
294 3912 440 3981 inducat
461 3910 495 3980 in
516 3911 668 3980 animum
703 3934 818 3983 amare
851 3935 939 4004 quos
960 3914 1062 4004 regit:
1089 3935 1168 3982 nam
1195 3925 1229 3983 et

157 4032 304 4106 amando
326 4054 423 4103 amer
444 4033 623 4125 quaeritur,
646 4044 681 4103 et
699 4039 829 4105 nulium
850 4038 977 4107 certius
1000 4059 1145 4127 regnum
1164 4048 1226 4118 est,

157 4179 259 4251 quam
281 4177 435 4250 praeesse
468 4157 673 4228 volentibus.
708 4160 952 4228 Sallustianum
987 4159 1070 4231 iliud
1102 4161 1229 4252 dogma

160 4282 252 4373 regni
276 4302 454 4371 nunquam
475 4280 615 4350 excidat
634 4281 748 4350 animo
769 4281 861 4371 regis
884 4282 947 4351 tui:
966 4305 1034 4352 non
1053 4285 1228 4354 exereitus

160 4424 269 4496 neque
291 4403 475 4472 thesauros
496 4403 658 4493 praesidia
681 4402 777 4493 regni
798 4424 885 4488 esse,
910 4406 972 4476 sed
993 4407 1134 4485 amieos;
1153 4427 1231 4475 eos-

161 4548 226 4618 que
245 4547 313 4597 neo
332 4525 438 4595 armis
459 4525 547 4614 cogi,
573 4548 684 4617 neque
705 4526 849 4618 pecunia
870 4529 998 4620 parari,
1028 4529 1089 4597 sed
1119 4527 1230 4596 officio
