2738 5062
136 666 195 729 tot
470 677 511 724 uu
535 674 635 725 nanus
657 674 878 725 ruunrtmuus

139 816 183 886 mi
207 812 312 907 patris
335 813 530 906 amplector,
549 823 584 881 et
601 811 634 880 in
652 810 866 901 ecquidem,
885 808 981 901 quod
998 809 1088 880 mihi
1109 830 1234 884 secre-

139 949 212 1010 tum
232 958 312 1008 esso
331 932 439 1018 iubes,
460 946 573 1005 tecum
593 932 723 1003 sentio:
741 932 786 1003 de
804 931 947 1024 reliquis
964 935 1110 1004 fortuna
1128 932 1232 1007 vide·

139 1061 183 1130 rit
209 1059 266 1129 ubi
293 1056 467 1139 desinant,
496 1056 575 1148 quis
597 1055 727 1138 exitus,
750 1054 830 1146 quis
856 1063 1025 1161 ereptus,
1054 1055 1090 1125 in
1119 1078 1230 1149 quam

140 1192 272 1274 partem
295 1179 433 1270 obliquo
450 1177 546 1268 vulgi
568 1176 694 1247 iudicio
712 1175 914 1248 trahantur:
937 1178 1022 1248 mihi
1043 1179 1231 1271 contingat

141 1302 226 1372 nihil
242 1323 347 1392 agere
364 1300 463 1370 ouius
481 1321 549 1369 nou
568 1300 654 1370 ratio
672 1299 858 1391 probabilis
877 1300 976 1371 reddi
993 1301 1120 1393 possit.
1140 1302 1230 1374 Seu-

143 1422 190 1492 tio
210 1420 370 1513 equidem
392 1421 486 1513 quod
506 1430 693 1512 antequam
720 1419 892 1491 scriberes
914 1422 1126 1507 sentiebam,
1150 1422 1228 1495 lati-

143 1545 297 1637 quernei
319 1541 482 1634 reliquias
500 1563 661 1632 agnosco.
684 1540 776 1611 luter
795 1543 908 1635 populi
930 1563 1057 1615 manus
1077 1566 1228 1617 versor:

143 1688 219 1737 moa
250 1687 327 1737 sors
353 1674 466 1735 vetus.
494 1663 562 1737 Sed
584 1663 664 1745 noli,
685 1683 754 1744 oro,
777 1660 947 1734 diffidere.
969 1664 1228 1740 confricatione

143 1787 268 1859 clarior
289 1786 379 1858 fiam.
402 1785 493 1868 Quid
514 1784 634 1854 laciam
655 1783 753 1853 videt
771 1785 902 1875 vulgus
923 1784 1099 1857 interdum
1116 1814 1124 1857 :
1142 1789 1229 1882 quid

143 1912 292 2001 cogitem
318 1931 387 1978 non
409 1906 526 1978 videt:
553 1906 600 1976 ita
620 1904 752 1975 meliori
779 1906 846 1976 mei
867 1915 981 1997 parte,
1010 1907 1120 1981 immo
1139 1934 1228 2005 pene

144 2044 238 2105 totus
256 2031 350 2102 illum
372 2035 471 2102 lateo.
491 2028 559 2100 Sed
576 2039 674 2099 esto:
696 2027 780 2097 solis
796 2048 844 2097 ex
864 2027 999 2098 actibus
1021 2028 1224 2103 iudicemur.

144 2152 235 2235 Quid
268 2160 382 2221 tamen
417 2151 495 2222 idoo
522 2150 586 2221 sibi
620 2152 696 2220 vult
719 2149 871 2239 vulgus?
899 2148 1033 2243 Nempe
1062 2152 1227 2225 omnibus

144 2281 309 2364 quantum
331 2272 427 2342 licuit
443 2273 712 2362 circumspectis,
735 2270 798 2340 leci
815 2269 910 2361 quod
930 2270 1080 2343 melius:
1096 2273 1127 2343 si
1143 2272 1227 2367 quid

146 2392 200 2462 liic
234 2390 328 2462 dubii
359 2402 426 2474 est,
453 2402 488 2463 at
513 2395 634 2463 saltem
664 2393 758 2484 quod
785 2390 900 2463 minus
926 2394 1056 2464 malum
1082 2394 1224 2469 credidi.

145 2515 270 2585 Parum
291 2514 382 2585 enim
403 2514 504 2585 abest
528 2523 567 2584 ut
587 2523 702 2605 putem
724 2513 808 2584 nihil
835 2514 890 2585 hic
911 2512 993 2585 boui
1018 2513 1097 2587 lieri
1118 2518 1226 2591 adsti-

145 2640 302 2731 pulatore
321 2637 527 2710 Psalmista:
554 2660 621 2706 uon
649 2647 694 2705 cst
718 2638 775 2727 qni
791 2637 894 2725 saciat
920 2638 1057 2722 bonum,
1085 2663 1156 2710 non
1181 2653 1226 2713 att

144 2784 244 2853 usque
269 2758 313 2829 cd
340 2783 454 2830 arnum.
482 2762 662 2832 Postremo
694 2759 768 2829 sive
801 2757 931 2829 bonum
967 2759 1045 2831 sive
1079 2766 1223 2847 malum,

145 2881 208 2952 leci
245 2884 362 2974 procul
400 2882 506 2954 dubio
542 2882 634 2973 quod
673 2901 814 2951 necesso
847 2879 920 2951 luit.
959 2880 1046 2963 Quis
1084 2886 1226 2958 audebit

144 3000 346 3097 obstrepere
365 3027 433 3076 non
455 3005 567 3075 dicam
586 3003 711 3074 iudicio
732 3024 817 3085 meo,
839 3002 901 3074 sed
922 3006 1147 3079 necessitatis
1164 3010 1225 3080 im-

144 3125 255 3219 perio,
283 3120 418 3209 clavoS,
441 3136 480 3196 ut
500 3128 642 3195 Flaccus
668 3132 784 3207 vocat,
807 3124 1050 3199 adamantinos
1079 3134 1224 3203 summis

143 3246 334 3317 verticibus
368 3246 555 3338 alligent-is,
591 3257 627 3316 ct
659 3246 740 3337 iugo
773 3245 907 3317 aheneo
928 3248 1080 3340 superba
1104 3274 1224 3344 regum

145 3368 230 3436 oolla
251 3367 438 3436 calcantis?
454 3368 544 3451 Quid
565 3368 655 3437 euim
679 3388 832 3457 agerem,
856 3365 983 3459 quibus
1005 3378 1127 3444 uterer
1147 3396 1226 3444 ver·

145 3485 218 3568 bia,
254 3509 343 3577 quas
378 3510 569 3578 quaererem
604 3490 728 3578 lugas‘?
757 3488 892 3570 Quibus
926 3489 993 3560 viis
1019 3494 1223 3578 evaderem,

145 3607 273 3701 quibus
294 3606 427 3677 artibus
452 3611 533 3677 tanti
556 3609 742 3702 precatoris
764 3609 900 3701 pondus
925 3622 1144 3702 excuterem,
1171 3616 1226 3687 cui

146 3730 273 3799 lentius
293 3726 436 3799 obedire
458 3729 621 3800 rebellare
647 3732 742 3799 crat?
762 3730 891 3804 Scitum
910 3745 964 3804 est
986 3735 1069 3807 illud
1087 3734 1226 3809 Laberii

146 3850 179 3919 iu
201 3847 322 3921 lulium
350 3850 547 3921 Caesarem:
575 3850 708 3920 Etenim
734 3854 799 3944 apsi
821 3851 983 3945 denepcrc
1009 3857 1064 3925 cui
1088 3860 1142 3927 nil
1164 3880 1227 3950 po·

147 3984 279 4043 tinemut
309 3973 375 4057 Dii,
410 3974 573 4043 bouu'neur
608 3997 659 4043 me
696 3972 856 4066 denepcro
889 3978 960 4067 prtia
986 3989 1097 4069 posset
1122 3978 1227 4071 poti?

147 4093 217 4162 lloc
251 4096 332 4165 milri
364 4097 409 4169 ad
431 4098 575 4189 primam
602 4097 693 4169 illius
719 4097 867 4168 occurrit
893 4119 1024 4181 vocem,
1053 4102 1157 4173 simul
1193 4111 1228 4173 et

147 4213 230 4285 uiuo
251 4186 318 4287 ion
340 4217 490 4307 ignobile
511 4219 650 4299 urorum,
670 4218 749 4289 neor
769 4217 813 4290 au
834 4218 975 4310 ignobili
995 4221 1116 4292 roera:

324 4361 372 4422 Est
391 4378 479 4423 orare
497 4362 605 4425 ducem
622 4362 736 4443 specics
754 4363 884 4427 violenta
901 4364 1040 4443 iubendi,

387 4466 423 4528 Et
438 4469 524 4543 quasi
542 4468 655 4532 nudato
672 4469 817 4549 supplicat
834 4485 906 4534 ense
922 4475 1037 4549 polens.
