2738 5062
389 674 482 722 umun
501 672 906 723 nannenus-remmus
930 675 993 724 xm.
1171 664 1221 724 lll

141 834 200 884 non
222 808 360 891 habeo,
384 809 479 879 curis
502 809 589 879 meis
609 808 795 893 obsessus,
817 829 908 901 quae,
932 809 1020 880 sicut
1038 810 1226 881 moderate

142 937 259 1005 iuvant
278 939 523 1023 exercentque
545 931 710 1013 animum,
731 930 781 1001 sic
799 931 995 1002 immodica
1013 943 1225 1024 pergravant

142 1064 396 1147 enervemque.
412 1056 461 1124 De
475 1054 615 1147 reliquo,
635 1056 779 1125 lortunae
791 1054 922 1126 crimen
935 1057 1047 1126 luerit.
1063 1057 1113 1126 Tu
1128 1078 1224 1140 vem,

144 1181 193 1251 vir
208 1179 359 1273 optime,
382 1176 544 1248 allectum
567 1198 695 1259 mcum,
716 1178 846 1248 nudum
866 1178 1151 1263 lieetolloctihm,
1172 1179 1227 1249 illa

147 1313 200 1375 toa
221 1322 351 1395 precor
377 1300 591 1371 humanitate
623 1304 865 1395 complectere,
888 1324 956 1372 non
979 1303 1143 1392 ignorans
1171 1323 1226 1373 me

146 1428 199 1497 rel
221 1427 257 1494 in
280 1423 420 1494 silentio
443 1435 538 1493 tuum
561 1445 655 1494 esse:
674 1437 709 1496 et
727 1425 769 1507 si,
791 1426 885 1517 quod
907 1447 1010 1516 sporo
1031 1426 1170 1518 quidem
1191 1436 1226 1499 et

147 1548 259 1642 cupio,
280 1544 407 1639 coeptis
425 1544 616 1616 illustribus
634 1549 732 1617 lavor
748 1549 899 1619 coelestis
917 1548 1079 1635 adfuerit,
1097 1562 1134 1621 ut
1150 1574 1227 1622 cor·

148 1691 212 1764 pus
231 1667 388 1739 italicum
406 1667 483 1738 labe
500 1667 679 1740 barbarica
699 1680 882 1761 purgatum
901 1673 1099 1745 medullitus
1118 1695 1225 1765 agno

149 1814 260 1875 seam,
281 1790 317 1860 iu
338 1789 434 1880 quod
460 1789 525 1859 iam
552 1812 657 1873 nunc,
681 1801 718 1861 ut
743 1796 834 1864 lama
859 1803 925 1877 cst,
948 1793 1059 1866 dulcia
1080 1797 1223 1878 nostris

146 1936 265 1989 amara
282 1911 445 1985 hostibus
463 1919 709 2010 praeparatoria
722 1918 932 2001 confecistis,
956 1917 1068 1989 sentio
1088 1941 1144 1988 me
1164 1919 1226 1991 (le-

147 2037 273 2111 siderio
300 2057 381 2108 meo
411 2060 481 2108 non
507 2062 610 2134 posse
639 2039 770 2111 diutius
798 2040 951 2122 obstare,
975 2043 1160 2133 quominus
1189 2040 1225 2111 iu

149 2161 230 2233 illud
242 2160 322 2232 litus
335 2162 409 2239 cui·
424 2184 492 2233 non
510 2164 612 2235 modo
629 2165 664 2234 in
680 2163 776 2235 ltalia
794 2165 856 2235 sed
874 2164 908 2235 in
926 2175 999 2237 toto
1016 2165 1120 2235 etiam
1138 2165 1225 2237 orbe

151 2296 323 2370 terrarum,
340 2285 529 2378 scriptores
544 2309 659 2358 rernm
675 2287 758 2359 dant
771 2287 1035 2380 pulchritudinis
1050 2287 1223 2383 principa-

152 2418 235 2488 tum,
254 2406 341 2479 inter
362 2408 626 2502 occupationum
651 2432 805 2482 mearum
840 2412 924 2483 retia
957 2411 1115 2503 dilapsus
1137 2432 1249 2481 ora.

146 2528 239 2616 dam,
258 2542 297 2602 et
315 2530 441 2602 faciem
469 2540 561 2602 tuam
590 2531 729 2605 visurus
755 2541 792 2604 et
815 2535 1055 2628 Parthenopen
1080 2533 1220 2605 rcvisu-

142 2676 211 2727 rus.
232 2654 341 2737 Vive,
365 2664 401 2724 et
421 2654 510 2736 vale,
533 2655 639 2726 decus
660 2668 830 2728 nostrum.

284 2798 337 2854 111.
354 2798 416 2853 Kal.
433 2798 613 2870 Septembris.
630 2799 783 2853 Avenione.

551 3187 728 3254 urls'rott
749 3188 819 3252 XlV.

216 3378 418 3431 FRANCISCUS
440 3378 606 3427 Permanet
628 3376 774 3426 PlllLlPPO
796 3376 836 3423 ΟΕ
860 3373 1008 3423 l'lTlllllCO
1028 3374 1152 3424 ELECTO

448 3484 599 3533 Et‘lst'ol‘u
620 3478 778 3531 MELDENSI
801 3482 827 3529 S.
849 3481 877 3529 P.
900 3481 929 3529 ll.

254 3672 419 3726 Gratulatur
432 3677 556 3726 evectum
568 3671 602 3725 ud
617 3671 821 3743 pontificatum,
837 3670 884 3725 scd
899 3670 1022 3724 muneris
1036 3685 1117 3741 gram

546 3760 655 3832 pondus
671 3762 827 3816 miseretur.

243 3987 485 4077 Congratulor,
509 4010 552 4058 an
570 4009 653 4058 vero
679 3990 880 4083 compatiar,
905 3987 1141 4056 amantissimo
1162 4010 1223 4080 pa-

149 4117 198 4181 ter
218 4119 325 4203 atque
345 4111 487 4203 optimo,
501 4110 596 4202 quod
608 4134 714 4202 quum
730 4112 882 4181 maxime
903 4109 1102 4179 necessaria
1122 4109 1221 4201 quies

148 4244 253 4319 esset,
274 4243 348 4305 tum
370 4234 521 4305 maxime
536 4234 595 4304 tibi
615 4231 917 4327 superimpositum
937 4231 1090 4303 lahorem
1109 4232 1220 4311 video,

149 4364 182 4425 ct
205 4355 444 4450 praedulcibus
471 4358 664 4429 studiorum
691 4355 784 4426 curis
812 4354 1127 4448 iucundissimoque
1154 4355 1223 4424 otio

149 4478 310 4569 praedura
331 4477 467 4570 negotia
489 4491 523 4550 et
542 4480 770 4573 episcopalem
794 4478 1056 4550 sollicitudinem
1085 4499 1223 4547 succos-
