2738 5062
448 751 541 802 umen
563 752 675 802 NONUS.
685 769 725 784 -
735 752 887 802 EPISTULA
910 751 940 800 11.
1190 744 1209 802 5

134 898 245 980 deam,
269 895 450 970 convictus
467 898 560 969 nulla
580 919 725 991 prorsus
738 905 971 970 extramuros
985 899 1113 991 patrios
1127 921 1208 993 spes

133 1019 270 1104 sitite,
292 1018 455 1112 quoniam
474 1019 519 1091 de
536 1019 655 1092 amicis
678 1019 819 1113 paribus
841 1040 956 1093 sermo
975 1030 1045 1106 est,
1059 1044 1207 1115 quorum

132 1139 261 1211 facilior
282 1140 494 1232 suaviorque
520 1161 620 1226 usuc,
656 1140 769 1226 vides,
804 1142 873 1213 nisi
903 1144 1017 1228 fallor,
1043 1153 1081 1214 ut
1109 1142 1154 1215 ad
1175 1152 1208 1215 te

131 1285 239 1334 uuum
259 1284 345 1334 vere
364 1270 436 1335 tota
455 1283 514 1334 res
535 1262 634 1335 redit.
666 1263 714 1336 Te
745 1273 877 1350 autem,
904 1264 951 1336 mi
973 1267 1147 1352 Socrates
1174 1275 1208 1339 te

132 1408 237 1458 unum
259 1384 358 1471 mihi,
380 1386 475 1479 quod
494 1388 663 1459 mirentur
684 1389 824 1481 posteri,
844 1410 914 1460 non
929 1391 1030 1462 tellus
1043 1388 1206 1476 Ausonia,

131 1517 172 1579 ut
196 1508 365 1601 reliquos,
393 1508 501 1595 dedit,
529 1509 593 1583 sed
618 1511 735 1582 Cereri
762 1520 798 1583 et
821 1512 957 1583 Baccho
982 1521 1018 1583 et
1041 1514 1208 1585 hlincrvae

134 1632 275 1719 sterihs,
309 1641 346 1704 at
377 1633 532 1705 virorum
564 1634 684 1706 fertilis
720 1635 842 1714 Annea
880 1637 1086 1732 Campiniac:
1118 1657 1208 1708 neve

131 1756 275 1828 forsitan
291 1753 389 1827 rudis
409 1759 517 1828 lector
537 1757 759 1851 Campaniam
776 1757 843 1831 dici
856 1767 967 1853 putet,
996 1759 1207 1854 Campiniam

131 1879 221 1966 dico,
243 1879 416 1951 inferioris
436 1878 661 1966 Alemanniae‚
682 1889 722 1952 ut
741 1903 834 1952 nunc
864 1884 973 1974 vulgo
1004 1884 1123 1967 fertur,
1149 1884 1208 1955 vel

132 2003 231 2075 aliter
249 2003 584 2093 extremamtlalliae
612 2002 764 2096 Belgicae
785 2002 1001 2095 particulam,
1023 2025 1104 2096 quae
1119 2003 1208 2076 inter

131 2127 259 2197 laevum
285 2125 398 2196 Rheni
424 2128 514 2198 latus
534 2136 569 2197 et
589 2125 802 2197 Hollandiam
818 2136 854 2197 et
869 2125 1089 2198 Brabantiam
1109 2127 1206 2215 iacet,

131 2257 169 2320 ut
188 2249 288 2343 inops
312 2249 423 2342 patria
454 2249 563 2321 divite
594 2249 799 2341 gloriaretur
818 2233 986 2341 ingenio,
1017 2261 1053 2322 et
1083 2260 1208 2324 natura

133 2391 235 2442 suum
254 2371 310 2443 ius
326 2380 473 2457 teneret,
494 2394 515 2443 e
534 2372 615 2444 limo
640 2370 807 2466 quolibet,
835 2383 871 2444 et
895 2395 1114 2467 quocumque
1140 2374 1208 2447 suh

132 2514 213 2564 aere
230 2514 375 2586 magnos
395 2494 539 2588 spiritus
564 2494 777 2587 procreandi.
804 2496 887 2567 Haec
919 2505 954 2568 te
986 2497 1070 2567 mihi
1102 2497 1207 2589 igitur

130 2617 232 2687 talem
248 2617 364 2688 virum
383 2617 512 2708 genuit,
534 2626 639 2712 atque
655 2618 691 2689 in
711 2620 822 2691 lucem
843 2618 937 2690 misit
955 2619 1013 2691 illo
1029 2618 1107 2712 ipso
1120 2629 1208 2691 tem-

130 2757 212 2829 pore
248 2758 320 2830 quo
351 2757 419 2828 ego
450 2741 590 2829 procul,
614 2741 681 2812 alio
702 2750 873 2811 terrarum
893 2740 992 2826 orbe,
1019 2738 1205 2826 nascebar3

130 2859 292 2952 quamvis
312 2881 416 2952 quem
432 2860 530 2953 origo
546 2859 627 2932 iecit
643 2861 872 2953 alienigenam
889 2861 1120 2934 mansuetudo
1133 2863 1207 2932 ani·
1239 2952 1250 2961 ἡ

130 2982 180 3052 mi
196 2990 232 3053 et
250 2983 469 3054 conversatio
490 2983 636 3074 longior,
663 2992 768 3074 atque
799 2982 975 3074 inprimis
999 3002 1096 3052 amor
1121 2983 1204 3068 mei,

130 3124 261 3196 magna
281 3101 403 3176 italum
423 3113 457 3175 te
474 3125 521 3174 ex
541 3111 639 3195 parte
659 3101 789 3174 iecerit.
810 3101 935 3172 Mirum
956 3101 991 3170 in
1008 3113 1077 3172 tam
1103 3106 1205 3194 longe

130 3228 221 3299 natis
244 3235 376 3320 quanta
391 3225 550 3298 vicinitas
571 3225 777 3310 animarum,
797 3233 926 3318 quanta
949 3225 996 3297 sit
1010 3223 1205 3298 coniunctio

130 3352 357 3433 voluntatum,
379 3347 503 3440 viginti
523 3348 591 3418 iam
612 3371 705 3420 nunc
725 3369 893 3421 annorum
914 3347 1112 3421 testimonio
1125 3371 1206 3443 pro-

130 3473 220 3546 bata.
239 3473 374 3546 Nomen
394 3471 456 3542 tibi
476 3493 497 3543 a
517 3471 689 3563 gravitate
710 3493 846 3543 morum
867 3492 908 3542 ac
925 3471 1139 3544 iucunditate
1152 3474 1205 3544 in-

131 3596 274 3681 dictum,
296 3615 447 3689 cumque
459 3615 517 3666 ars
532 3593 664 3665 musica
681 3594 715 3664 in
732 3616 803 3688 qua
816 3614 943 3687 regnas
957 3591 1206 3667 Aristoxenum

132 3719 199 3792 dici
217 3720 337 3804 vellet,
359 3717 443 3790 vicit
459 3715 623 3789 iudicium
643 3717 831 3789 amicorum
851 3727 891 3788 ut
907 3727 1026 3788 noster
1045 3718 1204 3788 Socrates

131 3842 307 3915 dicereris.
336 3843 421 3913 Haec
445 3863 514 3913 non
539 3840 601 3912 tihi
627 3839 690 3913 sed
718 3840 876 3913 mihimet
899 3849 1005 3933 atque
1029 3838 1106 3909 aliis
1132 3859 1206 3909 me-

131 3984 289 4036 morasse
308 3974 446 4057 gratum
466 3963 542 4033 fuit.
560 3961 659 4034 Nunc
681 3971 714 4033 te
732 3961 816 4032 mihi
838 3962 977 4033 unicum
1004 3962 1112 4032 ferme
1135 3961 1204 4032 iam

129 4085 313 4159 laboriosae
330 4086 414 4158 vitae
435 4086 590 4159 solamen
608 4108 648 4157 ac
668 4086 827 4156 levamen
847 4084 967 4157 invida
988 4105 1075 4169 sors,
1098 4084 1206 4156 inter-

129 4208 227 4281 iectis
254 4206 416 4302 AlpibuS,
444 4209 554 4281 tendit
577 4208 726 4301 eripere3
751 4207 847 4300 quod
873 4207 902 4277 si
928 4206 1076 4302 peragit,
1110 4210 1205 4281 solus

131 4352 219 4403 sum.
240 4331 281 4405 ld
300 4354 345 4404 ne
360 4332 430 4427 pati
449 4332 551 4418 velis,
574 4354 637 4428 per
653 4352 775 4404 omnes
796 4340 828 4401 te
849 4330 1021 4404 coelicolas
1041 4331 1204 4417 obtestor,

130 4454 284 4550 mihique
316 4454 382 4527 hoc
415 4464 523 4526 totum
553 4454 657 4526 animi
689 4454 740 4525 tui
774 4476 921 4526 acumen
955 4464 994 4526 ut
1023 4452 1205 4548 expendas

129 4597 262 4674 quaeso
283 4576 394 4654 Nimis
417 4576 594 4673 equidem,
626 4597 690 4651 seu
713 4577 883 4663 locorum,
917 4599 980 4652 seu
1014 4585 1205 4671 temporum
