2738 5062
146 696 207 759 494
361 722 364 729 ·
486 706 528 755 oa
547 702 649 756 annus
668 705 890 755 rnuurumuus

146 859 283 932 gressa,
316 837 373 909 uhi
403 839 543 910 immota
570 839 742 911 serenitas
766 837 914 920 habitat,
949 859 1018 930 quo
1051 837 1169 931 lippus
1195 847 1232 908 et

146 962 253 1031 multa
271 959 417 1052 caligine
435 958 571 1030 obsitus
588 960 746 1054 popellus
762 961 892 1032 frustra
913 958 1079 1053 suspicit?
1095 958 1167 1031 Sed
1184 981 1232 1032 ne

146 1085 254 1154 multa
275 1082 319 1154 de
339 1082 421 1166 hoc,
448 1067 498 1153 sic
518 1081 579 1151 tihi
601 1081 773 1174 persuade
794 1080 840 1153 ad
868 1080 1065 1175 opinionem
1095 1103 1228 1165 meam,

146 1229 249 1301 quam
267 1186 469 1276 iamdudum
496 1202 719 1299 impleveras,
742 1202 928 1276 laxandam
943 1204 1072 1275 nullius
1087 1203 1230 1275 omnino

147 1327 340 1401 facundiam
369 1337 504 1398 tantum
536 1324 733 1397 habituram
764 1324 904 1411 virium,
936 1336 1105 1421 quantum
1136 1324 1229 1398 illius

147 1449 319 1523 silentium
341 1457 531 1543 stuporque
550 1435 683 1518 habuit.

648 1684 726 1698 n

575 1930 753 1996 EPISTOLA
773 1932 806 1994 X.

226 2121 428 2171 rnuncrsuus·
441 2120 610 2171 urrunnun
631 2096 808 2172 rnnum'sco
830 2120 936 2170 aaroni
956 2119 1149 2171 sancronuu

207 2189 212 2197 ’
495 2204 774 2276 urosr'ouonuus.
796 2224 824 2274 r.
846 2226 876 2274 o.

501 2413 541 2468 De
554 2413 665 2485 legimus
679 2415 876 2471 conviviorum.

242 2664 313 2736 Oh!
336 2664 419 2738 lelix
444 2666 633 2760 laetumque
651 2667 850 2740 convivium
869 2664 964 2761 quod
981 2667 1068 2738 tales
1088 2678 1227 2761 tamquo

144 2786 326 2859 unanimes
335 2797 405 2861 tros
415 2789 546 2862 amicos
559 2791 653 2883 apud
667 2800 701 2861 te
713 2789 822 2861 nostri
831 2789 897 2861 sub
909 2788 1103 2862 adventum
1112 2788 1223 2862 nuntii

144 2910 230 2980 lesta
244 2912 319 2982 luce
331 2923 563 2984 contraxerat.
575 2912 681 2984 Marci
692 2913 858 2985 Varronis
872 2913 918 2985 de
930 2912 1177 3004 lege'conviuii
1188 2909 1227 2983 li-

144 3030 208 3103 ber
226 3041 293 3116 est,
316 3032 375 3104 ubi
400 3033 485 3106 illud
505 3035 596 3106 intar
615 3036 724 3107 multa
743 3036 942 3131 praecipitur
959 3044 998 3107 ot
1015 3057 1134 3130 neque
1154 3036 1227 3130 plu·

144 3174 201 3225 res
220 3155 343 3239 Musis,
365 3178 481 3250 nequa
500 3156 683 3251 pauciores
693 3157 821 3228 Gratiis
842 3157 912 3228 sint
930 3158 1108 3239 convivae,
1129 3178 1175 3229 na
1191 3155 1225 3227 in

143 3278 1225 3364 alterumextremorumautinturbamautinsolitudioemrcs

141 3409 211 3481 eat3
225 3400 304 3484 etsi,
320 3399 433 3473 iudica
446 3424 514 3487 ma,
530 3422 669 3496 semper
688 3403 735 3475 ad
752 3403 973 3474 solitudinem
992 3397 1223 3493 vergendum.

142 3522 238 3593 Nosti
260 3522 346 3615 quid
370 3537 539 3615 practerea
560 3525 756 3598 convivalis
781 3527 838 3599 illa
865 3528 923 3596 lox
950 3523 1097 3605 sanciat,
1119 3529 1157 3592 ul
1180 3519 1226 3592 sit

142 3644 304 3715 omnibus
330 3646 403 3716 suis
430 3648 585 3718 numeris
610 3647 813 3719 convivium
840 3647 1054 3725 absolutum
1078 3644 1115 3714 Si
1132 3641 1223 3726 belli,

144 3766 262 3859 inquit,
285 3767 486 3838 homunculi
506 3770 639 3847 collecti
661 3781 755 3840 sunt:
775 3769 868 3863 quod
889 3768 966 3840 ideo
986 3768 1120 3840 dictum
1144 3775 1224 3862 puto

141 3890 231 3982 quia·
247 3889 437 3993 hominum·
453 3893 719 3986 praepotentium
753 3891 954 3982 magnitudo
989 3887 1223 3983 tranquillitati

142 4016 212 4085 lere
233 4036 372 4108 semper
391 4014 541 4087 adversa
567 4025 636 4098 est,
664 4036 734 4087 non
760 4016 858 4087 aliter
877 4037 984 4108 quam
1007 4011 1129 4087 tumidi
1155 4032 1223 4082 ma·

142 4133 190 4202 ria
211 4136 349 4208 ductus.
371 4137 427 4208 Ad
445 4139 521 4211 haec
539 4139 567 4209 si
589 4143 731 4221 electus,
752 4137 872 4230 inquit,
890 4138 1004 4218 locun,
1024 4135 1052 4205 si
1073 4145 1221 4228 tempus,

142 4254 169 4324 sl
193 4267 381 4348 apparatus
401 4280 471 4328 non
488 4262 681 4351 neglectus.
693 4260 789 4332 lllud
806 4281 944 4353 quoque
963 4254 1170 4349 requiritur,
1189 4263 1223 4325 ut

140 4397 254 4471 neque
274 4377 481 4469 loquacitate
502 4381 693 4466 turbidum,
716 4404 828 4474 neque
850 4381 986 4452 silentio
1008 4387 1143 4450 mutum
1163 4376 1220 4456 sil.

142 4501 203 4574 sed
220 4500 311 4571 inter
332 4507 532 4590 utrumque,
555 4516 591 4573 ct
614 4503 890 4576 confabulatione
912 4501 1072 4587 iucunda,
1096 4511 1132 4573 ct
1152 4523 1223 4574 ser·
