2738 5062
260 707 264 714 ·
347 692 440 743 umen
462 691 971 750 consummemus-umorum
993 696 1020 741 v.
1160 681 1221 746 299

141 827 268 899 bellum
286 823 380 897 aliud
396 827 521 896 navale
537 847 616 897 cum
634 826 787 897 Venetis.
806 826 1020 917 Interrogate
1037 848 1141 900 sones
1161 851 1221 901 ve·

141 963 247 1033 strus3
270 957 460 1042 supersunt
479 948 571 1019 enim
593 937 652 1040 q'ui
674 958 862 1041 utrumque
879 947 1035 1042 praelium
1053 949 1219 1023 viderint:

141 1083 293 1168 quantus
315 1081 477 1165 portuum
500 1082 641 1154 tremor,
660 1079 792 1164 quanta
808 1070 989 1142 veneratio
1005 1073 1219 1167 populorum,

139 1202 293 1289 quantus
312 1194 450 1265 litorum
466 1194 584 1284 fragor
601 1191 799 1264 victoriosae
815 1193 940 1264 classis
957 1193 1122 1278 adventu,
1141 1216 1220 1267 cum

142 1317 277 1387 iniussu
299 1325 420 1387 vestro
439 1314 500 1387 diu
522 1315 585 1384 vix
611 1316 703 1386 ullus
734 1324 805 1387 toto
836 1337 875 1387 se
903 1319 1026 1411 pelago
1052 1325 1220 1389 moveret.

142 1439 278 1510 Sensim
298 1437 380 1510 inde
397 1438 442 1508 ad
462 1437 548 1509 illud
564 1447 700 1530 tompus
719 1438 854 1509 animos
870 1438 1142 1533 memoriamque
1158 1438 1222 1512 dc·

141 1562 282 1646 flectite,
296 1558 437 1655 quando
453 1559 623 1633 felicitatis
641 1560 798 1645 comites,
814 1563 929 1645 luxus,
945 1562 1036 1635 livor
1046 1573 1082 1633 et
1099 1582 1221 1658 super-

142 1684 199 1758 bia
217 1684 394 1756 civitatem
415 1682 554 1754 beatam
575 1692 611 1754 et
630 1683 797 1755 victorem
817 1686 982 1779 populum
1008 1704 1220 1776 pervasere;

141 1819 178 1879 et
196 1806 291 1901 quod
312 1827 489 1899 nunquam
514 1805 671 1877 externis
704 1803 866 1878 manibus
898 1807 1026 1878 lactum
1059 1810 1159 1893 soret,
1185 1810 1221 1881 in

143 1940 257 2002 tantas
277 1930 446 2021 impulere
467 1927 641 2012 miseriae,
657 1937 696 1999 ut
707 1927 847 2000 deserta
863 1938 899 2000 et
918 1927 1061 2014 inculta,
1076 1939 1113 2001 et
1127 1931 1221 2004 loedu

141 2053 293 2126 civitatis
312 2051 431 2135 facies,
454 2063 491 2123 et
509 2051 668 2122 litoreum
689 2049 774 2123 illud
793 2049 910 2123 decus·
921 2071 985 2147 pro
1001 2051 1130 2123 aedium
1147 2075 1222 2126 ma-

142 2175 339 2269 gnificentia
371 2175 407 2244 in
439 2172 581 2245 totidem
603 2173 787 2265 speluncas
808 2174 978 2246 latronum
999 2194 1218 2260 conversum,

143 2320 267 2370 verum
288 2296 467 2370 horrorem
500 2318 541 2367 ac
573 2307 703 2367 metum
726 2294 1021 2391 praetereuntibus
1041 2297 1219 2369 incuteret.

144 2422 324 2492 Postremo
344 2418 431 2490 urbs
450 2417 526 2511 ipsa
548 2417 622 2489 suis
642 2418 688 2488 ab
707 2416 871 2490 exulibus
890 2417 1040 2490 obsessa
1059 2418 1222 2492 Mediola-

144 2542 303 2612 nensinm
323 2541 454 2612 auxilio
478 2540 609 2634 diuque
643 2539 731 2613 bello
757 2540 969 2632 gravissimo
996 2553 1126 2615 vexata
1146 2552 1219 2627 est,

143 2664 225 2736 dnm
249 2662 283 2732 in
303 2684 346 2734 ea
368 2672 450 2734 tunc
470 2662 644 2736 liebertus
664 2667 766 2734 almae
786 2665 965 2734 memoriae
987 2686 1051 2734 rex
1069 2664 1219 2748 Siculus,

141 2785 372 2858 clarissimum
394 2786 461 2884 aeui
485 2785 539 2855 sui
561 2784 674 2868 sidus,
696 2785 756 2878 qui
777 2784 822 2856 od
843 2784 1046 2880 praesidium
1066 2784 1144 2855 eius
1165 2809 1223 2858 ao-

143 2917 311 2991 cesserat,
334 2928 425 2979 anno
446 2928 553 3000 prope
573 2907 709 2998 integro
734 2917 830 2978 esset
853 2909 1023 2993 inclusuS,
1050 2906 1222 2998 quotidie-

145 3053 226 3124 que,
248 3030 341 3122 quod
374 3050 437 3121 pro
469 3038 625 3100 monstro
645 3029 856 3100 narrandum
889 3039 945 3101 est
976 3038 1011 3100 ot
1043 3051 1219 3121 nunquam

145 3154 229 3226 alias
249 3152 421 3236 auditum,
444 3172 512 3223 non
534 3153 645 3223 solum
669 3162 759 3222 terra
778 3149 881 3222 simul
898 3160 933 3222 et
950 3151 1086 3243 pelago,
1106 3151 1221 3224 sedin

143 3298 223 3349 aere
242 3275 344 3347 etiam
363 3283 398 3345 et
417 3273 485 3345 sub
501 3284 628 3345 terram
649 3273 719 3345 imo
740 3283 969 3368 pugnaretur;
986 3270 1113 3343 debinc
1133 3273 1222 3343 mul-

143 3401 187 3471 tis
210 3399 311 3469 annis
336 3396 420 3467 nibil
447 3395 541 3488 apud
576 3416 639 3467 vos
672 3406 850 3488 pacatum,
878 3393 962 3465 nihil
987 3403 1114 3478 tutum,
1137 3392 1221 3465 dum

144 3521 226 3591 nihil
245 3529 360 3592 tamen
382 3517 514 3589 interea
533 3518 599 3589 nisi
622 3516 782 3590 victrices
806 3537 932 3589 manus
953 3529 1152 3589 vestrorum
1173 3515 1222 3587 ci-

145 3643 240 3713 vium
261 3651 298 3713 et
316 3649 398 3712 nota
417 3661 514 3712 arma
532 3639 716 3723 timeretis3
737 3639 847 3712 donoc
873 3638 1013 3711 tandem
1040 3638 1140 3711 malis
1159 3639 1223 3710 ad-

144 3768 263 3839 moniti
289 3766 335 3836 ad
361 3764 464 3837 unius
491 3765 571 3837 iusti
597 3763 697 3837 ducis
722 3763 892 3836 auxilium
917 3761 1134 3855 confugistis
1161 3762 1222 3854 qui

144 3889 296 3981 optimus
316 3891 435 3983 procul
457 3887 564 3960 dubio
585 3887 784 3982 reipublioae
810 3898 923 3958 status
948 3895 1013 3956 est.
1040 3885 1127 3955 Tum
1153 3884 1222 3978 pri-

143 4032 237 4081 mum
259 4010 380 4105 sopitis
403 4009 636 4080 simultatibus
658 4018 824 4082 renovata
844 4007 988 4079 felicitas
1010 4015 1127 4077 vestra
1143 4006 1219 4088 fuit,

142 4141 178 4203 et
197 4132 308 4225 pulsis
329 4152 565 4204 aerumnarum
586 4130 723 4202 nebulis
744 4131 864 4202 votiva
884 4128 1056 4200 serenitas
1081 4129 1222 4199 restitu-

141 4262 188 4324 ta.
221 4255 306 4327 lnde
337 4254 431 4327 domi
463 4276 549 4349 pnx,
576 4259 612 4323 et
642 4251 737 4344 pacis
771 4271 910 4343 semper
936 4248 1047 4320 amica
1074 4249 1220 4330 iustitia;

142 4375 352 4450 indedulcis
372 4375 501 4449 civium
522 4374 705 4446 concordia
722 4371 903 4446 civitatum
923 4371 1156 4445 certissimum
1170 4370 1223 4440 in-

142 4510 372 4581 crementum,
395 4498 570 4589 nullaeque
587 4495 655 4566 nisi
671 4494 716 4567 de
734 4496 834 4569 hoste
851 4494 1016 4567 victoriae.
1035 4494 1123 4576 onae
1142 4512 1220 4561 cum
