2738 5062
352 705 443 753 steen
466 703 947 755 sumpseramus-umerum
970 707 1009 754 rs.
1160 696 1219 759 375

143 840 296 930 terribilis
317 841 354 910 in
374 840 520 909 consiliis
540 860 638 930 super
656 840 740 929 filios
763 841 956 909 tonsionem:
983 840 1073 911 idern
1102 853 1217 915 tamen

140 965 252 1035 suaves
285 943 316 1031 et
347 963 435 1031 mitis
468 973 500 1031 et
531 963 644 1031 mutto
672 960 902 1032 misericordie
939 964 1088 1033 omnibus
1123 968 1219 1035 invo-

140 1085 289 1156 cantibus
321 1105 418 1153 eum:
452 1083 542 1155 idem
573 1085 746 1153 miserator
769 1096 800 1153 et
825 1085 1009 1154 misericors
1034 1084 1217 1168 Dominus,

136 1200 339 1297 'tonqoniuts
364 1215 395 1274 et
419 1204 558 1274 muitum
591 1206 775 1275 misericors
810 1226 850 1275 uc
875 1208 1004 1298 potiens
1041 1218 1071 1275 et
1107 1212 1222 1280 multu.

140 1325 372 1399 misericordie
390 1336 421 1426 et
446 1349 578 1407 rernm
604 1326 695 1396 idem
721 1324 825 1396 dutum
850 1338 880 1395 et
904 1340 1012 1397 rectus
1037 1327 1216 1411 Dominus,

142 1460 173 1519 et
204 1451 263 1541 qui
292 1451 393 1538 teqem
424 1444 481 1517 dat
512 1445 773 1536 delinquentibus
805 1450 841 1517 in
876 1450 948 1537 vio,
981 1448 1072 1518 hane
1104 1449 1215 1538 legem

141 1568 272 1641 scilicet
296 1577 335 1638 ut
353 1568 398 1639 ud
423 1589 502 1639 eum
524 1568 671 1640 redeant
694 1579 729 1638 et
751 1571 940 1640 salventur.
967 1569 1058 1652 Quid
1084 1572 1218 1641 multu?
1308 1635 1312 1644 ,

143 1693 293 1786 prolecto
325 1699 363 1760 ut
395 1710 497 1760 nemo
527 1689 721 1771 terribilior,
745 1691 795 1760 sic
821 1711 922 1761 nomo
946 1689 1214 1772 misericordior,

142 1832 243 1884 nemo
264 1811 499 1903 tranquillior:
520 1813 648 1883 multos
669 1811 828 1883 laborare
847 1811 940 1902 cogit
960 1833 1003 1881 ue
1024 1812 1214 1894 lasciviant,
1296 1816 1299 1820 “

142 1933 325 2024 periclitari
346 1932 480 2024 aliquos
502 1931 584 2002 sinit
604 1944 642 2002 ut
660 1932 817 2023 corrigat,
840 1932 1011 2003 nemiuem
1032 1933 1107 2003 vult
1129 1933 1216 2023 peri·

142 2077 191 2137 re,
219 2064 322 2146 atque
354 2054 470 2124 omnia
501 2053 582 2124 lauit
611 2075 656 2123 ne
685 2074 879 2146 pereamus.
913 2053 1033 2144 ltaque
1059 2055 1217 2144 pellenda

140 2178 258 2269 procul
279 2176 490 2269 desperatio,
518 2175 707 2248 abiicienda
732 2175 890 2257 durities,
912 2176 1075 2247 exuenda
1096 2176 1217 2269 impie·

142 2308 209 2380 tas,
237 2295 458 2367 incredulitas
484 2297 720 2389 relinquenda.
748 2297 848 2381 Quod
872 2298 964 2368 enim
986 2319 1088 2368 nemo
1108 2317 1216 2367 sunus

142 2419 287 2509 ignorat,
313 2416 396 2487 nihil
419 2418 646 2511 impossibile,
675 2419 745 2490 imo
769 2441 833 2492 nec
856 2420 994 2492 difficile
1014 2420 1142 2512 aliquid
1161 2429 1217 2490 est

140 2542 227 2612 Deo:
248 2538 412 2630 quodque
431 2560 533 2611 nemo
553 2542 632 2632 pius
656 2539 793 2624 diffidit,
816 2542 861 2611 nil
884 2540 928 2611 illi
950 2540 1097 2612 arduum
1118 2541 1217 2612 vide-

141 2673 197 2733 tur
215 2660 310 2752 quod
329 2659 375 2731 ad
396 2660 545 2731 salutem
567 2683 643 2732 suae
663 2664 833 2755 pertineat
853 2673 1033 2733 creaturae.
1055 2663 1216 2733 Perversi

140 2781 270 2873 ingenii
293 2789 348 2852 est
377 2780 548 2875 suspicari
573 2782 680 2866 aliud,
708 2793 743 2853 et
768 2782 924 2852 misereri
945 2804 986 2853 au
1006 2793 1144 2873 peccata
1163 2779 1217 2850 di-

141 2907 238 2974 luere
260 2905 315 2973 vel
333 2904 424 2974 nolle
437 2905 548 2976 Deum
570 2907 626 2976 vel
648 2925 714 2974 non
733 2926 858 2998 posse,
877 2904 957 2975 hinc
973 2904 1065 2974 enim
1087 2927 1154 2975 uon
1171 2903 1216 2975 de

142 3027 236 3095 tonte
255 3025 322 3095 alio
340 3021 537 3118 desperatio
552 3029 649 3096 nasei
671 3027 770 3109 solet,
792 3046 939 3117 quorum
965 3025 1073 3096 attero
1093 3024 1214 3107 bouus,

142 3145 252 3215 altero
272 3155 418 3236 negatur
435 3146 676 3240 omnipotens:
702 3156 850 3239 utraque
871 3145 1083 3238 blasphemia
1103 3156 1158 3215 ost
1182 3147 1217 3214 in

141 3265 307 3357 Spiritum
327 3267 505 3363 Sanctum,
524 3289 604 3360 quae
621 3291 735 3362 nequo
757 3270 791 3339 in
813 3270 887 3352 hoc,
910 3284 1023 3361 neque
1043 3269 1078 3339 iu
1103 3271 1218 3339 tuturo

141 3389 273 3459 saeculo
289 3388 480 3474 dimittitur,
499 3390 583 3460 dum
602 3412 738 3462 summe
755 3390 883 3484 potenti
906 3411 1110 3483 summeque
1128 3388 1219 3460 bono

142 3511 199 3579 vel
217 3510 418 3603 impotentia
443 3514 512 3583 ulla
537 3514 594 3584 vel
611 3511 740 3583 invidia
761 3523 891 3582 nostrae
910 3510 1032 3582 salutis
1048 3511 1217 3583 obiicitur.

141 3628 288 3721 lnquod
310 3632 439 3702 malum
460 3629 624 3704 incidisse
650 3633 804 3704 creditur
830 3632 922 3717 Cain,
945 3631 1005 3704 ubi
1029 3633 1092 3704 ait:
1114 3635 1220 3701 enoior

142 3762 187 3819 est
212 3752 371 3840 iniquitas
392 3773 464 3822 meo
483 3775 583 3843 quum
609 3766 645 3823 ut
666 3757 800 3825 renium
820 3777 962 3836 mereor,
989 3753 1218 3848 nequeenim

143 3872 254 3943 maior
285 3894 366 3943 esse
398 3882 532 3965 poterat
563 3888 733 3948 ereaturae
771 3877 912 3948 miseria
943 3898 1049 3967 quum
1083 3875 1218 3946 miseri-

142 3992 260 4063 cordia
293 3996 478 4066 Creatoris.
505 3996 542 4064 ln
568 3997 634 4066 hou
669 3999 783 4090 ipsum
809 3997 913 4067 ludas
945 3996 1063 4066 inlelix
1088 3994 1219 4078 incidit,

141 4114 282 4205 quando
303 4117 465 4210 proiectis
486 4116 662 4207 argenteis
684 4118 718 4186 in
743 4118 879 4209 templo,
895 4116 1017 4186 abiens
1039 4117 1162 4208 laqueo
1182 4139 1221 4187 se

120 4238 333 4329 suspendit,
354 4237 414 4330 qui
431 4239 497 4308 etsi
516 4239 623 4308 multo
640 4238 789 4331 amplius
807 4245 986 4329 peccasset
1003 4259 1106 4328 quam
1125 4238 1219 4320 Cain,

139 4356 336 4450 desperatio
358 4371 471 4429 tumen
494 4360 538 4428 illi
563 4359 665 4430 etiam
689 4361 761 4431 sola
788 4356 934 4441 obstitit,
963 4380 1006 4429 ue
1027 4357 1223 4429 misericor-

141 4479 233 4550 diam
257 4481 450 4563 inveniret;
472 4502 575 4572 quam
599 4482 626 4552 si
649 4504 669 4552 a
690 4480 826 4551 Christo
844 4480 1000 4572 petiisset
1020 4479 1221 4566 invenisset,
