2738 5062
33 648 38 657 ·
140 607 180 669 tl
483 620 525 669 na
541 620 642 671 annus
663 620 887 674 rememorans

144 762 266 812 »mas
302 741 522 834 amplectere,
563 740 864 836 reformandaeque
899 740 1116 836 Reipublicae
1143 768 1221 841 pro

145 893 159 927 a
188 861 355 956 positum,
388 861 482 954 quod
509 885 588 934 mea
620 864 715 936 mors
748 865 878 937 mundo
906 886 1011 957 quam
1042 864 1132 936 mihi
1162 866 1221 939 da·

143 1012 159 1047 a
189 983 343 1055 mnosior
367 983 557 1074 praevertit,
584 996 620 1056 et
644 985 853 1057 inefficacem
883 985 989 1055 animi
1014 988 1084 1057 mei
1108 989 1221 1060 zelum

144 1133 159 1170 a
188 1105 263 1200 pari
283 1104 407 1176 ardore
427 1127 661 1199 prosequere3
682 1107 747 1178 sed
765 1107 909 1190 felicius,
932 1104 996 1177 sed
1016 1108 1144 1180 laetius.
1169 1109 1223 1179 ln-

144 1257 160 1291 »
188 1227 274 1321 cipe,
287 1249 331 1297 ne
346 1226 514 1314 moriaris,
534 1240 570 1298 ct
586 1230 696 1300 nostri
714 1250 855 1312 memor,
876 1228 962 1299 seito
980 1237 1015 1300 te
1032 1248 1116 1301 esse
1131 1251 1223 1303 mor·

144 1377 159 1412 o
189 1348 430 1419 talemlcelcr
442 1359 478 1419 et
490 1349 716 1440 gaudentium
728 1348 868 1442 Alpium
881 1352 1032 1421 claustra
1045 1360 1223 1423 transcen-

144 1498 160 1537 u
187 1469 243 1540 de.
270 1471 379 1541 Roma
413 1492 600 1563 sponsum,
630 1470 872 1563 sospitatorem
899 1492 1001 1542 suum
1027 1483 1132 1546 vocat
1157 1473 1223 1545 lta-

144 1621 160 1657 »
188 1593 242 1676 lia,
263 1603 299 1664 et
324 1593 392 1663 tuis
426 1592 575 1685 pedibus
607 1592 699 1683 tangi
728 1591 833 1685 cupit.
866 1593 1063 1687 Expectant
1095 1605 1130 1667 te
1153 1596 1223 1667 laeti

145 1742 160 1777 a
188 1715 293 1786 colles
320 1736 361 1786 ac
385 1714 536 1799 llumina,
557 1722 745 1808 expectant
765 1712 871 1784 urbes
891 1724 927 1784 et
949 1713 1093 1808 oppida,
1113 1738 1223 1811 expe-

143 1865 158 1902 u
188 1846 283 1909 etant
296 1836 465 1910 bonorum
485 1836 640 1928 agmina:
658 1837 740 1907 etsi
760 1846 793 1907 te
809 1836 856 1905 nil
873 1834 966 1907 aliud
984 1847 1137 1928 urgeret
1156 1840 1221 1913 nisi

144 1988 160 2023 r>
188 1959 282 2052 quod
295 1960 395 2031 malis
414 1980 591 2051 nunquam
611 1957 696 2030 satis
714 1956 903 2039 distulisse,
923 1955 1024 2028 bonis
1043 1982 1221 2054 nunquam

145 2109 159 2145 i
188 2082 291 2151 nimis
311 2081 495 2150 festinasse
516 2080 703 2165 videberis,
723 2087 908 2151 satcenses
921 2088 985 2161 est
1005 2087 1043 2150 ut
1062 2080 1119 2153 his
1135 2105 1223 2175 gau-

145 2228 159 2264 „
190 2201 299 2284 dium,
327 2201 394 2270 illis
419 2221 557 2294 poenam
580 2203 644 2284 vel,
669 2202 698 2273 si
718 2199 924 2295 resipiscere
945 2201 1140 2290 maluerint,
1160 2228 1222 2279 ve

145 2350 161 2386 a
190 2321 281 2392 niam
309 2323 442 2392 laturus
468 2322 652 2392 acceleres.
680 2323 781 2393 Solus
804 2343 844 2393 es
863 2320 919 2392 cui
939 2322 1034 2393 Deus
1060 2323 1222 2421 Omnipo

147 2473 161 2508 tt
190 2452 268 2514 tens
293 2441 475 2535 interrupti
499 2441 633 2514 consilii
665 2443 734 2515 mei
766 2443 907 2515 dilatam
937 2443 1084 2535 gloriam
1110 2468 1222 2521 reser-

147 2593 162 2628 »
191 2563 299 2635 Vavll.
325 2592 341 2629 a

559 2934 747 3019 arrsroua
766 2935 797 2998 n.

297 3124 491 3175 ratuctscus
512 3121 682 3172 Parauaea
704 3121 839 3171 socedat
861 3119 920 3170 SUO
941 3119 967 3169 S.
989 3120 1018 3169 P.
1039 3122 1069 3170 tt.

139 3280 222 3349 AEgre
237 3294 266 3331 se
281 3277 356 3331 serre
369 3277 444 3347 quod
460 3276 566 3330 nullam
582 3276 616 3331 do
630 3275 785 3332 valetudine
804 3277 864 3332 cius
882 3277 1007 3332 notitiam
1025 3276 1127 3335 habeat
1142 3279 1181 3335 ila
1192 3286 1224 3335 ut

211 3370 238 3418 ct
252 3363 286 3418 de
302 3364 362 3418 eius
380 3366 434 3420 vita
453 3365 579 3420 dubitare
598 3372 720 3438 cogatur.
741 3367 823 3422 llillit
840 3367 875 3421 ad
893 3383 958 3422 oum
976 3366 1083 3423 litteras
1101 3368 1222 3426 Gemrdo

213 3452 293 3507 fratri
308 3452 475 3510 reddendas.

239 3668 440 3740 Amicorum
459 3669 586 3761 pavida
605 3690 744 3765 semper
764 3669 922 3741 absentia
942 3677 1015 3739 est:
1041 3671 1221 3744 fastidiosa

140 3792 349 3882 praesensio:
371 3788 510 3862 levibus
530 3791 748 3874 ollendimur,
776 3789 953 3862 levissima
979 3790 1221 3871 lormidamus;

140 3926 245 4010 atque
267 3914 397 3984 utinam
418 3934 485 4004 ego
506 3936 596 3985 nuno
622 3935 691 3984 non
711 3912 815 3996 levia,
839 3912 901 3983 sed
921 3913 1007 3983 salsa
1028 3914 1221 3987 formidem.

140 4038 263 4109 Fateor
285 4038 377 4108 enim
404 4057 460 4106 me
494 4035 537 4108 de
567 4034 639 4105 vita
671 4044 729 4103 tua
761 4033 797 4104 in
828 4033 967 4105 caeteris
1001 4032 1222 4126 opinionibus

140 4157 363 4229 lluctuantem
397 4159 549 4251 peiorem
575 4156 610 4226 in
635 4162 768 4249 partem
794 4156 983 4227 reclinare:
1010 4176 1221 4249 quamquam

140 4280 226 4375 quid
246 4280 369 4351 melius
389 4279 528 4372 etquid
549 4278 649 4373 peius
671 4276 801 4347 homiui
822 4278 914 4348 Deus
940 4277 1035 4347 solus
1056 4277 1169 4361 novit,
1190 4286 1224 4347 et

142 4403 258 4473 nullus
278 4397 417 4472 omnino
437 4400 616 4473 hominum
642 4397 853 4484 mortalium,
880 4398 938 4491 qui
965 4397 1120 4491 peiorem
1146 4422 1223 4494 par-
