2738 5062
471 997 658 1062 thNCiSCl
689 995 895 1060 PETRARCAE

292 1215 363 1293 DE
413 1212 597 1296 REBUS
646 1210 1065 1324 FAMILIARIBUS

358 1412 512 1485 LIBER
552 1413 1000 1497 Qulurusoucrhus

573 1891 753 1958 semrom
772 1893 793 1956 Ι.
840 1931 842 1935 «

311 2088 507 2140 rnrnorscus
529 2088 698 2137 perennes
720 2087 821 2136 uncio
842 2088 901 2137 suo
923 2089 948 2138 s.
971 2089 999 2138 r.
1022 2090 1051 2137 o.

144 2265 262 2319 Accusat
275 2262 439 2317 diuturnum
459 2261 540 2317 amici
559 2261 713 2330 silentium,
732 2266 760 2314 et
776 2258 964 2332 respondendi
978 2259 1008 2314 in
1021 2274 1055 2314 eo
1069 2258 1225 2316 tarditatem

233 2350 424 2424 reprehendit:
454 2352 581 2407 hortatur
604 2349 704 2406 deinde
725 2356 756 2404 ut
778 2354 906 2421 suscepto
931 2364 1047 2403 munere
1067 2349 1225 2426 reipublicae

234 2438 419 2507 sublevandae,
432 2437 561 2510 superbie
576 2435 764 2510 nequidquam
779 2436 963 2505 obstantibus,
974 2436 1045 2491 virili
1059 2438 1152 2494 animo
1164 2439 1227 2493 iun·

234 2531 323 2600 gatar.

238 2763 408 2848 Quamvis
429 2761 607 2855 antiquus,
631 2761 737 2832 immo
763 2781 902 2853 semper
928 2779 1049 2830 reeens
1075 2768 1110 2829 et
1135 2781 1224 2829 nun-

141 2906 246 2978 quam
266 2885 355 2956 inter
375 2902 441 2955 nos
462 2902 647 2956 senescere
668 2885 791 2955 veiens
816 2902 929 2964 amor,
951 2881 1012 2973 qui
1039 2901 1102 2951 uos
1128 2902 1148 2951 a
1174 2888 1224 2953 te-

142 3026 227 3078 nera
252 3015 356 3078 aetate
378 3003 679 3079 indissotubitibos
713 3002 814 3074 nodis
849 3002 1021 3086 innexuit,
1045 3022 1141 3096 saepe
1168 3002 1225 3074 his

142 3126 356 3222 temporibus
375 3127 575 3199 hortaretur
593 3135 634 3197 ut
654 3124 845 3198 scriberem
866 3145 1067 3217 moremque
1089 3135 1225 3217 repete—

142 3268 215 3320 rem
236 3247 490 3331 intermissum,
512 3245 718 3318 mirahatur
738 3256 855 3319 umen
881 3244 963 3316 hino
986 3266 1148 3317 curarum
1175 3247 1225 3316 la-

140 3369 241 3462 queis
253 3388 424 3452 mearum,
444 3366 537 3438 iliinc
553 3369 601 3439 tui
620 3367 859 3460 recordatione
878 3366 1013 3439 silentii.
1031 3367 1119 3451 Quis
1131 3365 1230 3438 enim-

141 3491 208 3562 nisi
228 3508 349 3562 amens
371 3489 482 3561 surdo
499 3490 674 3583 ioqoituri
691 3493 779 3562 Sunt
795 3511 884 3584 quos
897 3511 968 3561 non
980 3489 1098 3583 pigeat
1115 3488 1224 3561 verba

141 3614 307 3710 proiieere
339 3621 377 3684 et
409 3612 538 3705 quibus
570 3610 677 3687 vaide*
694 3613 859 3708 probetur
879 3612 1091 3685 Ouidianum
1122 3611 1222 3683 iliud:

136 3734 277 3829 perdere
302 3736 405 3804 verbo
430 3737 501 3804 teve
521 3744 577 3806 ert.
604 3735 650 3807 At
674 3755 762 3807 vero
785 3734 948 3829 quisquis
980 3734 1025 3807 od
1059 3733 1223 3828 temporis

141 3855 349 3929 brevitatem
383 3857 665 3951 celeritatemque
698 3858 894 3956 respexerit
926 3858 1095 3949 inteiliget
1116 3876 1222 3951 quam

140 3998 256 4073 parce,
277 4002 387 4073 qnam
405 3980 520 4053 sobrie
535 3981 810 4073 dispensandum
830 3982 886 4064 sit,
905 3999 1082 4072 quamque
1099 3997 1224 4071 super-

141 4103 265 4175 vacuis
284 4103 551 4198 temperandum·
562 4121 631 4171 non
644 4111 777 4173 tantum
799 4102 993 4172 actionibus
1012 4099 1075 4172 sed
1093 4101 1220 4173 verbis.

140 4227 392 4299 Paterfamiiias
416 4224 476 4316 qui
502 4246 541 4297 se
569 4224 716 4315 egestati
742 4223 939 4318 proximum
960 4223 1071 4304 videt,
1093 4223 1140 4295 ab
1158 4224 1224 4295 im-

141 4349 262 4443 pensis
283 4349 463 4420 inutitibus
484 4347 609 4439 pedem
622 4347 743 4418 retest:
761 4344 956 4418 inclinatam
970 4344 1062 4419 diem
1075 4366 1223 4420 cernens

141 4490 307 4564 gressum
327 4472 441 4544 viator
459 4469 659 4562 ingeminat.
682 4469 792 4541 instat
811 4469 936 4541 attritis
962 4470 1077 4542 bobus
1100 4480 1137 4541 et
1161 4468 1224 4539 ob-

141 4597 273 4668 noxius
294 4597 396 4667 soiito
417 4597 550 4667 sulcum
568 4602 669 4685 urget
683 4602 809 4680 arator,
824 4616 929 4688 qoem
948 4595 1097 4686 penduia
1111 4589 1222 4661 nubes
