2738 5062
141 673 179 733 74
474 680 516 729 DE
537 680 638 729 REBUS
660 677 881 728 llllffllltlllus

139 817 377 894 felicissimum
401 816 594 889 ostendam.
619 813 816 887 Recordare
838 811 918 905 quis
951 811 1008 884 ille
1037 811 1221 889 hominurn

139 961 346 1024 concursus,
373 958 534 1032 quaenam
559 935 680 1032 praelia
711 935 949 1019 salutantium,
980 944 1114 1027 quanta
1140 956 1225 1009 oon-

140 1064 355 1137 cursantium
372 1059 527 1144 offensio,
552 1069 765 1151 quantumve
783 1057 923 1130 sudoris
939 1078 980 1129 ac
1000 1055 1170 1142 laborum,
1186 1065 1225 1129 ut

141 1185 268 1280 compti
287 1195 324 1256 et
338 1180 506 1255 elaborati
528 1202 620 1251 nunc
643 1180 698 1251 hic
719 1202 810 1252 nune
835 1179 903 1251 illic
922 1178 957 1250 in
984 1178 1123 1272 publico
1146 1201 1225 1251 cer-

141 1329 315 1381 neremur.
336 1306 389 1389 Et,
408 1307 504 1376 Deus
521 1303 657 1394 optime,
676 1301 736 1396 qui
749 1323 864 1374 coecos
877 1300 1063 1387 illuminas,
1077 1302 1224 1375 claudos

140 1430 257 1523 erigis,
266 1439 420 1502 mortuos
434 1424 594 1509 suscitas,
608 1423 722 1517 qualis
736 1424 793 1495 illa
805 1421 942 1495 iactatio
952 1423 1223 1517 esthostquam

140 1552 231 1626 enirn
245 1550 408 1623 omnibus
421 1547 508 1619 vicis
521 1547 755 1640 omnibusque
769 1546 883 1619 scenis
895 1544 1095 1618 circumacti
1111 1547 1225 1619 omni·

142 1674 210 1746 bus
230 1673 301 1745 noti
325 1671 471 1755 erimus,
499 1679 609 1742 restat
629 1671 694 1741 iter
719 1678 856 1765 patrum
882 1678 1082 1741 nostrorum
1101 1692 1222 1764 agere,

142 1806 178 1867 et
196 1792 416 1866 formidatum
435 1790 586 1886 sepulcri
604 1790 710 1862 limen
732 1788 916 1862 irredituro
934 1788 1024 1885 pede
1044 1801 1225 1865 transcen-

141 1916 236 1989 dere.
254 1913 356 1986 Adde
380 1935 472 1985 nune
499 1910 743 1982 conviviorum
770 1910 922 2003 gloriosa
953 1909 1107 1998 fastidia,
1142 1933 1224 2006 qnae

143 2037 218 2108 sine
231 2058 367 2128 magno,
383 2044 422 2105 ut
441 2033 548 2119 aiunt,
563 2035 665 2105 samae
683 2030 885 2105 discrimine
908 2052 977 2103 non
994 2032 1168 2119 vitantur,
1188 2045 1224 2107 ct

142 2158 322 2249 epularum
336 2156 470 2228 variam
488 2158 671 2250 procellam
685 2178 857 2229 concusso
869 2158 1086 2229 stomachulo
1099 2157 1225 2233 ducto·

142 2289 269 2350 antem.
292 2275 380 2360 Quae
401 2277 430 2348 si
455 2275 500 2348 ab
532 2277 653 2348 amicis
687 2279 837 2372 patimur
871 2279 1103 2363 incommoda,
1139 2278 1224 2374 quid

142 2412 308 2497 expectes
326 2399 371 2472 ab
395 2398 577 2471 hostibus?
597 2421 745 2492 quorum
766 2403 873 2472 multa
894 2411 976 2473 sunt
995 2423 1142 2492 genera:
1161 2403 1224 2477 do·

143 2524 294 2607 mestici,
317 2523 471 2606 externi;
488 2522 683 2614 horumque
703 2521 760 2594 alii
785 2523 1003 2609 clandestini,
1025 2525 1225 2621 aliioxpro-

142 2648 237 2717 fesso
254 2644 450 2717 iuimicitias
470 2653 593 2735 agunt,
616 2654 651 2716 et
672 2665 811 2716 rursum
829 2644 885 2718 alii
907 2645 1038 2737 lingua,
1056 2647 1115 2719 alii
1131 2651 1226 2722 irau-

141 2766 261 2854 dibus,
280 2766 337 2838 alii
357 2766 476 2859 gladio
488 2766 676 2839 decertant.
691 2767 839 2838 Brevius
853 2769 975 2860 loquor
987 2790 1092 2841 omne
1112 2791 1224 2863 genus

141 2901 296 2984 experto.
310 2890 365 2962 Ad
380 2891 455 2961 lraec
475 2889 569 2982 quid,
592 2909 725 2981 quaeso,
752 2909 821 2960 non
847 2887 1049 2960 iniuriarum
1067 2911 1089 2960 a
1109 2889 1223 2963 servis

140 3013 496 3105 contumeliarumque
510 3011 912 3105 perpetimurlldxeusat
924 3012 1224 3086 eosSenecamul·
1260 3012 1264 3019 “

141 3133 184 3205 tis
204 3135 347 3226 quidem
373 3133 493 3203 verbis
514 3142 549 3202 et
569 3151 707 3202 omnem
727 3133 863 3225 culpam
883 3130 1030 3202 reflectit
1054 3130 1091 3201 in
1114 3132 1224 3206 domi-

140 3277 214 3339 nos,
229 3255 469 3344 Luciliumque
486 3274 588 3324 suum
606 3253 723 3324 laudat
743 3255 857 3326 servis
875 3253 1089 3326 familiariter
1106 3255 1224 3329 convi-

142 3386 293 3449 ventem.
320 3374 413 3459 Quid
437 3375 574 3448 dicam?
591 3377 722 3448 Vereor
739 3379 823 3449 tanti
841 3377 909 3449 viri
927 3377 1063 3449 vilitare
1084 3391 1224 3453 senten-

142 3499 236 3583 tiam,
254 3507 421 3571 ettamen
439 3497 533 3592 quod
551 3498 711 3592 perhibet
727 3501 829 3592 longe
848 3499 933 3569 mihi
952 3500 1053 3571 aliter
1071 3501 1222 3575 videtur.

141 3621 255 3692 Potuit
277 3622 344 3693 illis
377 3623 464 3691 lorte
489 3622 544 3692 vel
570 3620 753 3712 prudentia
787 3630 824 3692 ut
849 3620 958 3692 bonos
989 3643 1113 3695 servos
1135 3623 1224 3696 iaco-

142 3752 232 3827 rent‚
254 3745 310 3815 vel
328 3746 464 3814 fortuna
484 3753 520 3813 ut
533 3742 741 3827 invenirent,
761 3742 984 3836 praestitisse:
1008 3743 1094 3814 milri
1115 3748 1225 3818 fateor

142 3857 1224 3954 neutrumluit,cumutriusquestudiumsemperiueritltaquo

141 3982 187 4054 do
200 4003 238 4053 se
251 3982 307 4053 alii
321 3982 476 4055 videant:
490 4002 567 4072 ego,
581 3982 677 4075 quod
689 3980 816 4065 nescio,
829 3979 971 4052 laudare
984 4002 1052 4052 non
1066 4003 1223 4074 possum.

142 4101 244 4196 Apud
264 4125 320 4174 me
336 4114 370 4175 et
387 4101 644 4197 iniquissimum
665 4113 720 4174 est
737 4123 920 4174 servorum
942 4123 1069 4193 genuS,
1085 4112 1122 4173 et
1146 4126 1225 4199 pro-

144 4223 300 4295 verbium
320 4225 403 4298 illud
423 4237 526 4297 votus
547 4248 569 4297 a
588 4226 722 4295 Seneca
743 4223 1004 4316 reprehensum,
1023 4224 1097 4295 veri
1111 4227 1223 4298 loeurn

143 4342 270 4416 habet:
298 4343 437 4415 totidem
463 4344 583 4417 hostes
610 4365 691 4415 esse
711 4352 796 4436 quot
822 4364 958 4416 servos.
980 4342 1026 4414 At
1051 4343 1224 4418 debonis

144 4466 257 4539 sorvis
272 4466 419 4559 epistola
436 4466 491 4537 illa
509 4479 579 4540 cst:
601 4464 681 4536 mali
699 4468 799 4550 enim,
817 4467 941 4539 codem
959 4477 1108 4553 auctore,
1128 4468 1225 4542 ado·
