2738 5062
330 651 422 700 urana
445 649 951 703 ourtvusnnuruus.-nrrsronu
972 653 1032 702 xlv.
1156 643 1211 705 bel

550 905 726 970 belsebul
747 907 816 969 xlv.

201 1096 397 1150 Fufflclsccs
418 1096 587 1146 Parauaea
611 1096 715 1146 CROTO
736 1096 937 1148 BERGOMENSI
957 1098 1164 1151 aaauaaulcu

618 1201 643 1250 S.
665 1200 694 1250 P.
716 1201 746 1250 D.

280 1376 337 1431 Pro
350 1382 460 1448 recepto
475 1391 569 1430 rerum
583 1375 805 1434 Tusculanarum
819 1379 890 1434 libro
903 1380 1004 1451 gratias
1018 1382 1083 1453 agit.

240 1627 352 1712 Quam
372 1626 451 1697 laete
468 1626 607 1698 audiam
633 1639 701 1699 tam
723 1630 955 1721 penetrabiles
982 1651 1103 1724 preces
1123 1653 1220 1705 meas

142 1759 240 1823 tuum
261 1748 366 1820 limen
386 1748 558 1841 attigisse,
579 1760 616 1821 ut
633 1752 749 1822 nullus
767 1751 812 1821 ibi
835 1774 904 1823 non
925 1753 1037 1825 dicam
1055 1757 1218 1849 repulsae,

142 1871 208 1942 sed
220 1872 275 1943 vel
290 1871 403 1942 tenuis
418 1892 524 1942 morae
537 1869 629 1941 obex
643 1872 708 1943 illis
726 1875 929 1958 occurrerit,
948 1897 1051 1966 quam
1069 1875 1221 1948 iucunde

143 1991 342 2064 Ciceronem
365 2003 462 2063 tuum
484 1992 550 2063 sub
567 2012 646 2063 mco
667 1996 737 2063 lare
757 1994 976 2086 conspiciam,
1005 1996 1125 2068 Cicero
1144 1998 1220 2093 ipse

141 2115 204 2187 vix
228 2116 411 2208 exprimat.
433 2116 511 2186 Fuit
531 2127 645 2188 autem
669 2117 786 2188 nescio
806 2139 850 2188 an
870 2119 1089 2211 casualiquo
1107 2141 1150 2190 an
1168 2120 1221 2191 iu-

139 2237 231 2309 dicio
262 2247 358 2309 certo
385 2238 480 2331 (nihil
505 2249 560 2310 est
583 2240 674 2310 enim
701 2241 768 2310 iam
794 2240 889 2332 quod
916 2260 983 2310 non
1011 2241 1054 2312 de
1080 2240 1220 2334 ingenio

141 2367 200 2432 tuo
221 2358 371 2452 sperem)
399 2360 637 2431 ciceronianus
658 2363 714 2432 ille
731 2360 844 2432 codex
861 2361 921 2453 qui
940 2362 1023 2432 mihi
1044 2363 1078 2432 in
1100 2363 1220 2456 primis

141 2481 350 2554 sententiam
371 2481 560 2572 superioris
586 2481 742 2576 epistolae
766 2486 824 2555 vel
850 2503 977 2553 novam
999 2504 1135 2574 parere,
1163 2486 1221 2553 vel

140 2612 318 2675 vetustam
340 2602 569 2674 adamantinis
589 2602 699 2673 clavis
720 2612 841 2695 posset
859 2603 1010 2692 alligare.
1034 2602 1108 2670 Etsi
1128 2601 1220 2671 enim

141 2726 308 2797 Hercules
332 2723 661 2796 distantissimarum
688 2724 853 2792 lustrator
879 2732 1086 2813 pacatorque
1112 2730 1220 2791 terra-

140 2869 218 2918 rum
247 2846 425 2917 Nemaeam
451 2846 574 2917 silvam
601 2848 715 2927 leone,
748 2843 950 2937 Erymanthi
984 2845 1089 2914 colles
1122 2864 1217 2938 apro,

139 2965 305 3041 Aventini
325 2975 477 3038 montem
499 2966 708 3039 incendiario
727 2968 870 3051 latrone,
890 2969 1142 3058 Lernaeamque
1159 2988 1221 3061 pa·

140 3088 257 3162 tudem
284 3088 484 3184 multicipile
510 3098 672 3183 serpente
702 3089 918 3183 purgaverit,
945 3099 1049 3181 atque
1074 3088 1120 3158 ob
1145 3088 1221 3160 haec

141 3223 176 3284 et
195 3212 252 3283 his
272 3211 397 3283 similia
418 3211 660 3282 benevolentia
681 3209 901 3281 liberatarum
923 3208 1092 3301 gentium,
1115 3218 1151 3280 el
1169 3211 1220 3281 la·

121 3349 125 3357 '
142 3354 210 3407 mae
225 3334 290 3406 alis
306 3333 393 3416 coeli,
408 3342 447 3403 ut
458 3335 582 3416 lerunt,
599 3354 734 3404 summa
749 3330 997 3413 conscenderit,
1012 3333 1090 3427 plus
1104 3341 1221 3404 tamen

142 3455 318 3549 aliquanto
341 3464 408 3537 est,
435 3453 528 3546 quod
554 3453 589 3523 in
613 3453 680 3524 hoc
704 3453 780 3546 ipso
806 3463 875 3523 tam
903 3476 1012 3547 parvo
1042 3453 1221 3547 quinque-

140 3578 258 3672 partiti
281 3575 358 3647 libri
385 3578 496 3670 spatio
521 3576 640 3648 Cicero
665 3586 784 3649 noster
809 3577 891 3670 egit.
918 3576 1027 3671 ldque
1059 3578 1109 3649 sic
1139 3598 1220 3650 esse

140 3699 303 3793 perfacile
328 3697 539 3770 monstrabo.
570 3699 684 3771 Prima
712 3700 875 3793 equidem
901 3721 984 3794 pars
1010 3702 1126 3792 rugitu
1153 3709 1221 3770 ter-

140 3820 239 3892 rifico
264 3822 520 3914 impendentem
551 3822 680 3914 ubique
713 3821 916 3893 mortalibus
943 3821 1062 3891 mortis
1088 3830 1218 3890 melum

140 3939 313 4013 interficit.
338 3942 497 4013 Secunda
522 3964 683 4036 asperum
706 3952 810 4032 atque
837 3938 1036 4010 vulnificum
1065 3939 1219 4009 dolorem

142 4062 297 4156 corporis
322 4065 450 4135 domat.
478 4065 592 4136 Tertia
618 4063 743 4132 mentis
769 4058 1009 4150 egritudinem
1032 4060 1136 4129 coecis
1158 4081 1222 4131 va-

142 4184 285 4278 poribus
303 4196 510 4257 aestuantem
533 4183 737 4276 comprimit.
757 4185 885 4265 Quarta
905 4201 1100 4253 venenosas
1117 4191 1220 4274 atque

143 4308 348 4402 multiplices
366 4307 468 4377 animi
491 4305 673 4401 passiones
699 4326 718 4375 a
745 4303 852 4396 stirpe
877 4303 1049 4375 convellit.
1075 4303 1128 4374 An
1150 4303 1221 4373 cni-

141 4450 246 4522 quam
273 4430 362 4502 torta
386 4427 465 4500 ideo
489 4428 620 4500 leviora
641 4428 718 4500 haec
741 4435 900 4522 portenta
916 4425 1100 4499 videantur
1115 4442 1220 4517 quam
