2738 5062
423 702 517 752 arnan
538 702 864 752 nonus-nmmum
886 704 938 752 uu.
1187 690 1223 751 ll

147 820 328 894 severiore
354 818 481 890 iudicio
503 826 692 911 retegatur,
715 820 887 911 simulque
911 818 995 890 mihi
1020 823 1137 893 velum
1157 843 1227 913 quo

146 943 213 1015 sub
233 943 347 1014 oculis
369 942 437 1012 tuis
459 944 562 1023 lateo,
590 940 650 1011 tibi
673 951 754 1012 tuus
776 942 845 1025 ille,
867 964 937 1035 quo
958 944 1107 1034 gaudes,
1129 964 1227 1014 error

142 1065 296 1137 excidat.
317 1063 467 1135 Proinde
482 1063 567 1154 quid
586 1062 670 1134 libet
689 1062 734 1134 de
750 1085 807 1135 me
822 1065 973 1149 credere,
992 1065 1096 1136 crede
1109 1064 1224 1148 libere,

141 1187 250 1261 crede
283 1184 439 1279 pacifice,
466 1206 558 1257 nere
583 1187 675 1257 ultro
699 1205 858 1256 arcessas
884 1186 941 1279 qui
968 1197 1001 1257 te
1025 1186 1225 1281 opinionum

143 1322 307 1385 veterum
327 1308 580 1381 consuetudine
607 1307 791 1400 spoliatum
817 1328 928 1379 novas
948 1308 1080 1392 induat,
1108 1319 1223 1402 teque,

141 1434 246 1528 quasi
278 1431 452 1503 advenam
479 1431 557 1500 lieet
579 1437 616 1501 et
640 1428 788 1500 invitum
812 1432 973 1501 colonum
1003 1429 1130 1502 linibus
1156 1431 1225 1503 tuis

140 1558 298 1653 pulsum,
322 1553 396 1626 suis
416 1550 552 1636 inserat,
574 1550 640 1624 etsi
658 1553 806 1623 fortasse
827 1550 1049 1623 sermonibus
1069 1563 1224 1624 nontam

142 1678 261 1749 animo
284 1684 345 1747 tuo
370 1671 491 1767 gratis.
517 1674 591 1745 Non
617 1684 673 1745 est
698 1673 772 1746 sani
793 1682 920 1764 gustus
944 1684 1107 1766 appetere
1131 1675 1225 1767 quod

141 1798 304 1871 offendat.

556 2110 732 2177 EPISTOLrl
750 2111 817 2175 xlll.

212 2308 407 2359 rutuclscus
429 2306 597 2357 Purnlncl
620 2306 766 2356 PHILIPPO
785 2306 827 2356 1)ss
849 2308 999 2358 vlrnllco
1019 2309 1046 2358 S.
1068 2310 1096 2358 I‘.
1119 2310 1149 2358 D.

144 2478 272 2534 Graviter
284 2475 409 2546 oblongat
423 2474 498 2547 quod
511 2474 666 2530 Guidonem
681 2475 854 2531 CardInalem
864 2444 1029 2551 Episcopum
1039 2480 1221 2536 Portuensem

233 2564 263 2619 in
277 2562 384 2618 Italiam
402 2561 497 2632 Legati
512 2578 627 2618 munere
642 2563 759 2619 missum
778 2564 857 2636 quasi
875 2566 956 2620 exilio
975 2566 1145 2621 laborantem
1164 2568 1223 2622 lne-

142 2682 148 2687 ·
232 2653 270 2709 rit
282 2653 440 2709 miseratus.

242 2896 380 2970 Amicus
405 2919 510 2970 aures
540 2900 673 2969 amicus
705 2919 820 2969 sermo
849 2897 1014 2990 pulsabit,
1048 2918 1115 2966 non
1151 2905 1218 2967 tam

141 3019 292 3092 blandus
326 3042 430 3113 quam
459 3040 584 3103 verax,
618 3040 733 3111 neque
766 3029 835 3090 lam
863 3018 1077 3111 compositus
1116 3038 1219 3109 quam

140 3140 266 3213 fidelis.
290 3141 381 3225 Quid
401 3140 493 3211 eninr
516 3136 609 3232 loqui
629 3159 754 3210 verear
779 3139 823 3210 de
849 3137 1051 3228 longinquo,
1078 3137 1138 3229 qui
1162 3158 1220 3208 co-

139 3286 214 3335 ram
235 3264 370 3357 positus
391 3286 458 3335 non
481 3264 628 3333 verear?
647 3263 774 3353 Magna
798 3271 854 3333 est
875 3258 1037 3332 amIcitiae
1061 3258 1217 3342 libertas,

139 3408 267 3479 magna
284 3385 465 3458 securitas.
487 3384 554 3470 Qui
580 3386 724 3454 multum
748 3382 860 3476 diligit
877 3383 961 3453 nihil
982 3383 1093 3467 umet,
1113 3382 1220 3453 Immo

141 3529 226 3580 vero
246 3510 343 3579 timet
362 3508 487 3591 omnia,
505 3514 541 3577 et
560 3506 676 3577 omnin
691 3506 922 3599 circumspicit
939 3527 1090 3599 magnus
1112 3528 1217 3591 amor,

142 3630 208 3714 illa,
229 3632 387 3722 inquam,
410 3628 525 3700 omnia
542 3626 670 3721 quibus
691 3639 842 3700 amatum
865 3628 1062 3722 suspicatur
1081 3627 1218 3699 offendi.

142 3752 193 3823 De
211 3752 323 3823 amieo
344 3752 485 3844 quidem
507 3771 572 3821 suo
593 3752 725 3822 Seneca
744 3752 879 3836 viderit,
898 3753 943 3824 de
963 3774 1033 3845 quo
1053 3752 1123 3823 ait:
1142 3751 1218 3820 Non

142 3894 216 3943 omo
235 3877 341 3957 illum,
361 3874 430 3943 nisi
445 3872 625 3966 offenderm
644 3894 711 3965 ego
732 3875 814 3944 nihil
836 3876 951 3946 minus
972 3877 1090 3959 velim,
1113 3897 1218 3967 quam
1321 3850 1325 3857 ²

143 4005 176 4067 te
192 3996 378 4068 offendere.
398 3996 467 4068 Sed
484 3994 583 4080 absit
603 4005 641 4067 ul
652 3997 777 4069 ollendi
797 4020 882 4069 vero
895 3999 1020 4090 possis,
1034 3998 1108 4068 veri
1126 4018 1218 4068 sem-

141 4140 204 4211 per
221 4117 449 4188 acutissimus
474 4129 510 4189 et
533 4116 800 4189 ardentissimus
824 4118 1016 4209 inquisitor.
1040 4121 1220 4191 Delectare

140 4240 255 4330 polius
276 4259 389 4331 spero,
412 4247 447 4310 et
467 4238 687 4310 imbecillitati
705 4236 809 4308 anImi
827 4235 966 4308 virtutis
991 4261 1056 4332 ope
1076 4262 1218 4312 succur-

141 4380 239 4445 rere,
275 4370 314 4431 ut
345 4370 463 4433 tantus
494 4360 609 4432 aetatis
641 4367 772 4428 nostrae
808 4357 1048 4455 philosophus,
1074 4363 1217 4433 abiectis

142 4484 241 4575 vulgi
273 4483 452 4555 delirantis
487 4481 640 4578 ineptiis,
668 4480 735 4549 Iam
762 4499 830 4550 uon
856 4483 960 4555 modo
985 4484 1128 4554 viriliter
1153 4484 1215 4555 sod
