2738 5062
330 647 421 695 aroer
445 645 736 699 ocruvusoautuus.
750 650 953 700 -srrsrotn
976 651 1027 699 vu.
1160 639 1219 702 lta

551 946 729 1012 EPISTULA
750 950 806 1013 Vll.

161 1143 355 1195 rurtrtclsctls
375 1142 545 1193 Paresaca
566 1142 743 1199 FllclNClSCO
764 1145 871 1196 PRIOR!
891 1146 936 1195 SS.
959 1147 1200 1199 leasrowlttlu.

291 1345 398 1404 Laudat
412 1345 472 1402 eius
485 1344 624 1401 scribendi
638 1324 802 1417 elegantiam
817 1351 845 1401 el
860 1347 1073 1421 simplicitatem.

242 1625 513 1699 Tumultuariam
536 1635 571 1696 et
591 1623 788 1696 festinatam
818 1625 1000 1718 epistolam
1020 1633 1114 1696 tuam
1138 1625 1221 1717 legi,

142 1772 225 1847 quae
244 1773 312 1823 non
332 1750 447 1821 minus
469 1747 548 1821 ideo
568 1758 667 1840 grata
700 1749 809 1820 oculis
838 1747 926 1820 meis
956 1756 1061 1840 atque
1091 1747 1222 1833 animo,

144 1873 208 1947 sed
228 1893 336 1966 prope
355 1871 486 1964 gratior
519 1870 593 1942 luit.
625 1870 717 1943 Talis
750 1870 807 1941 illa
838 1869 935 1954 mihi,
957 1869 1071 1963 qualis
1092 1870 1224 1942 amanti

141 1995 269 2089 cupido
293 1993 498 2086 incomptior
525 1992 646 2064 amica.
674 1991 853 2088 Suspiravi
877 2003 913 2065 et
940 1991 1033 2065 dixi:
1060 2014 1223 2086 quaenam

142 2119 220 2191 lraec
237 2126 335 2189 esset
354 2117 384 2188 si
406 2118 584 2211 speculum
605 2117 814 2210 aspexisset.
836 2116 914 2208 lpsa
936 2136 976 2187 se
995 2116 1083 2187 lorte
1100 2114 1224 2187 duma

143 2239 288 2335 prandio
312 2239 507 2330 consurgis,
535 2238 672 2325 Cerere,
700 2248 739 2310 ut
764 2237 908 2311 iocando
933 2239 998 2325 ais,
1026 2238 1223 2330 liberoque

142 2361 372 2446 certantibus,
395 2363 519 2457 raptim
545 2360 747 2455 quotidiana
768 2369 868 2434 veste
889 2345 1161 2443 suffarcinatam,
1188 2371 1224 2432 et

143 2485 194 2558 sic
213 2484 259 2557 ad
279 2506 336 2555 me
354 2484 476 2554 venire
497 2484 627 2556 iussam
650 2484 853 2557 affirmabat.
876 2486 1003 2557 Contra
1024 2495 1138 2555 autem
1161 2483 1223 2556 sti-

143 2610 198 2680 lus
220 2606 373 2679 sobrium
391 2616 427 2678 et
443 2605 659 2699 impransum
681 2605 907 2701 profitebatur
924 2617 1117 2687 auctorem;
1135 2604 1221 2675 nihil

142 2730 348 2817 modestius,
370 2729 455 2801 nihil
476 2728 686 2814 abscissius;
708 2737 844 2800 matura
869 2747 931 2822 pro
958 2735 1114 2822 tempore
1140 2748 1221 2799 sen-

144 2853 325 2924 tentiarum
343 2851 513 2944 gravitas
535 2850 646 2923 dulcis
667 2860 703 2922 et
721 2850 873 2941 ingenua
898 2850 1009 2933 irone,
1032 2848 1218 2921 verborum

144 2976 275 3047 multos
295 2974 410 3047 subito
430 2973 670 3069 deprehensus
689 2972 805 3057 decor,
828 2970 940 3064 pudor
957 2981 992 3043 et
1008 2979 1137 3042 tremor
1158 2992 1221 3044 vo-

143 3097 206 3183 cis,
224 3107 261 3170 et
278 3098 423 3192 capillus
444 3098 615 3190 impexus,
634 3108 670 3169 et
684 3095 874 3169 discinctus
895 3092 1005 3178 sinus,
1024 3105 1060 3165 et
1077 3115 1138 3186 pes
1156 3115 1221 3165 nu·

142 3221 223 3306 dus,
244 3231 280 3292 et
296 3229 376 3312 toga
397 3220 545 3291 fortuita.
564 3222 664 3313 Saepa
684 3217 800 3310 magni
820 3219 934 3289 cultus
946 3218 1026 3288 loco
1042 3214 1105 3287 luit
1122 3214 1221 3287 habi·

145 3352 200 3414 tus
213 3343 413 3435 neglectior.
421 3343 512 3414 Talis
525 3344 845 3435 Cleopatra,sparsa
854 3339 1009 3424 caesarie,
1020 3340 1219 3411 Caesareum

143 3465 248 3538 animi
268 3464 375 3535 robur
395 3463 540 3535 inllexit.
563 3464 653 3535 Talis
670 3462 828 3535 Phaedrae
848 3465 968 3536 oculos
990 3462 1085 3554 rigor
1110 3455 1220 3531 movit

142 3588 316 3684 Hippolyti
337 3596 373 3660 et
391 3608 489 3660 coma
510 3586 585 3659 siae
609 3598 683 3658 arte
708 3584 821 3681 posita
844 3597 880 3658 et
904 3585 992 3658 levis
1017 3605 1078 3656 ore
1105 3581 1219 3676 pulvis

142 3713 295 3805 egregio.
315 3712 432 3783 Talem
450 3709 560 3781 luisse
577 3710 829 3805 Sophonisbam
848 3732 939 3793 reor,
957 3706 1041 3778 dum
1059 3703 1221 3777 Masinis·

143 3855 218 3906 sam
238 3834 341 3928 caepit
360 3834 453 3905 victa
469 3835 652 3917 victorem,
673 3832 765 3926 quod
786 3835 819 3904 in
841 3832 957 3903 Africa
976 3830 1058 3902 olim
1079 3835 1219 3918 gestum

143 3957 286 4030 nuncin
304 3956 430 4028 Africae
451 3966 581 4030 nostrae
601 3955 697 4026 libris
719 3954 903 4048 pathetioae
924 3950 1077 4022 materiae
1096 3947 1220 4021 lunda-

141 4092 297 4152 mentum
321 4090 387 4152 est.
414 4080 505 4152 Talis
531 4088 613 4173 puto
637 4077 795 4148 Lucretia
815 4087 891 4146 arat
909 4073 993 4146 dum
1018 4072 1117 4145 Sexti
1137 4073 1221 4144 Tar-

140 4201 251 4296 quinii
272 4211 391 4296 pectus
408 4202 576 4286 accendit,
596 4201 687 4272 unde
704 4220 891 4291 regnorum
909 4196 989 4268 finis
1010 4207 1045 4268 et
1068 4213 1221 4267 romanae

141 4324 309 4398 libertatis
324 4324 510 4397 exordium
529 4324 640 4396 duxit.
658 4323 747 4408 Quae
764 4321 925 4415 quamvis
944 4319 989 4392 ita
1007 4342 1047 4391 se
1060 4317 1218 4397 habeant,

141 4458 328 4545 esttamen
351 4447 527 4520 familiaris
554 4470 628 4519 mos
655 4449 720 4517 iste
746 4444 906 4516 formosis
932 4443 978 4514 de
1003 4440 1217 4514 deformitate
