2738 5062
365 672 458 721 uranu
480 667 949 719 concensemus-urrerem
972 669 1012 716 xr.
1172 658 1232 718 ato

150 810 282 879 rivulos
301 805 500 879 sitibundus
518 804 667 886 ambian,
688 803 755 874 nisi
777 803 909 896 pridem
932 803 1125 875 intellectus
1147 807 1232 876 mihi

148 930 195 1000 sit
215 928 321 1000 animi
356 930 403 998 tui
434 928 552 1010 ardor,
575 927 633 1019 qui
657 936 773 997 tantus
795 937 850 995 est
876 935 914 996 ut
941 929 1070 996 nullum
1101 927 1232 1018 ingenii

148 1052 315 1144 liquorem
335 1051 577 1142 undecumque
598 1045 765 1130 fastidiat,
790 1067 903 1139 neque
925 1045 984 1118 libi
1006 1046 1231 1118 suffecturum

148 1172 337 1244 arbitretur
368 1169 539 1264 quidquid
569 1146 781 1266 perennibus
816 1170 985 1241 scatebris
1016 1167 1231 1241 uberrimum

148 1305 270 1389 pectus
303 1292 433 1364 affatim
463 1293 601 1385 promit,
634 1291 700 1361 nisi
729 1293 787 1361 vel
816 1290 861 1362 ad
894 1292 1011 1364 limina
1036 1314 1230 1385 pauperum

148 1417 281 1510 pulses,
307 1425 341 1486 et
373 1414 421 1484 tui
451 1416 604 1506 locuples
638 1412 748 1485 aliena
776 1414 964 1485 mendices.
996 1415 1120 1506 Perge,
1152 1437 1228 1508 age,

149 1538 259 1610 habes
284 1557 373 1630 quos
403 1535 563 1629 sequaris
588 1535 709 1620 duces,
732 1557 795 1608 seu
821 1537 997 1608 Socratem
1026 1539 1140 1608 mavis
1167 1560 1230 1608 seu

146 1661 337 1743 Platonem,
360 1680 509 1751 quorum
530 1660 617 1729 alter
647 1669 683 1729 ut
714 1659 879 1751 scriptum
909 1659 1007 1730 vides
1027 1658 1070 1729 ad
1092 1658 1231 1735 discen-

146 1781 229 1853 dum
256 1802 403 1876 pauper,
426 1778 620 1852 ditissimus
641 1778 899 1853 adducendum
924 1781 1003 1865 luit;
1029 1784 1115 1852 alter
1141 1782 1230 1852 litte·

147 1928 205 1978 ras
232 1915 303 1978 toto
323 1904 408 1976 orbe
436 1903 584 1997 collegit,
612 1925 701 1997 quas
729 1914 797 1976 tolo
823 1904 907 1976 orbe
929 1903 1138 1976 refunderet.
1166 1904 1228 1974 His

146 2027 317 2123 exemplis
335 2028 458 2111 lretuS,
483 2035 519 2095 et
539 2024 605 2097 hoc
626 2026 691 2097 iter
708 2027 901 2117 ingressus,
924 2024 999 2096 lieri
1026 2047 1093 2096 non
1118 2035 1230 2118 potest

146 2151 229 2245 quin
250 2150 296 2222 ad
322 2169 478 2220 summas
497 2169 638 2241 quoque
657 2147 797 2219 divitias
825 2149 1029 2242 proveham.
1058 2147 1159 2231 Quod
1184 2146 1230 2220 ad

146 2292 259 2365 nugas
272 2292 369 2343 meas
386 2270 519 2354 attinet,
540 2269 714 2342 desiderio
736 2279 796 2341 tuo
817 2271 920 2341 etiam
941 2271 1007 2342 mei
1021 2280 1058 2342 et
1071 2291 1229 2342 mearum

145 2415 263 2465 rerum
285 2415 383 2465 amor
409 2389 553 2463 accedit.
574 2390 681 2462 Amor
703 2414 836 2477 coecuS,
862 2401 899 2461 ut
918 2392 1010 2477 dixi,
1033 2402 1068 2463 et
1089 2413 1230 2484 semper

145 2514 306 2608 obliquus
333 2535 450 2584 rerum
482 2513 613 2585 arbiter
648 2517 753 2607 vulgo
783 2515 850 2587 dici
878 2518 975 2588 solet.
1004 2517 1149 2588 Placeas
1176 2516 1231 2585 hi·
1305 2565 1308 2571 -

146 2637 229 2710 strio
261 2657 401 2730 semper
431 2636 594 2729 placitum
628 2638 731 2707 canit.
765 2637 922 2707 Profecto
952 2645 1070 2708 autem
1096 2658 1167 2709 nou
1192 2637 1230 2707 iu

145 2780 216 2843 me,
237 2759 409 2851 usquein
431 2759 519 2829 meis
541 2758 677 2849 scriptis
697 2735 755 2828 est
781 2766 818 2828 ut
846 2759 1014 2850 placeant,
1038 2755 1161 2829 sedin
1182 2765 1226 2829 te.

142 2878 319 2966 Quantum
344 2901 429 2952 vero
450 2881 484 2950 in
505 2878 577 2964 his,
599 2878 740 2969 quando
762 2878 816 2949 bis
837 2878 1038 2971 delectaris,
1057 2889 1227 2972 quantum

142 3005 179 3074 iu
198 3001 398 3087 maioribus,
413 3001 443 3074 si
456 3024 527 3095 qua
542 3021 620 3072 sors
635 3001 772 3086 laverit,
793 3001 853 3073 tibi
871 3021 1004 3073 morem
1022 3021 1146 3092 gerere
1164 3023 1229 3073 cu-

143 3128 248 3220 piam,
267 3135 303 3196 et
320 3145 461 3197 rursum
479 3123 566 3217 quid
584 3124 614 3195 si
636 3135 737 3196 vacet
752 3147 799 3196 ex
818 3136 851 3197 te
868 3122 986 3208 velim,
1002 3123 1080 3194 eius
1098 3144 1146 3194 ex
1165 3144 1227 3194 ore

143 3249 264 3322 audies
285 3250 386 3322 cuius
409 3269 430 3319 e
452 3248 612 3320 manibus
638 3248 701 3318 ista
724 3247 905 3343 percipies.
926 3246 994 3332 Qui
1019 3246 1076 3317 vir
1092 3245 1228 3317 musica

143 3372 318 3446 suavitate
336 3373 491 3443 mulcere
507 3393 626 3455 eures,
650 3381 686 3441 et
704 3369 813 3462 digito
830 3381 954 3464 potens
971 3379 1028 3443 est
1047 3368 1226 3461 ingenium

142 3495 311 3567 excitare:
335 3516 486 3588 cumque
511 3495 585 3589 ipse
610 3494 656 3564 sit
680 3513 843 3585 maguus,
866 3514 1079 3587 quamquam
1111 3512 1180 3562 uon
1205 3514 1227 3561 e

142 3617 303 3708 coniugio
316 3615 482 3700 Thetidis,
497 3615 663 3688 maiorem
682 3635 721 3685 se
738 3616 868 3707 genuit.
887 3616 986 3687 Nunc
1006 3615 1108 3688 ambo
1128 3614 1228 3705 quie-

145 3742 186 3812 tis
207 3740 302 3812 avidi
322 3739 367 3811 de
388 3747 461 3811 toto
482 3739 568 3812 orbe
593 3738 660 3811 sibi
687 3739 864 3810 Venetiam
892 3739 1065 3831 delegere.
1093 3734 1224 3807 Adesto

143 3862 208 3933 illis
238 3885 300 3935 oro
328 3885 399 3955 qua
419 3873 533 3957 potes:
567 3863 635 3932 mei
662 3870 757 3945 sunt,
786 3883 898 3952 eoque
924 3862 1036 3950 magis
1062 3879 1143 3929 esse
1163 3880 1224 3928 cu-

144 3985 242 4076 piunt
260 4007 330 4079 quo
349 3985 412 4069 tui,
427 4005 508 4056 esse
527 3983 593 4054 sibi
611 4005 678 4055 non
696 3982 839 4053 alterius
857 3980 1079 4052 videbuntur.
1098 3979 1224 4051 Novis-

142 4104 268 4177 simum
289 4117 345 4178 est
367 4115 404 4176 ut
425 4105 519 4176 noris
539 4104 720 4198 epistolam
748 4102 839 4173 illius
856 4101 975 4196 optimi
996 4101 1062 4172 riri
1080 4112 1116 4173 et
1134 4101 1224 4174 civis

140 4239 176 4298 et
192 4226 292 4299 ducis
310 4227 452 4299 meliore
473 4247 564 4297 nunc
584 4225 618 4293 in
640 4223 748 4317 patria
771 4224 932 4308 viventis,
952 4245 1022 4316 quo
1039 4223 1135 4315 digni
1156 4225 1224 4295 utl-

140 4370 220 4420 nam
242 4348 373 4420 diutius
395 4346 600 4428 fuissemus
623 4346 740 4416 laetum
761 4366 817 4415 me
843 4345 907 4417 sed
932 4366 1001 4416 uon
1028 4346 1102 4417 sine
1122 4344 1222 4416 lacri-

141 4468 207 4539 nrls
234 4470 439 4564 perlegisse:
459 4469 505 4539 ita
526 4467 608 4537 mihi
631 4468 675 4540 de
697 4468 888 4563 sepulchro,
913 4470 981 4540 imo
997 4470 1041 4541 de
1058 4471 1145 4541 caelo
1167 4490 1221 4538 rc-

266 4599 291 4636 ΙΙ.
1034 4591 1065 4635 :ts
