2738 5062
359 699 452 748 ninus
472 697 956 748 saurusnuuruus.-nnrsroun
978 700 997 746 1.
1157 685 1217 747 363

142 844 186 905 tae
205 842 339 905 tantum
358 831 469 901 telluri
488 830 669 923 prospicio,
690 829 754 902 sed
774 830 865 901 sicut
879 831 967 901 alter
986 827 1112 902 Africae
1133 834 1218 903 mal·

141 958 217 1027 lens
237 953 356 1028 Gneus
373 950 485 1044 Scipio
505 970 553 1021 ex
572 949 748 1043 Hispaniis
769 950 829 1022 ubi
845 949 1043 1023 felicissime
1063 972 1136 1023 rem
1157 974 1219 1043 ge·

140 1074 241 1148 rebat
253 1074 453 1145 missionem
466 1071 631 1166 poposcit
647 1071 741 1164 quod
757 1070 885 1144 deesse
900 1072 1033 1145 diceret
1048 1072 1129 1145 filiae
1143 1095 1219 1146 suae

140 1195 266 1278 dotem,
280 1193 331 1265 sio
340 1213 407 1285 ego
421 1192 618 1265 ulduorum
627 1191 940 1265 illustrissimorum
954 1193 1083 1266 ducum
1096 1204 1221 1266 coeant

141 1315 380 1386 inmensum
404 1297 538 1398 cause,
564 1312 784 1412 brunonem
808 1335 907 1398 mee,
941 1334 1047 1407 quam
1073 1314 1158 1386 mim
1185 1315 1220 1387 m

142 1434 246 1509 filiam
267 1435 443 1530 adoptavi,
459 1436 570 1506 sentio
582 1436 708 1507 deesse
720 1437 912 1508 custodem.
931 1437 1009 1507 Fuit
1024 1439 1116 1510 enim
1130 1438 1221 1509 villi·

142 1578 206 1629 cus
216 1577 316 1628 meus
324 1555 475 1649 agrestis
489 1555 601 1640 bomo,
612 1557 676 1628 sed
690 1558 767 1648 plus
780 1579 885 1648 qnam
896 1557 989 1629 civili
1002 1558 1220 1650 providentia

144 1688 180 1750 et
200 1678 394 1751 urbanitate
411 1678 592 1750 conditus:
610 1687 695 1772 puto
712 1679 845 1751 nullum
863 1679 921 1750 illo
940 1677 1077 1752 fidelius
1095 1681 1220 1752 animal

144 1808 236 1872 terra
267 1799 419 1894 protulit:
452 1798 544 1882 Quid
560 1800 689 1872 multa?
709 1799 864 1872 omnium
885 1800 1100 1893 iniquitatem
1117 1800 1221 1894 perfi-

143 1920 323 2015 diemque
343 1940 541 2002 servorum,
560 1920 604 1991 de
623 1942 694 2011 qua
713 1942 782 1991 uon
804 1923 916 1994 solum
937 1921 1091 2015 quotidie
1111 1922 1222 1993 verbo

143 2064 282 2134 queror,
306 2041 370 2114 sed
391 2041 521 2133 scripto
541 2041 751 2134 quandoque
770 2040 874 2112 etiam
895 2056 1041 2134 questus
1062 2064 1150 2127 sum,
1165 2041 1221 2114 ille

146 2184 237 2250 unus
254 2161 323 2235 fide
343 2161 509 2256 aequabat
526 2183 568 2233 ac
589 2162 804 2256 temperabat
822 2162 961 2234 eximia.
976 2163 1095 2256 ltaque
1112 2173 1222 2235 totum

146 2306 202 2355 me
215 2284 263 2354 illi
278 2295 313 2354 et
326 2304 383 2354 res
397 2304 493 2355 meas
506 2281 684 2375 librosque
696 2304 817 2354 omnes
831 2302 921 2376 quos
934 2283 968 2354 iu
980 2282 1097 2355 Galliis
1111 2285 1225 2358 babeo

124 2405 401 2489 commiseram,
423 2427 574 2498 cumque
594 2404 707 2477 omnis
724 2405 864 2496 generis
888 2405 1099 2478 voluminum
1117 2409 1223 2480 multa

148 2527 315 2610 varietas,
340 2536 377 2597 et
406 2526 570 2619 quaedam
596 2525 644 2597 ibi
673 2526 905 2599 minutissima
930 2527 1092 2600 maximis
1119 2529 1225 2600 inter—

147 2649 256 2720 mixta
288 2658 422 2732 essent,
450 2658 556 2740 atque
580 2668 648 2740 ego
672 2647 733 2720 din
756 2647 886 2720 absens
914 2648 1122 2740 quandoque
1146 2660 1226 2742 post

149 2773 332 2844 terminum
353 2768 548 2851 rediissem,
571 2769 654 2839 nibil
676 2792 828 2861 unquam
850 2790 918 2841 non
936 2770 1040 2842 modo
1059 2780 1222 2854 amotum,

150 2893 214 2965 sed
233 2915 279 2964 ne
302 2894 375 2963 loco
394 2888 536 2983 quidem
559 2900 687 2961 motum
709 2893 833 2986 reperi.
855 2891 939 2962 Erat
959 2890 1014 2962 ille
1038 2891 1115 2963 sine
1136 2890 1226 2962 litte-

149 3014 199 3084 ris
217 3011 478 3084 amantissimus
498 3012 699 3094 litterarum,
718 3022 754 3083 et
773 3010 878 3083 libros
900 3033 989 3104 quos
1010 3011 1094 3082 mibi
1118 3034 1227 3085 nove·
1260 3076 1263 3081 .

127 3145 205 3233 ⁸rat
228 3133 390 3216 cariores,
415 3132 584 3205 exactiori
613 3132 772 3206 custodia
798 3132 1053 3205 conservabat:
1087 3133 1226 3227 iamque

150 3261 253 3350 longo
270 3277 338 3328 usu
353 3277 397 3329 eo
413 3267 636 3352 pervenerat,
654 3266 691 3329 ut
706 3267 743 3330 et
758 3259 897 3331 nomine
915 3267 1036 3330 nosset
1046 3278 1151 3350 opera
1164 3279 1226 3329 ve-

150 3391 271 3462 terum,
294 3386 330 3451 et
349 3400 426 3452 mea
448 3379 552 3451 simul
578 3380 790 3453 internosset
809 3382 986 3475 opuscula.
1009 3380 1116 3452 Totus
1140 3378 1227 3451 bila·

150 3500 309 3573 rescebat
327 3501 488 3593 quotiens
510 3499 591 3585 sibi,
615 3511 655 3572 ut
673 3500 723 3587 fit,
747 3500 871 3575 librum
892 3502 1041 3595 aliquem
1063 3501 1097 3573 in
1118 3501 1228 3572 mani-

149 3621 217 3694 bus
246 3623 459 3716 posuissem,
495 3624 741 3717 stringensque
771 3624 816 3697 ad
852 3634 973 3718 pectus
1010 3622 1227 3719 suspirabam

149 3765 397 3835 nonnunquam
437 3743 613 3817 submissa
647 3768 733 3818 voce
776 3747 888 3840 ipsius
928 3746 1005 3818 libri
1044 3747 1229 3840 compella-

149 3864 210 3936 bat
241 3874 431 3947 auotorem
465 3877 514 3948 et,
543 3867 670 3938 mirum
695 3869 806 3942 dictu!
841 3870 915 3941 solo
942 3868 1107 3940 librorum
1135 3853 1246 3938 tactu*

150 3987 207 4056 vel
228 3995 372 4079 aspectu
398 3985 473 4058 fieri
499 3986 565 4057 sibi
586 3987 718 4060 doctior
743 3998 847 4081 atque
875 3986 1005 4058 felicior
1032 3985 1227 4057 videbatur.

150 4106 213 4177 Hic
239 4106 344 4199 igilur
371 4109 447 4180 talis
474 4130 589 4179 rerum
616 4130 771 4179 mearum
791 4117 925 4191 custos
948 4129 1095 4199 quocum
1119 4107 1229 4179 tribus

151 4228 219 4298 iam
242 4229 362 4300 lustris
382 4250 486 4300 ouras
509 4228 623 4321 partiri
646 4228 778 4308 solitus,
801 4249 866 4298 nec
887 4249 991 4299 secus
1007 4249 1050 4301 eo
1069 4251 1173 4321 quam
1192 4242 1231 4300 ut

151 4348 220 4419 dici
242 4350 330 4421 solet
346 4350 481 4420 Cereris
503 4348 691 4433 sacerdote,
711 4371 775 4419 neo
794 4349 892 4421 aliter
912 4349 1015 4422 domo
1031 4352 1107 4423 eius
1123 4372 1229 4443 quam

154 4473 281 4570 templo
302 4470 383 4543 fidei
407 4491 492 4540 usus
519 4489 628 4553 eram,
655 4483 690 4542 et
716 4491 819 4561 quem
846 4471 954 4563 pridie
980 4472 1229 4566 imperantibus
