2738 5062
141 669 201 731 484
258 663 261 672 “
482 679 522 727 os
544 680 644 729 nanus
664 681 885 732 rrurnraarnus

142 817 216 911 prie
240 817 371 888 dictum
397 825 501 909 pules
527 836 596 887 non
622 816 706 887 illud
731 817 850 889 eximii
876 815 1057 911 prophetae
1083 818 1156 909 {luit
1183 829 1223 886 ut

139 960 194 1009 ros
214 940 377 1029 eloquiam
397 941 481 1023 eius,
504 937 568 1009 sed
589 937 673 1010 illud
692 938 812 1010 comici
840 949 953 1031 poetae
973 938 1097 1033 lapides
1117 940 1223 1030 toqui-

142 1074 211 1133 tur:
229 1060 370 1156 lapides
386 1062 536 1154 inquam,
552 1082 667 1132 meros
683 1070 787 1154 atque
799 1061 1009 1133 durissimos
1023 1061 1151 1155 quibus
1164 1083 1224 1134 ce·

144 1183 285 1254 rebrum
307 1182 553 1255 incredibiliter
572 1183 706 1255 excutit
729 1194 764 1254 et
788 1185 957 1268 obtundit,
984 1183 1146 1278 loedoque
1171 1197 1225 1256 to-

106 1288 111 1298 ’
143 1306 234 1377 nitru
253 1306 379 1378 coelum
405 1325 510 1378 omne
534 1307 724 1390 contristat.
751 1307 808 1376 Ex
831 1306 974 1379 diverso
999 1319 1114 1379 autem
1140 1319 1225 1379 sunt

144 1427 261 1512 amici,
288 1427 449 1520 pretiosa,
476 1437 577 1522 grata
593 1439 630 1501 et
654 1428 951 1502 immarcescibilis
978 1433 1137 1525 supellex
1163 1431 1225 1524 qui

144 1574 200 1623 me
219 1551 424 1643 castigando
448 1562 484 1624 et
508 1552 679 1644 iurgando
699 1554 946 1645 permulceant.
968 1553 1098 1624 Horum
1129 1573 1223 1623 uuus

142 1695 183 1748 es
197 1684 247 1758 tu,
261 1673 362 1747 cuius
376 1674 549 1748 mellilluae
570 1677 724 1767 querelae
740 1679 848 1747 multa
865 1697 929 1760 me,
948 1677 1066 1759 fateor,
1083 1695 1225 1768 resper-

145 1818 224 1871 sere
242 1796 439 1881 dulcedine3
462 1807 530 1870 tam
553 1797 711 1869 suaviter
739 1807 775 1868 et
803 1796 914 1869 amice
942 1797 1023 1869 hinc
1050 1798 1223 1869 fortunam
1276 1838 1281 1848 ·

144 1933 253 2008 tuam,
276 1920 356 1993 hino
381 1920 545 1992 duritiem
571 1942 683 1991 meam
709 1919 835 1992 delles:
862 1921 984 1991 melius
1010 1919 1226 1993 mihicrede

146 2020 340 2138 segnitiem.
362 2042 464 2116 Absit
488 2042 645 2116 enim‘ut
669 2053 730 2115 aut
761 2044 943 2115 immemor
976 2043 1025 2113 tui
1056 2043 1138 2127 sim,
1165 2053 1227 2114 aut

144 2167 274 2240 oblitus
303 2167 383 2240 mei.
418 2167 558 2238 Memini
591 2167 858 2260 primordiorum
891 2166 1055 2238 amicitiae
1078 2176 1223 2249 nostrae,

145 2310 226 2383 quae
248 2301 284 2359 tu
306 2286 389 2358 mihi
407 2289 504 2358 velut
519 2287 624 2359 oblita
641 2288 676 2357 in
693 2289 813 2360 taciem
834 2285 955 2358 obiicis
974 2306 1226 2358 commemora·

145 2411 238 2481 tione
258 2416 328 2479 tam
348 2408 441 2481 dulci
462 2417 500 2479 ut
520 2410 688 2499 gaudeam
708 2430 789 2481 reus
810 2430 905 2490 esse;
927 2419 963 2480 et
982 2408 1146 2501 quamvis
1164 2429 1227 2480 uo·

144 2533 203 2603 tim
225 2530 352 2602 iustam
374 2530 434 2601 tibi
455 2532 608 2623 querelae
629 2531 808 2603 materiam
830 2531 1036 2624 praebuisse,
1054 2529 1161 2600 velim
1175 2538 1227 2602 ta·

146 2676 225 2726 men
239 2651 369 2747 aliquid
383 2652 553 2726 accidisse
565 2652 659 2745 quod
671 2653 879 2745 querereris.
894 2652 1039 2724 Prodest
1051 2650 1224 2723 interdum

145 2776 271 2850 irritari
293 2777 437 2859 animos,
459 2786 495 2847 et
513 2795 605 2869 saepe
627 2796 747 2869 parvae
770 2775 905 2868 species
923 2775 1067 2846 offensae
1088 2793 1226 2866 magnae

144 2922 253 2974 causa
272 2899 413 2971 virtutis
433 2898 508 2971 luit.
529 2897 647 2969 Multis
668 2920 787 2974 vocem
807 2899 956 2969 extorsit
975 2897 1167 2988 indignatio
1191 2906 1226 2968 et

142 3023 300 3096 doloret
325 3037 450 3095 metus.
477 3022 551 3094 Nisi
577 3021 658 3118 Cyri
684 3021 782 3092 miles
807 3020 842 3092 in
869 3022 1027 3093 Croesum
1051 3021 1225 3093 violentos

145 3147 301 3234 irrueret,
323 3145 412 3242 Atys
432 3145 545 3219 Croesi
570 3143 663 3215 filius
688 3153 854 3237 perpetuo
875 3154 993 3216 mutus
1026 3146 1123 3215 soret.
1151 3145 1225 3236 Ego

145 3289 285 3361 quoque
299 3269 438 3360 teloqui
452 3267 588 3339 silentio
604 3288 684 3338 meo
696 3265 774 3350 leci,
789 3268 883 3360 quod
903 3288 1064 3338 sermone
1080 3266 1223 3338 forsitan

144 3412 214 3461 non
234 3389 406 3461 fecissem.
433 3389 622 3460 Enimvero
647 3398 681 3460 te
700 3391 852 3460 locutum
874 3389 1024 3482 gaudeo:
1047 3384 1226 3460 taciturni·

145 3521 248 3581 tatem
267 3531 352 3580 vero
371 3532 482 3581 meam
503 3514 680 3583 molestam
700 3510 761 3581 tibi
778 3512 888 3584 luisse
904 3512 1015 3583 doleo.
1030 3511 1168 3583 Curabo
1183 3531 1224 3581 ne

144 3655 302 3727 unquam·
318 3633 467 3726 amplius
488 3635 633 3705 molesta
655 3634 713 3720 sit,
737 3654 805 3703 neu
822 3634 1006 3726 aliquando
1023 3637 1080 3706 vel
1096 3636 1226 3706 lrustra

145 3754 228 3828 milri
251 3754 436 3849 scripsisse
452 3754 620 3840 videaris,
643 3759 710 3840 vel,
733 3755 762 3825 si
784 3755 867 3825 nihil
889 3756 1083 3850 scripseris,
1110 3755 1225 3850 possis

147 3878 284 3951 sivein
316 3877 475 3972 propriis,
512 3879 587 3951 sive
619 3878 809 3950 amicorum
830 3881 951 3950 saltem
987 3880 1021 3949 in
1048 3878 1171 3949 litteris
1193 3886 1225 3947 te

145 4004 358 4092 praeteritum
376 4003 567 4074 lamentari.
582 4003 758 4074 Hactenus
774 4023 860 4094 ergo
876 4002 920 4074 da
937 4002 1076 4074 veniam
1093 4003 1225 4072 calamo

146 4122 274 4194 attrito:
293 4126 434 4218 ignosce
453 4125 571 4217 digitis
592 4126 760 4217 fatigatis:
779 4148 883 4219 parce
900 4128 1016 4199 animo
1036 4135 1222 4221 occupato.

144 4257 178 4315 et
199 4248 285 4317 vale.

285 4391 445 4461 Mediolani,
466 4396 560 4452 Idibus
579 4398 693 4453 Martiis.
