2738 5062
141 661 197 721 ltt‘l
474 672 513 718 ns
536 670 635 719 nanus
657 667 878 745 nominitamus
1160 658 1175 699 ¹

141 812 195 901 gis
209 807 456 902 sempiternum
473 808 588 878 velim.
604 807 713 877 Simul
729 805 820 876 enim
839 814 875 874 et
893 825 962 896 quo
977 822 1133 895 aequaeva
1144 804 1206 875 erit

140 931 298 1015 amicitia,
313 931 378 1002 hoe
392 931 487 1015 mihi,
505 952 571 1000 non
585 928 713 1013 dubito,
735 925 912 1021 praestabit
927 947 1025 997 amor
1043 934 1132 1008 tuus,
1146 925 1208 996 hoc

141 1055 316 1146 ingenium
344 1075 470 1123 meum.
493 1054 575 1124 Utar
595 1051 685 1122 enim
711 1053 846 1122 fortuna
875 1050 1057 1141 enitarque
1078 1069 1140 1140 pro
1160 1048 1210 1117 vi-

141 1177 251 1259 ribuS,
270 1199 313 1246 ne
331 1196 484 1268 unquam
506 1174 617 1245 nubes
638 1172 778 1245 excidat
798 1195 866 1266 qua
888 1172 987 1243 silvae
1013 1169 1128 1242 medio
1154 1170 1211 1241 tibi

139 1299 416 1370 circumamictus
431 1297 584 1391 apparui.
603 1297 778 1366 Hactenus
796 1295 881 1367 haec.
899 1294 1087 1366 Forensem
1101 1302 1210 1376 tuum,

142 1420 244 1491 immo
270 1442 398 1502 meum,
421 1421 526 1490 immo
546 1428 716 1503 nostrum,
738 1429 776 1490 ut
798 1418 846 1489 ait
874 1417 944 1503 ille,
965 1416 1080 1488 virum
1099 1439 1160 1512 per
1179 1439 1215 1489 se

140 1542 247 1614 amari
266 1542 522 1634 dignissimum,
538 1552 618 1628 tota,
638 1554 676 1613 ut
696 1542 806 1626 iubes
825 1550 939 1613 mente
958 1543 1122 1637 suscipio.
1144 1544 1216 1614 Uti·

141 1687 220 1735 nam
244 1664 358 1757 aliqua
378 1665 461 1735 milri
484 1664 620 1736 tandem
643 1665 742 1735 aliter
762 1687 867 1757 qnam
891 1663 1011 1736 verbis
1037 1666 1214 1758 retegendi

142 1788 245 1859 animi
258 1788 359 1860 detur
372 1789 517 1872 occasio,
528 1790 583 1859 vel
599 1789 628 1858 si
642 1791 712 1859 lato
726 1789 872 1858 vetitum
884 1796 947 1871 est,
963 1787 1106 1873 utinam,
1116 1809 1217 1883 aequc

142 1934 181 1983 ac
202 1922 251 1995 tu,
276 1911 427 1982 animum
450 1910 506 1981 ille
528 1910 672 1982 tacentis
699 1910 881 2003 intelligat!
905 1912 950 1981 Et
965 1911 1083 1996 saciet,
1103 1898 1223 2005 spero.

144 2036 179 2102 ln
200 2031 383 2102 versiculis
408 2042 525 2102 autem
546 2033 590 2103 ad
612 2041 645 2102 te
673 2032 821 2124 scriptis,
844 2053 933 2124 quos
959 2043 1036 2103 tam
1054 2034 1216 2107 ardenter

142 2155 327 2244 olllagitas,
348 2155 434 2224 scito
450 2154 547 2222 Plinii
570 2154 718 2225 Secundi
735 2153 877 2225 oonsilio
894 2174 983 2248 opus
1000 2175 1098 2241 esse,
1112 2176 1216 2249 quem

142 2275 236 2345 ltalia
256 2276 432 2346 excedens
459 2276 492 2345 in
517 2277 626 2370 patria
649 2299 724 2360 sua,
749 2277 895 2348 Veronae
920 2277 1064 2362 scilicet,
1087 2278 1215 2371 ingenti

144 2397 297 2468 virorum
315 2396 497 2468 illustrium
512 2397 710 2468 comitatum
728 2398 815 2484 acie,
830 2396 956 2469 dimisi.
975 2397 1037 2469 Hic
1053 2398 1216 2470 mihiPli-

142 2523 222 2593 nius
242 2545 415 2616 nusquam
437 2531 503 2605 est,
526 2544 590 2593 nec
609 2522 721 2605 alteri,
741 2524 834 2615 quod
850 2522 1012 2616 equidem
1029 2544 1098 2614 ego
1111 2544 1217 2594 nove·

144 2646 221 2729 rim,
243 2645 310 2715 nisi
331 2667 472 2716 romano
492 2643 654 2739 pontifici.
677 2647 710 2715 ls
730 2654 861 2728 autem,
886 2644 988 2716 lando
1007 2642 1151 2730 audisti,
1173 2644 1217 2716 ab

144 2767 220 2859 ipso
238 2768 357 2838 mortis
380 2767 565 2852 vestibulo,
585 2791 654 2861 quo
671 2767 804 2838 dudum
824 2766 1081 2862 praecipitanter
1101 2788 1217 2839 acces-

145 2900 250 2975 serat,
275 2912 365 2961 nune
385 2891 596 2982 pedetentim
619 2891 716 2963 redit.
739 2891 824 2961 Cum
847 2889 1046 2983 pervenerit
1062 2890 1109 2961 ad
1127 2892 1218 2961 salu·

145 3026 226 3097 tem,
251 3016 411 3107 quamvis
432 3014 574 3085 senibus
597 3015 715 3086 ultima
736 3035 911 3106 corporeae
931 3034 1013 3106 spes
1035 3013 1159 3084 salutis
1185 3012 1217 3083 iu

144 3148 253 3207 morte
276 3136 336 3211 sit;
360 3134 415 3204 ubi
436 3146 550 3205 tamen
572 3144 758 3228 utcumque
783 3134 1007 3219 convaluerit,
1029 3135 1127 3229 quod
1151 3136 1217 3207 iam

145 3262 270 3328 lactum
288 3266 395 3340 esset,
419 3267 456 3326 ut
477 3268 571 3349 puto,
594 3256 660 3327 nisi
681 3258 892 3330 medicorum
906 3257 1007 3329 turba
1024 3259 1217 3352 loquacium

146 3379 328 3458 vetuisset,
352 3377 496 3448 divitum
519 3380 627 3471 pestis
660 3402 728 3452 non
762 3381 914 3464 minima,
950 3379 1014 3451 sed
1046 3392 1215 3461 extrema,

147 3509 228 3569 tune
244 3499 350 3570 Plinio
367 3500 443 3569 eius
461 3522 646 3593 parumper
663 3501 832 3593 inspecto,
851 3503 1031 3574 confestim
1050 3502 1217 3574 voluntati

147 3646 222 3695 mos
243 3635 384 3714 geretur
405 3634 485 3707 tuae,
507 3634 543 3694 et
561 3622 658 3707 illud,
680 3624 804 3716 inquo
825 3623 964 3717 quidem
985 3623 1101 3708 valdo,
1128 3635 1165 3696 ut
1184 3624 1217 3695 in

147 3745 253 3818 rebus
267 3745 353 3817 meis
370 3746 544 3830 omnibus,
560 3769 621 3839 spe
638 3756 673 3818 et
690 3747 848 3839 opinione
868 3746 1052 3841 deciperis,
1075 3748 1216 3840 petitum

148 3872 426 3964 promissumque
447 3891 588 3941 carmen
612 3869 760 3962 accipies
795 3878 830 3940 et
860 3871 972 3941 dices:
1012 3869 1064 3942 sic
1096 3882 1153 3943 est
1183 3878 1219 3940 ut

148 3990 360 4074 audiveram
385 3996 491 4065 mullo
510 3994 589 4087 plus
609 4003 664 4063 cst
684 3993 717 4061 in
734 3990 1044 4084 expectationibus
1062 4014 1168 4084 quam
1186 3989 1217 4058 in

149 4113 263 4184 relius.
290 4117 376 4186 Vale
397 4137 530 4187 memor
550 4115 668 4185 nostri.

291 4261 347 4313 xl.
367 4261 426 4314 tlal.
444 4262 595 4315 Februarii.
