2738 5062
336 647 429 697 llltlllt
450 645 916 697 uanusnscttlus.-sl¹lsr0Ll
939 646 1024 696 1111111.
1167 636 1226 697 513

140 801 257 861 mento
277 810 347 882 quo
367 787 528 861 Christus
546 809 666 885 pacem
685 788 762 861 suis
782 791 885 883 legat,
899 785 1149 861 exhaeredatus
1165 800 1227 862 aut

142 911 344 1006 praeteritus
364 909 519 984 videare.
540 912 632 983 Cura
652 911 683 983 si
705 912 811 1007 sapis,
831 910 976 1004 utquod
989 910 1115 1006 cupide
1128 911 1222 995 lacis,

139 1035 246 1107 iacias
271 1033 344 1106 diu.
370 1034 576 1137 Dominaudi
601 1034 729 1107 avidus
754 1035 891 1107 servire
914 1032 1135 1129 cupientibus
1161 1031 1225 1104 im·

139 1178 233 1249 pera.
263 1157 465 1260 Dominare,
499 1159 620 1242 irater,
654 1158 826 1230 dominari
851 1155 1068 1242 volentibus,
1097 1155 1161 1228 sed
1190 1155 1226 1226 in

139 1300 242 1376 pace,
260 1301 340 1372 quac
361 1281 434 1352 sola
455 1279 596 1372 quidam
618 1291 654 1352 et
674 1302 783 1374 parva
803 1300 934 1371 augere
954 1287 1078 1373 potens
1099 1287 1172 1365 est,
1191 1287 1228 1350 et

139 1401 310 1496 dissipata
323 1402 548 1494 colligeraet
559 1403 757 1494 exsanguia
771 1402 1227 1488 refoverezdominam,sed

139 1525 276 1619 integra
296 1525 330 1596 in
353 1525 459 1611 urbe;
481 1526 560 1599 sive
578 1525 745 1619 quoniam
765 1524 802 1599 id
820 1524 890 1597 iam
910 1523 987 1596 fieri
1009 1526 1148 1619 nequit,
1170 1526 1226 1598 his

140 1647 228 1739 ipsis
249 1647 360 1720 ruinis
380 1647 560 1721 dominare
583 1647 764 1743 placatior,
790 1670 856 1719 nec
880 1648 1029 1721 laceram
1056 1647 1124 1720 iam
1151 1668 1226 1719 am-

140 1769 231 1862 plius
252 1772 471 1844 lacerandam
492 1769 698 1865 implacabili
714 1789 862 1843 censeas
880 1770 1026 1842 feritate.
1043 1769 1094 1841 Ne
1112 1769 1227 1845 accin-

140 1891 236 1985 garis
256 1892 387 1985 linguae
408 1904 478 1966 tuae
498 1891 615 1985 gladic
639 1913 791 1985 semper,
818 1889 884 1963 sed
909 1891 1092 1987 prudentia
1116 1904 1153 1966 ct
1176 1894 1227 1965 sa-

139 2014 266 2088 cundia
299 2024 359 2088 tua
390 2014 532 2088 intende
565 2036 746 2111 prospere,
767 2014 933 2109 procede,
955 2027 991 2087 et
1014 2017 1155 2110 qnando
1180 2015 1228 2091 ita

141 2136 211 2220 vis,
234 2136 403 2230 civesque
422 2138 545 2209 volunt
565 2137 632 2222 tui,
655 2158 782 2229 regna,
804 2147 840 2210 ct
864 2138 1006 2211 attende
1031 2137 1225 2233 sequentia.

140 2257 281 2352 Propter
311 2259 487 2331 ceritatem
517 2261 606 2331 cuim
631 2271 663 2330 et
685 2259 972 2333 mansuetudinem
1004 2272 1036 2331 et
1068 2263 1229 2335 iustitiam
1348 2296 1354 2305 ‚

139 2402 221 2474 quae
246 2380 341 2475 pacis
369 2378 489 2474 utiquc
516 2392 599 2453 sunt
625 2403 783 2467 sorores,
803 2381 939 2457 dedocet
972 2394 1003 2454 tc
1033 2384 1230 2454 mirabiliter

140 2500 280 2574 dentem
300 2515 368 2574 tuo.
392 2504 568 2577 Memento
595 2516 633 2578 ut
656 2494 798 2577 Gedecn
821 2527 901 2578 cnm
927 2505 1088 2578 audisset
1113 2526 1134 2575 a
1159 2505 1228 2576 Do-

141 2626 250 2698 mina:
272 2624 353 2697 Poro
378 2637 499 2709 tecum,
521 2648 564 2696 oc
590 2628 718 2709 timeas,
744 2627 860 2697 erexit
885 2627 994 2696 altare
1019 2626 1166 2698 Domino
1191 2635 1228 2697 et

140 2746 324 2820 dominicae
344 2748 439 2842 pacis
460 2769 585 2819 nomen
606 2746 780 2840 imposuit.
807 2747 884 2818 Noli
908 2757 946 2821 tu
965 2747 1010 2820 de
1033 2748 1102 2820 tuis
1123 2747 1225 2820 bellis

140 2868 235 2961 quod
267 2890 432 2964 supremo
460 2869 545 2942 vitae
576 2878 730 2963 tempore
756 2870 864 2941 Iulius
890 2866 1014 2943 Caesar
1038 2871 1226 2943 meditatus

140 2987 266 3076 fertur,
300 2992 402 3063 Marti
429 2992 593 3084 templum
620 3002 798 3062 extruere.
824 2988 928 3063 Aliud
952 3012 1104 3085 namque
1129 2990 1228 3064 belli·

142 3132 262 3183 cosum
295 3113 502 3208 principem,
538 3113 631 3187 aliud
662 3112 845 3207 pacificum
878 3114 1019 3187 tratrem
1046 3113 1157 3187 dccet.
1188 3114 1227 3186 ln

142 3232 264 3319 finem,
285 3234 317 3306 si
336 3238 499 3332 exemplo
519 3256 673 3308 caesareo
693 3236 890 3321 delectaris,
913 3249 948 3309 et
968 3235 1131 3309 dominus
1153 3256 1228 3306 ma·
1305 3294 1308 3301 ,

142 3356 197 3427 vis
218 3378 301 3429 esse
320 3380 425 3450 quam
447 3360 565 3442 frater,
583 3359 651 3429 etsi
668 3358 754 3429 nihil
770 3359 1029 3431 monstruosius
1048 3379 1069 3429 a
1086 3357 1227 3430 saeculis
1359 3384 1367 3403 ·

142 3480 300 3551 auditum
322 3482 381 3565 sit,
404 3482 435 3552 si
457 3495 572 3554 tamen
592 3493 687 3554 astra
707 3481 941 3568 consentiunt,
960 3483 1030 3554 imo
1047 3482 1077 3553 si
1099 3482 1228 3575 patitur

141 3604 249 3686 Deus,
270 3611 349 3674 esto
376 3600 555 3690 dominae,
583 3605 647 3676 sed
671 3607 826 3677 clemens
851 3616 886 3677 et
911 3603 1006 3677 mitis
1032 3615 1068 3677 et
1091 3613 1227 3684 amator

143 3725 256 3819 pacis,
284 3726 379 3818 quod
406 3727 500 3798 illurn
526 3729 637 3800 luisse
662 3737 799 3800 constat
822 3728 985 3800 omnibus
1012 3730 1046 3799 in
1077 3750 1225 3821 quorum

143 3867 268 3918 manus
288 3847 380 3919 illius
401 3850 567 3941 epistolae,
590 3870 679 3940 quas
701 3870 764 3942 per
785 3849 899 3941 ipsum
918 3850 1031 3919 civilis
1046 3847 1124 3919 belli
1140 3858 1227 3919 tem-

143 3992 210 4062 pus
225 3971 373 4065 scripsit,
389 3974 476 4042 sorte
496 3978 742 4064 pervenerunt.
764 3972 836 4041 Hoc
854 3971 1013 4041 ultimum
1030 3968 1133 4062 quasi
1151 3992 1224 4042 coe-

144 4097 230 4166 leste
251 4096 429 4166 oraculum
452 4094 620 4162 ausculta.
650 4091 758 4162 Stude
778 4093 894 4184 potins
916 4103 954 4162 ut
976 4091 1036 4162 tibi
1054 4091 1143 4164 bene
1162 4094 1224 4177 sit,

141 4239 247 4309 quam
268 4227 306 4287 ut
326 4215 401 4287 aliis
429 4216 530 4297 male,
558 4224 593 4285 ct
617 4235 704 4285 cavo
734 4237 777 4286 nc
809 4214 967 4287 odiorum
995 4227 1055 4289 aut
1081 4216 1225 4289 invidiae

144 4340 293 4411 stimulis
324 4339 487 4430 populum
516 4335 574 4407 tibi
602 4335 794 4408 subiectum
824 4339 857 4409 in
883 4351 1041 4412 extrema
1066 4338 1225 4410 miseria-

145 4482 234 4544 rum,
277 4481 356 4553 qute
393 4458 459 4530 iam
499 4457 613 4531 vicina
643 4470 740 4543 sunt,
775 4459 999 4554 ultimamque
1037 4459 1222 4555 perniciem
