2738 5062
417 689 508 737 urnua
529 687 891 737 necinus-murcia
912 689 954 736 ur.
1187 679 1221 739 ll

144 823 295 899 tenebris
308 822 436 895 eduxit
449 823 626 916 repentina
641 822 829 895 mutatione
837 822 1227 917 dexterallxcelsillgo

142 948 273 1021 sensim
295 945 487 1037 multisque
502 944 679 1017 laboribus
704 966 868 1037 assurgo,
890 945 995 1018 credo
1021 954 1059 1018 ut
1084 946 1226 1038 intelligi

140 1073 257 1155 detur,
276 1069 412 1140 nullum
433 1067 490 1138 hic
506 1067 751 1140 adminiculum
766 1067 972 1152 litterarum,
991 1069 1122 1139 nullum
1137 1090 1226 1162 opus

142 1193 283 1287 ingenii,
307 1189 373 1263 sed
394 1199 505 1261 totum
524 1189 586 1261 Dei
603 1212 733 1263 munus
749 1211 846 1276 esse,
867 1189 927 1282 qui
949 1193 1035 1262 sorte
1056 1190 1139 1261 mibi
1153 1213 1227 1263 ma·

142 1339 225 1388 num
247 1311 415 1408 porriget,
435 1310 700 1385 imbecillitatem
721 1334 836 1384 meam
861 1311 1011 1403 ingenue
1037 1311 1225 1385 confitenti.

143 1439 182 1510 ld
202 1458 291 1509 sane
311 1435 342 1506 si
359 1434 447 1506 ratio
467 1455 536 1506 non
558 1433 782 1530 persuaserit,
807 1443 969 1506 senectus
988 1444 1102 1526 coget,
1121 1458 1226 1529 quam

143 1558 258 1651 magis
274 1555 459 1648 magisque
479 1554 514 1624 in
534 1555 611 1628 dies
627 1556 822 1628 adventare
841 1566 877 1627 et
897 1555 965 1626 iam
987 1553 1117 1627 finibus
1139 1559 1226 1630 meis

143 1678 350 1771 obequitare
370 1676 493 1749 sentio.
515 1677 606 1761 Quid
627 1677 671 1750 de
690 1678 817 1760 calceis
838 1681 983 1773 loquar?
1000 1679 1118 1765 Pedes,
1136 1703 1226 1775 quos

146 1813 329 1895 protegere
341 1797 558 1883 videbantur,
570 1822 674 1892 quam
689 1802 788 1892 gravi
801 1811 838 1873 et
849 1822 953 1894 quam
964 1802 1129 1875 continuo
1138 1803 1228 1875 bello

145 1923 368 2018 premebant!
402 1922 512 2006 Meos,
547 1924 670 2008 lateor,
706 1924 848 1995 inutiles
881 1924 1129 2008 reddidissent,
1160 1924 1229 1995 nisi

144 2046 317 2120 extremis
332 2043 602 2117 necessitatibus
622 2045 830 2131 admonitus,
853 2045 1029 2119 offendere
1050 2046 1228 2142 paululum

145 2170 293 2242 aliorum
312 2168 456 2252 lumina,
474 2187 580 2260 quam
599 2188 728 2239 nervos
748 2179 785 2239 et
803 2168 966 2241 articulos
988 2191 1084 2241 meos
1110 2179 1230 2242 conte-

148 2313 229 2363 rere
248 2289 461 2362 maluissem.
485 2288 577 2373 Quid
601 2288 646 2361 de
671 2290 877 2363 calamistris
907 2302 943 2363 et
971 2313 1082 2365 comae
1112 2293 1229 2366 studio

149 2412 322 2485 dixerim?
338 2410 501 2505 quotiens
519 2432 694 2495 somnum,
717 2434 820 2504 quem
843 2412 941 2486 labor
961 2415 1016 2486 illc
1029 2415 1228 2496 distulerat,

149 2531 248 2606 labor
264 2532 318 2605 ille
329 2531 492 2626 abrupit?
504 2530 583 2624 quis
596 2532 759 2625 piraticus
779 2543 887 2606 tortor
903 2535 1079 2608 crudelius
1097 2545 1230 2607 arctas-

148 2666 214 2742 set,
239 2677 346 2750 quam
371 2652 519 2749 propriis
551 2652 617 2745 ipsi
657 2654 817 2726 manibus
856 2655 1102 2728 arctabamur?
1140 2678 1231 2750 quos

149 2798 252 2849 mane
283 2784 472 2847 nocturnos
506 2775 622 2847 sulcos
661 2775 695 2845 in
728 2777 868 2871 speculo
900 2776 1053 2849 vidimus
1093 2777 1232 2849 rubenti

148 2898 262 2969 iroute
283 2906 514 2981 transversos
529 2896 637 2989 utqui
652 2897 813 2989 capillum
827 2905 1004 2968 ostentare
1017 2898 1230 2984 volebamus,

149 3018 274 3091 taciem
295 3030 414 3112 tegere
433 3020 666 3110 cogeremur?
686 3017 806 3089 Dulcia
827 3027 910 3087 sunt
922 3016 999 3089 lraec
1012 3018 1231 3110 patientibus,

148 3141 266 3239 passis
291 3143 347 3213 vel
374 3151 567 3214 memoratu
600 3140 754 3225 horrida,
784 3137 996 3213 incredibilia
1029 3139 1232 3236 inexpertis.

148 3266 328 3352 Quantum
356 3285 443 3335 vero
473 3275 507 3336 te
538 3285 630 3336 nuno
660 3263 719 3336 illa
753 3262 930 3359 praeterita
966 3276 1232 3349 memorantem,

149 3384 340 3484 praesentia
359 3384 426 3458 ista
446 3384 634 3457 delectant!
657 3386 796 3457 calceus
817 3387 920 3457 laxus
941 3386 1041 3480 pedis
1060 3409 1131 3459 non
1158 3387 1236 3458 vin·

149 3512 282 3596 culum,
303 3508 368 3581 sed
388 3507 583 3590 munimem
600 3529 699 3579 coma
719 3508 787 3579 alte
805 3515 971 3592 resecata,
986 3517 1021 3579 et
1033 3510 1233 3603 capillorum

152 3652 252 3726 sepes
269 3651 339 3702 non
352 3629 421 3702 iam
438 3627 583 3700 auribus
603 3629 799 3724 importuna
820 3650 884 3700 nee
902 3630 1027 3713 oculis;
1049 3640 1130 3725 toga
1151 3634 1235 3705 sim-

154 3753 280 3845 plicior,
298 3749 500 3851 etquaesitu
516 3757 551 3821 et
570 3747 729 3822 custodia
748 3747 871 3832 facilis,
893 3771 956 3821 nec
973 3773 1122 3842 egressu
1140 3752 1234 3826 labo·

155 3874 276 3948 riosior
288 3895 394 3968 quam
407 3874 578 3965 ingressu,
595 3881 734 3965 tamque
746 3871 900 3944 animum
914 3871 959 3943 ab
970 3873 1103 3947 insania
1117 3875 1236 3948 delen-

152 3996 256 4081 dens,
274 4017 381 4089 quam
401 4016 528 4086 corpus
549 3992 703 4068 defendit
723 4015 745 4064 a
765 3992 945 4086 frigoreo
964 4005 996 4067 ts
1009 3995 1160 4067 felicem!
1176 3998 1235 4089 qui

153 4130 193 4191 ut
211 4119 290 4191 haec
310 4117 446 4190 dulcius
466 4127 642 4210 saperent,
666 4118 742 4190 illas
766 4117 1015 4189 amaritudines
1041 4129 1236 4210 praegusta·

153 4242 209 4312 sti.
223 4243 280 4326 lit,
296 4250 335 4312 ut
348 4240 426 4311 haec
439 4238 570 4312 leviora
588 4250 805 4333 praeteream,
825 4238 1009 4310 recordare
1026 4238 1146 4325 ctiam,
1167 4262 1236 4331 quo

154 4362 347 4457 promptius
361 4385 382 4433 e
396 4372 490 4434 tauta
502 4360 671 4456 charybdi
684 4360 852 4432 liberatus
869 4360 995 4453 dignas
1014 4362 1085 4432 Deo
1104 4359 1235 4452 gratias

155 4508 255 4581 agas,
276 4498 408 4582 quanta
428 4484 528 4558 nobis
548 4486 662 4556 luerat·
680 4504 778 4566 cura,
799 4493 1008 4576 quantaeque
1030 4469 1173 4572 ¹vigiliae,
1201 4491 1237 4550 ut
