2738 5062
358 700 451 750 ulons
472 699 981 757 Qusnrbsnnclnus.-.·srlsn0ts
1002 702 1031 753 V.
1171 688 1231 753 Μ

153 840 290 937 populis
311 835 527 908 medicinalia
548 834 637 906 bella
656 846 750 920 sunt,
769 845 805 907 et
822 835 912 909 sicut
927 834 1028 930 quies
1049 839 1241 915 immodica¹

152 981 280 1056 corpus
317 966 443 1050 gravat
474 967 579 1050 atque
610 955 731 1042 inlicit,
767 957 817 1029 sic
850 958 972 1031 urbem
1007 960 1233 1035 immoderata

151 1083 394 1176 tranquillitas.
416 1082 499 1151 Haeo
518 1089 554 1152 et
575 1081 607 1150 in
629 1101 774 1175 corpore
794 1082 912 1155 varios
933 1083 1113 1168 humores
1135 1091 1170 1155 et
1196 1083 1231 1155 in

154 1206 289 1301 populis
311 1205 504 1276 simultates
533 1203 647 1274 varias
680 1226 721 1275 ac
753 1203 933 1276 discordes
959 1204 1094 1277 animos
1120 1204 1234 1299 gignit

151 1329 365 1419 affectusque
405 1326 607 1399 contrarios.
649 1326 800 1418 Agitatio
840 1327 1031 1422 temperata
1072 1327 1231 1399 sanitatis

151 1452 261 1525 amica
281 1459 351 1534 est,
372 1453 453 1521 laeta
473 1449 572 1542 quies
595 1450 695 1518 malae
719 1446 908 1520 valetudini
934 1469 1061 1520 causas
1086 1449 1228 1542 praebet.

151 1575 346 1666 Numquam
368 1591 510 1643 romana
529 1570 643 1642 virtus
670 1571 845 1664 periisset,
880 1571 909 1642 si
943 1571 1125 1642 incolumis
1146 1573 1229 1643 Car-

152 1698 257 1788 thago
277 1694 475 1766 mansisset.
494 1693 553 1764 Ille
572 1705 683 1766 terror
700 1693 896 1766 cervicibus
914 1702 1054 1766 amotus
1073 1697 1229 1790 peregri-

150 1818 205 1889 nis
222 1817 315 1888 vitiis
333 1824 369 1887 et
385 1814 485 1886 bellis
498 1814 659 1886 civilibus
678 1816 770 1888 viam
784 1816 878 1900 lecit,
895 1817 1083 1910 magnique
1100 1817 1228 1890 laboris
1315 1858 1321 1866 -

151 1940 230 2012 nnis
250 1940 390 2011 matous
411 1938 545 2010 inritum
566 1937 641 2009 furt.
662 1920 753 2021 outo
773 1950 937 2034 putamus
954 1939 1229 2014 Atheniensibus

150 2064 331 2136 nocuisse?
349 2062 482 2154 Nempe
502 2060 760 2132 ornatissimam
781 2061 955 2132 civitatem
977 2075 1045 2133 non
1067 2073 1137 2134 tam
1155 2063 1229 2134 bel·

148 2187 219 2257 lum
241 2186 364 2276 ingens
384 2206 464 2256 cum
486 2158 648 2256 hostibus
670 2194 730 2254 aut
750 2183 936 2278 Syracusio
954 2182 988 2253 in
1005 2203 1147 2276 aequore
1165 2183 1229 2255 de-

148 2310 237 2378 lecta
254 2305 394 2390 classis,
413 2330 517 2399 quam
536 2307 696 2378 intensus
713 2305 801 2379 civis
819 2303 1017 2378 Alcibiades
1034 2317 1070 2378 et
1086 2306 1228 2400 triginta

149 2436 375 2524 tyrannorum
401 2428 615 2502 domesticus
641 2433 737 2502 lnmr
763 2428 949 2523 rabiesque
975 2430 1225 2524 pessumdedit.

148 2550 295 2623 Facilius
316 2550 555 2644 praevidentur
575 2560 722 2622 externa
743 2573 849 2643 qnam
870 2572 952 2643 quae
978 2562 1168 2625 nascuntur
1191 2553 1227 2624 in

147 2669 263 2744 nobis:
285 2671 437 2763 prolecto
457 2679 574 2743 autem
592 2671 626 2741 in
644 2671 737 2743 omni
755 2671 876 2744 morbo
893 2671 1224 2764 periculosissimum

146 2805 202 2868 εει
220 2794 315 2888 qnod
328 2796 420 2896 latet.
436 2795 506 2880 llic,
521 2817 592 2879 oro,
607 2795 838 2890 providentiae
855 2806 985 2867 vestrae
1001 2795 1110 2868 aciem
1129 2795 1225 2888 figite

146 2939 215 3008 qna
237 2916 462 2988 vehementer
483 2915 667 2999 excellitis,
694 2915 751 2986 hio
776 2914 928 2988 insistite
952 2925 988 2987 et
1014 2937 1057 2987 ne
1081 2915 1226 2988 victoria

146 3037 366 3108 luxurientur
386 3046 447 3109 aut
467 3036 650 3109 lasciviant
675 3037 781 3107 animi
807 3060 944 3110 summo
969 3038 1085 3110 studio
1108 3037 1225 3131 provi·

145 3161 233 3233 dete.
248 3159 421 3252 Optimum
440 3170 496 3231 est
512 3160 547 3231 in
561 3181 647 3253 pace
661 3161 800 3243 vivere3
815 3160 844 3231 si
861 3160 898 3231 id
913 3182 982 3232 non
999 3158 1111 3245 datur,
1127 3171 1225 3252 opta-

144 3282 248 3356 bilius
269 3285 377 3354 multo
397 3291 457 3354 est
472 3304 551 3354 cum
570 3283 670 3354 hoste
687 3304 791 3376 quam
817 3305 896 3354 oum
922 3281 1000 3354 cive
1025 3281 1221 3373 confligere.

143 3408 219 3478 Non
232 3416 288 3477 εει
299 3404 384 3476 mihi
399 3403 542 3498 spiritus
555 3406 792 3498 propheticae,
807 3425 876 3476 uon
889 3403 934 3477 de
948 3404 1102 3476 siderum
1116 3423 1223 3476 cursu

143 3530 299 3602 notitiam
320 3530 513 3600 futurorum
532 3529 703 3621 spondeo;
722 3527 785 3600 sed
797 3535 965 3619 quantum
984 3527 1116 3599 ratione
1134 3546 1224 3619 prat-

143 3653 201 3725 via
221 3673 269 3723 ex
289 3651 472 3744 praeteritis
494 3652 610 3724 lutura
625 3651 784 3736 ooniioio,
812 3649 1006 3743 peregrinis
1032 3649 1131 3722 bellis
1156 3670 1222 3720 vos

144 3773 291 3845 invictos
312 3774 425 3844 virtus
442 3783 478 3844 et
499 3775 635 3846 fortuna
652 3773 886 3868 praestabunt;
904 3775 1020 3847 nullus
1037 3771 1139 3844 vobis
1156 3769 1223 3840 nisi

143 3893 265 3964 bostis
277 3892 456 3985 indigena,
472 3896 589 3967 nullus
605 3895 673 3967 nisi
689 3895 802 3967 civilis
820 3894 1061 3967 formidandus
1079 3902 1133 3967 est
1150 3892 1223 3984 gla-

143 4013 234 4085 dius.
256 4013 355 4085 Vinci
376 4015 484 4085 Roma
506 4038 576 4087 non
597 4025 747 4109 poterat,
775 4016 842 4087 uisi
874 4016 949 4109 ipsa
985 4037 1024 4086 sc
1056 4014 1221 4086 vinceret.

142 4134 238 4207 ldem
256 4134 358 4207 vobis
375 4136 519 4220 accidet,
535 4137 601 4208 nisi
619 4156 757 4229 aequam
772 4135 975 4215 ¹civilitatem
992 4145 1028 4206 et
1045 4135 1221 4209 modestos

142 4257 277 4328 animos
297 4256 452 4340 induitis;
473 4258 613 4351 quodsi
632 4257 741 4329 lacitis
760 4248 898 4348 s'emper
918 4256 1033 4330 felices
1050 4266 1086 4330 et
1102 4260 1222 4332 invicti

141 4377 260 4461 eritis3¹
275 4380 399 4451 classis
421 4391 541 4452 vestra
558 4381 588 4453 si
604 4400 726 4452 secura
740 4378 793 4450 sui
812 4378 930 4466 luerit,
950 4381 1083 4454 cunctis
1104 4382 1222 4454 veniet
1328 4376 1331 4381 ’

142 4500 322 4573 tremenda
344 4501 512 4573 litoribus.
539 4503 682 4574 Possem
709 4500 865 4595 pluribus
891 4503 1010 4576 verbis
1035 4503 1220 4575 ostendere
