2738 5062
151 682 207 742 21⁹2
487 693 527 739 ns
548 693 648 740 annes
669 690 889 740 saurtrnnlnrs

151 828 216 897 bus
250 836 411 920 acceptus
444 827 566 918 ingens
599 825 780 917 gaudium,
816 824 881 896 sibi
915 845 998 895 mon
1031 824 1226 917 legitimum

151 965 287 1043 tompus
298 948 516 1042 anticipando
529 947 651 1018 merito
663 946 910 1038 Lugdunensis
924 946 1084 1017 ecclesiae
1098 950 1227 1040 praesul

150 1073 338 1163 singularis
359 1072 480 1164 gloria,
505 1071 570 1141 sibi
592 1070 728 1142 tandem
754 1090 908 1142 romanae
926 1069 1020 1141 sedis
1042 1069 1227 1166 presbyter

148 1196 333 1267 cardinalis
367 1216 501 1266 summa
533 1194 690 1279 felicitas,
731 1206 766 1266 at
798 1193 989 1265 novissime
1021 1192 1226 1265 Portucnsis

147 1317 332 1413 episeopus
354 1338 453 1412 praello
485 1327 646 1389 votorum
679 1316 833 1387 omnium
861 1323 983 1410 portus
1015 1338 1056 1387 ao
1086 1316 1224 1409 requies

148 1440 251 1513 suisti.
267 1440 400 1523 Quibus
418 1440 466 1510 ita
483 1463 521 1512 se
538 1438 755 1523 habentibus
770 1439 814 1511 de
830 1439 895 1510 boc
912 1441 1087 1531 longaevae
1103 1439 1222 1511 matris

146 1561 254 1631 exitio
267 1560 351 1653 quid
367 1561 506 1654 opiner‘l
525 1563 680 1632 Profecto
697 1584 775 1633 curn
795 1562 869 1632 suis
886 1561 1042 1647 dotibus
1060 1584 1142 1634 cum
1159 1562 1220 1634 viri

147 1684 311 1767 claritate,
330 1694 403 1754 tum
424 1682 570 1755 filiorum
593 1706 738 1755 numero
757 1694 791 1755 et
809 1685 936 1777 gratia,
959 1694 1032 1756 tum
1050 1684 1219 1780 praecipue

149 1808 217 1879 tuis
239 1808 346 1879 titulis
369 1818 495 1901 tuaque
515 1809 643 1902 pictate
668 1807 752 1877 felix
778 1807 917 1893 mulier,
946 1807 1107 1901 adeoque
1131 1808 1217 1891 felin

147 1944 187 2004 ut
214 1933 270 2004 hie
302 1932 364 2002 vix
389 1932 457 2002 iarn
485 1931 613 2002 felicior
643 1950 725 2001 esse
757 1940 891 2025 posset,
926 1930 1217 2024 opportunissimo

147 2064 301 2147 tempore
320 2054 365 2124 ab
382 2055 447 2124 bac
463 2055 595 2126 caduca
611 2062 647 2125 et
662 2052 761 2125 brevi
778 2053 822 2125 ad
839 2064 1008 2125 aeternam
1026 2052 1218 2126 felicitatem

147 2178 327 2259 translata,
349 2196 440 2245 nuno
460 2176 495 2245 in
514 2178 603 2247 coelo
621 2176 703 2247 vitae
715 2175 871 2247 mortalis
888 2176 1064 2269 superatis
1084 2176 1223 2249 casibus

147 2297 349 2389 triumphat,
365 2295 480 2365 virum
494 2308 624 2381 secuta,
642 2296 730 2369 filios
748 2319 958 2391 praegressa,
976 2297 1059 2371 illuo
1075 2321 1228 2394 quoquo,

146 2418 294 2513 peractis
320 2418 462 2488 feliciter
495 2419 562 2489 aevi
589 2419 724 2512 spatiis,
758 2429 1005 2513 perventuros:
1038 2430 1077 2492 et
1100 2420 1133 2493 si
1156 2440 1234 2516 quo

146 2542 263 2611 forsan
280 2541 374 2612 fasce
391 2562 558 2634 corporeo
576 2539 742 2623 tardatur,
762 2563 825 2611 nec
842 2540 957 2613 adbuc
973 2525 1103 2615 coelum
1123 2552 1237 2625 tanet,

146 2664 284 2735 devotis
305 2675 359 2735 est
380 2662 493 2756 magis
518 2662 678 2758 precibus
705 2662 905 2735 adiuvanda
929 2686 1032 2757 quarn
1062 2666 1240 2739 lacrimis.

147 2788 218 2859 lloc
243 2787 301 2859 illa
327 2788 372 2860 de
400 2796 433 2857 te
457 2797 588 2881 sperat,
622 2785 688 2859 boc
720 2785 767 2856 illi
800 2787 933 2877 gratius
958 2787 1090 2860 donum
1110 2789 1239 2867 dabi53

146 2930 207 2981 oro
225 2933 268 2981 ne
286 2912 422 3002 lugeas,
444 2921 548 3003 atupne
570 2910 673 2994 illam,
689 2909 719 2979 si
742 2909 915 2981 viventem
937 2911 994 2983 hic
1011 2915 1149 3000 amasti,
1166 2938 1241 3011 pa-

147 3041 218 3104 tere
246 3055 347 3125 equo
376 3033 503 3114 animo,
538 3030 786 3123 gloriosissime
819 3043 928 3127 pater,
964 3055 1012 3104 ex
1043 3036 1114 3107 alto
1147 3035 1236 3109 lieet

146 3168 293 3227 terrenae
320 3154 523 3226 conditionis
555 3154 667 3245 gradu
693 3154 738 3225 ad
764 3177 936 3226 summurn
957 3158 1097 3229 culmen
1121 3160 1236 3233 ooelo‘

145 3278 208 3348 stis
229 3276 395 3347 felicitatis
422 3275 621 3347 ascendere.
647 3276 738 3360 Quid
770 3276 861 3347 enim
894 3279 1044 3372 amplius
1065 3279 1124 3353 hic
1143 3304 1233 3377 ago·

146 3400 224 3471 bat?
245 3399 355 3482 Quem
379 3410 410 3469 te
431 3398 598 3491 aspicere,
621 3421 723 3492 quem
750 3410 868 3490 optare
892 3400 960 3470 iam
987 3411 1137 3494 poterat,
1158 3396 1233 3477 nisi

146 3526 231 3594 forte
267 3531 304 3591 ut
336 3542 515 3592 romanum
549 3520 745 3615 pontificem
768 3532 800 3592 te
825 3522 982 3594 videret‘l
1005 3524 1140 3599 Verum
1159 3526 1233 3599 bac

142 3645 304 3738 opinione
326 3666 417 3726 sum,
437 3653 474 3713 ut
497 3653 576 3713 tnnc
600 3642 729 3713 felicius
758 3643 843 3714 mori
873 3655 990 3737 putent
1012 3650 1155 3740 quando
1178 3650 1234 3723 de

144 3767 305 3859 praesenti
341 3764 506 3856 gaudium
539 3764 652 3848 adest,
688 3776 722 3834 et
754 3765 799 3836 de
831 3767 947 3838 futuro
982 3790 1081 3862 spes,
1117 3786 1239 3865 quum

142 3887 296 3979 quando,
318 3896 556 3959 consummata
580 3907 643 3977 spe
668 3894 772 3979 atque
797 3885 959 3959 omnibus
984 3889 1116 3961 habitis
1141 3902 1248 3986 qu&

142 4019 325 4101 sperantur
352 4011 405 4081 vel
432 4017 594 4103 optantur
619 4009 651 4079 in
678 4010 791 4093 terris,
827 4009 893 4080 iam
928 4010 1057 4081 sensim
1081 4012 1159 4104 spei
1178 4009 1252 4082 tiae

142 4153 217 4200 rnor
236 4130 439 4225 obrepserit.
460 4134 589 4203 Natura
614 4133 706 4203 enim
727 4134 985 4205 demonstrante
1005 4146 1254 4231 compertum

139 4265 195 4324 est
227 4264 264 4324 ut
301 4256 499 4347 optantibus
526 4255 760 4349 consequendi
795 4278 903 4351 spem,
940 4258 989 4328 sic
1020 4252 1256 4329 consecutis

141 4376 318 4448 amittendi
336 4376 550 4448 formidinem
571 4379 750 4451 inhaerere.
769 4379 825 4450 Sic
840 4379 957 4470 itaque
975 4377 1102 4450 sentio:
1120 4374 1255 4449 nullo

141 4501 265 4571 molius
291 4510 443 4593 tempore
470 4514 611 4573 matrem
634 4513 642 4552 f
677 4525 718 4527 ···
746 4501 786 4552 “¹
809 4521 953 4595 superos
975 4501 1247 4591 migraturam,
