2738 5062
368 657 459 705 ursan
481 656 946 706 nonusnsernus-errsrcuu
968 657 1008 705 rx.
1166 646 1224 706 53lt

146 812 214 885 que
231 790 351 884 praelio
369 791 439 862 lusi
459 800 553 874 sunt,
575 812 657 861 eum
674 792 842 863 honorem
862 791 945 864 Duci
967 793 1097 884 optimo
1129 792 1225 865 dele-

145 924 244 985 rente
262 914 411 995 fortuna,
433 922 471 984 ut
488 911 578 984 sicut
597 910 690 997 dixi,
711 911 851 985 dilatam
869 913 991 1006 patriae
1005 934 1079 986 suae
1090 914 1224 986 cladem

144 1037 180 1108 in
200 1056 305 1107 carne
324 1032 458 1127 positus
477 1055 546 1104 non
565 1034 710 1106 videret.
733 1035 834 1106 Certe
857 1045 894 1106 ut
926 1033 971 1104 ibi
1004 1035 1224 1128 potissimum

144 1161 344 1231 vinceretur
361 1154 529 1228 divinitus
549 1159 714 1230 evenisse
738 1157 957 1242 crediderim,
991 1180 1062 1251 quo
1094 1158 1225 1231 scilicet

145 1279 315 1354 vocabulo
336 1281 400 1352 loci
423 1283 544 1352 saltem
566 1281 688 1373 reliqui
708 1283 816 1355 duces
831 1278 1100 1354 admonerentur
1113 1283 1226 1354 utSa-

145 1405 307 1499 pientiam
324 1426 429 1497 quam
446 1406 617 1475 fortunam
640 1405 739 1498 sequi
753 1406 908 1489 mallent,
923 1415 959 1476 et
975 1406 1141 1477 aratione
1156 1426 1224 1478 non

145 1526 191 1598 ab
201 1524 386 1599 eventibus
405 1546 521 1597 rerum
539 1525 703 1598 elicerent
719 1536 937 1618 argumenta.
957 1525 1028 1598 Sed
1042 1547 1158 1598 nonne
1174 1527 1225 1598 le·

145 1648 303 1740 dilmgns
328 1670 416 1733 sum,
437 1648 497 1741 qui
529 1670 622 1722 nova
653 1650 824 1742 pollicitus
855 1650 997 1743 antiqua
1039 1648 1226 1741 persolvo?

144 1771 298 1865 Expecta
319 1781 451 1842 autem:
473 1769 508 1840 in
528 1771 635 1843 londo
654 1783 710 1844 est
729 1771 822 1844 unde
841 1771 1005 1865 promissi
1026 1771 1108 1840 mihi
1135 1767 1224 1845 fides

144 1902 288 1965 constet.
310 1895 485 1965 Hactenus
506 1892 683 1965 audieras:
704 1893 798 1988 quod
816 1896 973 1987 sequitur
998 1914 1128 1966 novum
1160 1914 1224 1965 au·

144 2012 209 2087 dis.
229 2013 316 2086 Huic
328 2015 488 2108 equidem
508 2016 565 2086 tali
582 2016 666 2087 lluei
681 2016 798 2088 iuveni
812 2017 928 2088 senior·
942 2027 1172 2099 successerat,
1187 2023 1224 2088 et

143 2136 188 2208 ad
204 2135 325 2230 patriae
342 2135 615 2228 gubernaculum
634 2159 714 2211 sero
742 2139 834 2219 licet,
855 2145 936 2210 ante
970 2148 1086 2210 tamen
1116 2161 1222 2232 quam
1252 2128 1255 2133 ’

143 2258 198 2330 rel
220 2256 287 2330 sibi
307 2261 363 2330 vel
384 2262 505 2355 patriae
525 2281 614 2354 opus
636 2272 731 2333 esset
751 2274 957 2347 accesserat,
985 2261 1040 2333 vir
1065 2259 1110 2333 ab
1142 2261 1223 2333 olim

144 2381 228 2453 mihi
244 2381 456 2453 familiariter
476 2393 594 2467 notuS,
617 2383 681 2457 sed
701 2384 736 2455 in
756 2407 827 2477 quo
840 2384 979 2457 fallebat
998 2385 1128 2480 opinio,
1150 2384 1224 2457 ani-

145 2505 189 2575 mi
211 2526 314 2596 quam
334 2505 467 2576 consilii
495 2506 646 2578 maioris.
672 2509 827 2579 lllarinus
847 2508 1041 2579 Phalierius
1061 2507 1138 2578 viro
1161 2526 1225 2576 no-

142 2648 233 2697 men.
256 2628 405 2719 Explere
427 2628 582 2699 animum
604 2628 638 2697 in
660 2650 796 2700 summa
816 2628 985 2718 dignitate
1005 2648 1073 2698 non
1094 2625 1222 2719 potuit,

143 2748 284 2820 sinistro
303 2748 393 2842 pede
413 2749 577 2841 palatium
598 2749 793 2841 ingressus.
815 2749 974 2842 Namque
993 2748 1087 2820 hunc
1099 2749 1223 2820 Veneti

143 2872 272 2944 Ducem
305 2880 565 2943 sacrosanctum
585 2871 760 2942 omnibus
790 2871 928 2945 saeculis
962 2871 1220 2963 magistratum,

142 3014 247 3086 quem
268 2993 302 3064 iu
324 2993 381 3064 illa
398 2994 485 3066 urbe
502 3015 650 3087 semper,
670 3005 708 3065 ut
724 3015 852 3065 numen
873 2992 1013 3087 aliquod
1033 2994 1222 3086 antiquitas
1277 2978 1278 2982 ¹

140 3116 256 3199 coluit,
280 3115 408 3187 nudius
429 3116 553 3188 tertius
570 3115 605 3187 in
626 3116 737 3210 ipsius
758 3116 873 3211 palatii
886 3114 1061 3187 vestibulo
1074 3115 1224 3188 decolla-

142 3245 232 3308 runt.
251 3238 384 3309 Causas
405 3260 520 3309 rerum
544 3249 582 3311 ut
601 3251 714 3333 poetae
736 3241 849 3311 solent
869 3239 904 3311 in
921 3239 1118 3334 primordiis
1140 3260 1223 3311 suo-

142 3348 220 3430 rum
244 3380 391 3453 operum
416 3362 611 3455 explicare,
636 3363 667 3434 si
691 3370 868 3458 comperta
893 3364 987 3456 loqui
1011 3362 1130 3447 velim,
1162 3382 1221 3435 ne-

142 3500 245 3571 queo:
276 3491 346 3554 tam
380 3482 544 3577 ambigue
572 3496 608 3557 at
641 3493 711 3556 tam
737 3484 834 3557 varie
868 3466 1075 3558 referuntur.
1112 3485 1222 3557 Nemo

142 3600 237 3673 illum
253 3615 414 3677 excusat:
433 3629 555 3680 omnes
576 3608 672 3680 aiunt
692 3609 847 3680 voluisse
867 3630 948 3680 eum
961 3608 997 3679 in
1027 3619 1120 3681 statu
1144 3606 1222 3678 llei-

142 3725 290 3817 publicae
310 3749 331 3798 a
349 3729 539 3801 maioribus
561 3731 686 3804 tradito
700 3732 818 3803 nescio
836 3731 922 3825 quid
943 3741 1088 3803 mutare.
1105 3729 1222 3822 Atque

142 3846 189 3918 ita
205 3859 328 3922 cuncta
345 3851 379 3921 in
400 3873 443 3923 eo
462 3853 686 3937 conveniunt,
710 3864 748 3924 ut
767 3855 861 3946 quod
881 3854 930 3924 ait
946 3855 1104 3922 Flaccus:

302 4041 405 4104 Primo
425 4058 462 4104 ne
479 4041 634 4118 medium,
652 4040 752 4104 medio
769 4055 808 4101 nc
824 4038 973 4118 discrepet
990 4039 1099 4102 imum.

142 4219 228 4291 Nam
250 4222 344 4312 quod
364 4221 427 4291 vix
448 4223 506 4292 ulli
529 4244 680 4316 unquam
701 4219 851 4292 arbitror
870 4220 1049 4305 evenisse,
1071 4221 1155 4293 dum
1174 4222 1220 4293 ad

143 4345 251 4437 ripam
273 4345 428 4416 llhodani
451 4367 512 4439 pro
534 4347 672 4438 negotio
692 4344 786 4438 pacis
820 4365 882 4437 per
914 4366 970 4415 me
1004 4344 1152 4438 primum
1183 4353 1219 4413 et

143 4490 223 4541 mox
243 4490 305 4562 per
316 4490 396 4539 eum
411 4470 539 4539 frustra
558 4478 695 4552 tentate,
709 4467 799 4560 apud
815 4468 1005 4538 Romanum
1021 4464 1216 4537 Pontificem
