2738 5062
509 886 512 891 ·
543 858 730 926 l'lleClSCl
759 860 964 925 balaanan

365 1076 435 1153 DE
484 1076 667 1156 REBUS
716 1075 1158 1157 FAMILIARIBUS

432 1274 585 1345 LlBER
624 1273 1083 1349 OCTAVUSDECIMUS.

644 1768 821 1871 namn
841 1806 861 1869 l.
903 1886 908 1895 ,

272 2000 464 2051 rnlsclscus
486 1999 654 2050 cessanda
675 2000 801 2051 ennom
821 2000 862 2049 lv.
882 1999 1085 2052 lurasaaolls
1100 2002 1253 2061 adousso

690 2106 717 2155 S.
740 2106 769 2156 P.
792 2107 822 2155 ll.

337 2268 474 2322 Caesarem
488 2284 581 2323 moras
594 2274 751 2324 nectentem
765 2286 852 2341 sequa
866 2269 985 2325 inaniter
998 2276 1182 2329 excusantem

337 2392 344 2403 .
411 2362 442 2409 ut
457 2372 602 2411 romanum
618 2357 766 2429 imparium
780 2359 909 2415 restituat
920 2357 1094 2414 adhortatur.

310 2596 491 2668 Caesareos
530 2596 647 2690 apices
682 2591 830 2665 triennio
862 2596 954 2677 lere,
993 2602 1182 2687 postquam
1211 2616 1233 2668 a
1265 2605 1297 2667 te

211 2719 458 2802 discesserant,
473 2719 518 2791 ad
533 2740 590 2790 me
606 2715 809 2813 pervenisse
823 2715 1016 2787 miraberis.
1031 2716 1087 2788 Sic
1099 2726 1157 2788 est
1171 2728 1294 2791 tamen.

210 2836 1297 2941 mffimfflmmfflmfflmmm

210 2983 279 3053 que
300 2974 336 3034 et
355 2962 512 3055 epistolis
530 2962 608 3045 tuis,
628 2962 757 3046 Caesar,
777 2959 1056 3054 impermeabiles
1077 2958 1186 3055 Alpes
1205 2970 1294 3033 sunt

211 3083 287 3176 Ego
306 3085 448 3178 quidem
465 3096 503 3157 ut
519 3086 748 3158 vehementer
764 3081 799 3152 id
814 3082 925 3167 doleo,
945 3079 996 3154 sic
1016 3083 1127 3154 faleor
1145 3084 1292 3175 gaudeat

210 3217 246 3279 et
270 3208 353 3277 mibi
372 3209 459 3279 clam
482 3210 650 3301 gratulor,
674 3206 709 3279 id
731 3206 833 3277 tacito
853 3227 909 3277 me
934 3227 1003 3276 non
1025 3202 1113 3276 fieri.
1139 3204 1292 3278 clamavi

209 3327 380 3420 equidem,
401 3330 464 3401 sed
481 3331 617 3415 trustra,
636 3352 702 3402 neo
717 3328 855 3401 duabus
873 3326 1027 3419 epistolis
1043 3328 1187 3415 auditus
1204 3348 1288 3411 sum,

209 3468 355 3540 quarum
376 3450 444 3519 etsi
470 3450 569 3523 stilus
595 3451 739 3523 auribus
765 3452 851 3523 sorte
876 3450 944 3523 tuis
970 3450 1190 3545 incomptior,
1213 3472 1288 3549 pro·

208 3570 299 3642 lecto
315 3580 350 3640 et
370 3572 539 3643 sententia
561 3594 680 3657 verax,
699 3583 734 3644 et
751 3595 838 3667 pura
859 3572 1043 3645 scribentis
1064 3573 1155 3646 fides
1173 3584 1237 3657 est,
1253 3582 1289 3645 et

209 3690 304 3784 quod
343 3709 507 3762 romanus
543 3690 638 3763 orbis
672 3702 764 3765 totus
795 3694 1029 3779 attestabitur,
1064 3693 1215 3787 agendae
1238 3692 1287 3767 rei

209 3812 539 3910 opportunissimum
558 3826 694 3911 tempus
711 3827 796 3889 erat.
816 3818 933 3891 Clamo
950 3838 1041 3889 nunc
1059 3818 1174 3901 etiam,
1192 3814 1287 3913 quod

209 3938 270 4011 tibi
296 3943 424 4014 trustra
449 3961 493 4012 ne
517 3963 560 4013 an
585 3940 768 4014 efficaciter
794 3940 914 4014 laciam
947 3949 981 4011 tu
1016 3936 1169 4012 videris:
1202 3936 1284 4010 mibi

207 4062 336 4133 trustra
349 4085 418 4135 non
428 4063 667 4157 eritquicquid
681 4061 829 4136 fideliter
841 4062 1124 4157 egerolitsialiis
1134 4080 1286 4155 namque

208 4207 277 4256 nou
302 4186 467 4278 proderit,
494 4188 577 4259 mibi
603 4198 696 4260 certe
722 4186 890 4281 profuerit
920 4184 1133 4258 satisfecisse
1157 4184 1283 4269 officio,

209 4308 369 4403 implesse
387 4308 481 4400 quod
500 4308 619 4383 debeo.
642 4311 810 4404 Equidem
833 4330 900 4402 ego
917 4308 1043 4401 ingens
1063 4317 1098 4378 et
1118 4328 1190 4400 quo
1209 4308 1286 4378 nul·

210 4430 280 4501 lum
306 4429 395 4499 inter
420 4428 579 4502 homines
606 4433 717 4504 maius
743 4453 901 4523 possum,
928 4429 1072 4503 allectus
1097 4430 1165 4502 mei
1195 4448 1287 4524 prae·
