2738 5062
342 664 433 713 uranu
453 662 970 714 ssurruusnncntus.-urtsrous
993 666 1022 713 x.
1160 653 1217 716 tet

147 832 162 864 »
193 813 260 881 tus,
287 799 538 873 consuetudine
562 810 816 893 praegravatus.
850 798 895 870 Et
926 799 1004 872 ideo
1033 812 1114 873 sunt
1137 800 1220 874 duae

148 954 162 987 a
190 925 404 1006 voluntates,
430 919 512 1014 quia
541 942 610 992 una
641 941 762 992 earum
798 931 869 993 tota
901 943 969 992 non
998 932 1066 1007 est,
1093 935 1130 994 et
1155 923 1221 998 hoc

146 1044 291 1115 »adest
313 1042 411 1114 alteri
436 1041 530 1136 quod
554 1041 656 1114 deest
680 1043 790 1113 alteri.
818 1070 833 1106 a
862 1042 945 1113 llaec
973 1052 1029 1114 est
1060 1045 1153 1117 nuda
1185 1054 1222 1116 et

142 1187 228 1260 pura
249 1165 393 1250 veritus,
415 1165 533 1235 amice.
555 1164 724 1234 Volumus
745 1163 887 1255 quidem
907 1186 1030 1236 omnes
1046 1186 1128 1237 esse
1147 1166 1222 1237 feli-

143 1307 213 1371 ceS,
235 1286 341 1378 idque
360 1287 531 1358 ullatenus
552 1287 643 1356 nolte
664 1306 733 1355 non
751 1305 951 1378 possumus.
973 1287 1023 1357 Ea
1042 1286 1142 1357 nobis
1160 1307 1223 1357 na·

143 1406 320 1481 scentibus
345 1406 450 1477 insita
473 1425 620 1501 prorsus
640 1417 675 1477 et
699 1405 952 1501 inextirpabilis
972 1418 1028 1479 est
1048 1410 1220 1480 voluntas.

143 1531 322 1612 Volumus
345 1529 499 1619 inquam,
520 1527 638 1598 felices
665 1548 746 1599 esse
766 1548 904 1599 omncs:
926 1526 990 1599 sed
1011 1549 1080 1599 non
1099 1549 1222 1599 omnes

142 1652 286 1724 facimus
307 1672 377 1744 qno
397 1649 514 1721 felices
535 1649 660 1721 simus:
686 1649 754 1719 imo
779 1670 865 1721 vero
889 1649 982 1719 viam
1009 1649 1118 1741 ipsam
1146 1632 1247 1718 nni·v

142 1796 217 1847 cam
242 1785 278 1846 et
301 1779 503 1865 angustam,
524 1793 594 1864 qua
619 1770 664 1843 ad
689 1771 884 1843 felicitatem
918 1770 1089 1866 pergitur,
1121 1771 1221 1864 pauci

143 1896 329 1968 admodum
351 1896 450 1988 sequi
477 1897 611 1980 volunt,
634 1916 746 1987 neque
766 1895 801 1966 id
821 1894 934 1988 ipsum
962 1896 1063 1986 plene
1087 1896 1219 1978 volunt,

141 2018 325 2113 potiusque
342 2020 432 2090 velle
449 2015 617 2108 cogitant,
632 2038 735 2109 quam
754 2017 886 2087 volunt.
904 2016 992 2087 Hinc
1008 2016 1065 2088 ille
1080 2018 1222 2111 pestifer

142 2151 259 2236 torpor
278 2162 319 2212 ac
338 2138 552 2236 perplexitas
573 2138 785 2223 animorum,
809 2139 1000 2232 dequibus
1022 2141 1088 2212 iam
1114 2143 1222 2213 multa

142 2263 305 2345 diximus
320 2261 413 2333 aliud
425 2260 600 2352 agentium
614 2283 692 2332 cum
703 2260 796 2333 aliud
811 2262 901 2333 velle
914 2261 1114 2334 videantur:
1128 2262 1222 2356 qnod

143 2384 173 2456 si
194 2406 279 2455 vere
298 2386 426 2455 vellent
452 2383 572 2475 utique
596 2382 681 2455 illud
705 2393 868 2476 agerent,
890 2404 958 2457 non
983 2385 1077 2479 quod
1102 2393 1221 2478 agunt.

140 2507 334 2578 Possumus
352 2526 437 2596 ergo
459 2505 488 2575 si
508 2505 671 2576 volumus
697 2505 742 2577 ad
767 2507 963 2579 felicitatem
991 2507 1053 2591 ire,
1077 2507 1142 2578 hoc
1167 2517 1224 2578 est

140 2627 197 2699 illa
216 2647 322 2719 agere
342 2646 423 2718 quae
444 2645 508 2696 nos
529 2625 576 2698 ad
594 2627 790 2699 felicitatem
812 2640 1004 2720 veramque
1028 2626 1222 2697 libertatem

140 2749 245 2819 animi
266 2746 475 2842 perductura
494 2748 748 2839 cognoscimus.
771 2747 840 2819 Sed
857 2749 904 2820 ita
920 2748 1060 2820 demum
1078 2747 1108 2818 si
1126 2768 1220 2818 vere.

142 2871 171 2942 si
191 2873 307 2965 plene',
326 2872 356 2943 si
374 2880 587 2954 constanter,
608 2870 637 2940 si
655 2869 746 2942 bona
765 2869 834 2942 fide
853 2873 1026 2942 volumus.
1048 2869 1223 2941 Caetcrnm

141 2995 230 3067 velle
258 2993 373 3087 ipsum
398 2997 469 3066 fors
493 3015 562 3065 non
590 2993 704 3065 statim
730 2994 840 3066 nostri
865 2992 931 3065 erit
956 2991 1102 3076 arbitrii,
1128 2992 1222 3086 quod

140 3117 208 3188 etsi
229 3116 373 3189 liberum
394 3116 645 3211 acceperimus,
667 3114 862 3188 libertatem
884 3114 996 3209 ipsam
1023 3114 1073 3186 sic
1093 3115 1223 3207 pcccati

141 3240 231 3311 mole
266 3238 507 3334 oppressimus
539 3248 576 3311 et
605 3237 868 3311 consuetudinis
901 3236 1065 3330 pessimae
1097 3234 1223 3307 vinclis

141 3359 410 3445 adstrinximus,
438 3371 477 3432 ut
502 3362 577 3433 sine
606 3328 883 3455 praesentissima
907 3359 968 3432 Dei
994 3382 1060 3455 ope
1090 3357 1153 3429 vix
1177 3357 1223 3430 ad

142 3480 288 3554 honesta
308 3493 515 3575 consurgat:
542 3494 612 3556 tam
638 3487 745 3555 multa
771 3493 853 3556 sunt
878 3504 958 3576 quae
983 3482 1163 3560 retrahunt
1186 3494 1224 3555 et

142 3600 327 3675 obsistunt.
347 3603 449 3689 Nam,
473 3614 511 3675 ut
530 3604 659 3678 ibidem
679 3605 729 3676 ait
749 3604 838 3677 idem
855 3584 1090 3697 Augustinus:
1113 3603 1222 3674 «Non

146 3753 161 3789 n
191 3728 302 3798 solnm
320 3726 515 3811 inavarum
532 3729 636 3801 ctiam
651 3729 836 3825 pervenire
848 3727 928 3800 illuc
941 3726 1024 3797 nihil
1037 3735 1112 3797 erat
1128 3725 1221 3798 aliud

147 3876 162 3909 n
190 3869 295 3939 quam
317 3850 407 3919 velle
427 3848 489 3920 ire.
509 3876 524 3914 s
548 3851 591 3920 Et
612 3852 785 3944 sequitur:
811 3879 826 3915 c
845 3851 914 3922 Sed
931 3850 1020 3920 velle
1037 3846 1171 3918 fortiter
1186 3859 1223 3918 et

145 3995 161 4031 n
191 3969 340 4071 integre,
363 3992 430 4042 non
453 3969 694 4041 semisauciam
718 3972 784 4042 hac
803 3981 906 4062 atque
928 3969 994 4038 hac
1017 3988 1162 4039 versare
1186 3980 1222 4039 ct

146 4122 162 4156 n
190 4093 318 4164 iactare
346 4095 575 4176 voluntatem,
603 4101 737 4186 partem
764 4097 1022 4180 assurgentem,
1049 4110 1127 4160 cum
1153 4091 1221 4162 alia

145 4243 161 4281 a
189 4224 289 4311 parte
308 4216 454 4287 cadente
474 4216 671 4285 luctantem.
695 4242 710 4277 n
739 4214 820 4283 llaec
845 4220 927 4283 sunt
946 4231 1026 4304 quae
1045 4209 1080 4281 in
1101 4211 1221 4284 auxie-

141 4349 210 4410 tate
231 4338 397 4433 persimili
413 4334 544 4408 divinae
560 4343 598 4405 et
613 4334 772 4426 ingentes
790 4333 858 4405 illae
876 4333 1001 4405 animae
1018 4344 1219 4406 senserunt:

142 4460 207 4532 hoc
228 4461 328 4534 vobis
354 4468 588 4554 quotcumque
620 4456 706 4528 estis
739 4454 840 4529 amici
873 4456 918 4529 de
951 4478 1005 4527 mc
1032 4454 1153 4526 soliciti
1179 4475 1219 4525 ac
