2738 5062
224 582 283 643 toa
561 594 602 641 oa
624 594 724 642 nauus
746 592 965 643 rsutarnmuus

224 753 301 801 rum
321 729 367 801 ad
388 750 510 801 sonum
530 731 704 813 relerunt;
727 732 807 801 huie
824 732 940 803 studio
956 752 1060 801 omne
1080 733 1322 825 1333333133-

224 852 393 945 pendunt;
409 853 443 921 131
458 864 539 923 3331
551 854 610 944 qui
628 854 833 946 contemptis
850 854 1003 926 moribus
1022 864 1181 927 tractant
1194 877 1319 942 sonos,

224 975 476 1045 ciceronianum
496 974 579 1045 illud
597 974 713 1044 obliti:
732 978 838 1045 rnoior
858 988 889 1045 et
908 977 1023 1044 melior
1048 987 1097 1044 est
1124 980 1308 1049 actionum

222 1120 321 1185 otram
340 1120 495 1166 sonorum
523 1108 705 1166 concentus.
719 1088 798 1168 illie
815 1119 858 1168 ne
880 1097 1096 1190 discreparet
1116 1099 1317 1171 elaboran-

223 1216 306 1286 dum
328 1228 415 1299 erat,
440 1217 495 1288 hic
520 1219 636 1311 sperni
657 1228 792 1311 poterat
810 1220 845 1288 in
871 1239 940 1311 quo
961 1228 1055 1289 tanto
1076 1240 1191 1313 opere
1215 1222 1316 1295 labo·

224 1350 328 1409 ratur.
359 1339 534 1430 Astrologi
559 1340 684 1411 coelum
712 1343 868 1422 lustrant,
899 1349 994 1411 astra
1025 1356 1312 1429 connumerant3

223 1462 298 1533 ausi
321 1484 401 1545 rem,
423 1472 460 1532 ut
479 1464 526 1533 ait
542 1463 680 1547 Plinius,
700 1464 802 1534 etiam
820 1466 890 1533 Deo
908 1461 1109 1556 improbam.
1129 1462 1226 1545 Quid
1244 1466 1313 1537 im·

221 1584 327 1679 periis
348 1595 409 1656 aut
431 1584 574 1655 urbibus
595 1596 802 1656 eventurum
829 1585 875 1654 sit
901 1594 968 1654 tam
995 1583 1181 1667 audacter,
1212 1596 1310 1659 tauto

221 1715 301 1777 ante
317 1706 548 1789 denunciant;
569 1707 653 1798 quid
674 1706 738 1776 sibi
758 1705 912 1799 quotidie
932 1705 1072 1776 eveniat
1097 1727 1170 1776 nou
1191 1716 1307 1780 atten-

220 1829 329 1910 dunt3
360 1831 451 1899 lunae
480 1830 634 1920 solisque
664 1829 818 1899 delectus
851 1827 1057 1918 praevident,
1089 1844 1306 1920 praeseutem

220 1952 387 2046 eclypsim
410 1951 536 2022 animae
554 1972 622 2021 non
639 1948 809 2021 videntes
829 1951 899 2017 lam
917 1949 977 2039 qui
994 1950 1126 2018 clarum
1146 1950 1304 2043 philoso-

220 2073 312 2166 phiae
329 2095 452 2143 uorrren
472 2072 601 2142 habent
618 2074 672 2143 rel
692 2093 805 2141 rerum
823 2090 949 2140 causas
962 2081 1136 2160 quaerunt,
1153 2086 1303 2145 ventosa

220 2194 393 2275 iactantia,
415 2193 504 2263 scire
524 2202 639 2263 autem
667 2194 845 2284 negligunt
869 2191 953 2283 quid
977 2200 1032 2262 est
1056 2194 1156 2264 Deus
1184 2217 1301 2267 rerum

218 2324 353 2384 creator
383 2313 555 2395 omnium3
588 2318 643 2384 vel
682 2315 829 2384 virtutes
869 2314 1042 2405 loquendo
1074 2314 1296 2399 describunt,

220 2434 371 2505 vivendo
388 2432 589 2504 destituunt.
610 2436 789 2505 Postremo
806 2436 865 2526 qui
885 2434 950 2505 sibi
968 2456 1095 2505 nomeu
1114 2437 1296 2510 honestius

217 2566 517 2649 praesumpserunt
536 2566 572 2628 et
592 2557 788 2628 divinorum
816 2555 992 2628 scientiam
1020 2564 1104 2627 sunt
1130 2561 1292 2649 professi,

215 2700 286 2770 quo
306 2678 495 2749 deciderint
517 2678 627 2750 vides.
646 2680 700 2748 113
720 2679 887 2769 theologis
909 2678 1085 2761 dialectici,
1105 2693 1213 2773 atque
1232 2683 1294 2753 uti·

216 2823 296 2871 nam
310 2822 377 2870 uon
393 2802 568 2893 sophistae,
589 2822 702 2892 neque
718 2802 809 2869 enim
829 2802 886 2870 Dei
901 2812 1083 2882 amatores,
1100 2802 1163 2872 sed
1177 2803 1292 2893 cogni-

216 2932 319 3005 tores,
334 2945 446 3014 neque
459 2921 608 3014 idipsum
622 2944 702 2993 esse
715 2922 856 3016 cupiunt
871 2923 934 2992 sed
948 2922 1070 2992 videri.
1084 2924 1290 3017 ltaquueum

214 3047 360 3116 alterum
383 3045 517 3116 silentio
538 3045 636 3135 sequi
660 3055 816 3136 possent,
839 3046 984 3114 alterum
1007 3048 1151 3139 strepitu
1170 3068 1290 3119 couse-

213 3177 376 3259 quantur,
392 3169 443 3236 En
458 3188 526 3259 quo
541 3166 734 3237 mortalium
750 3165 888 3236 redacta
901 3177 982 3236 suat
995 3167 1120 3239 studia.
1136 3170 1208 3239 Oh!
1226 3168 1288 3239 uti-

212 3307 293 3354 nam
320 3286 441 3367 scires,
465 3296 616 3377 quantus
637 3308 729 3357 nune
750 3309 803 3357 me
826 3296 928 3378 urget
949 3287 1114 3382 impetus,
1136 3302 1287 3383 quantus

212 3404 347 3473 dicendi
361 3409 454 3476 calor
467 3410 636 3491 accendit,
653 3420 689 3478 ut
702 3408 747 3479 de
760 3407 815 3477 liis
833 3409 1073 3499 copiosissime
1092 3412 1286 3491 disseram

212 3524 276 3594 sed
289 3524 397 3592 maior
409 3528 651 3618 conlusiorque
667 3551 780 3598 rerum
798 3549 878 3597 area
896 3539 958 3611 est,
978 3552 1081 3621 quam
1099 3552 1182 3623 quae
1199 3552 1288 3625 prae-

211 3644 300 3715 senti
320 3644 452 3713 calamo
475 3646 566 3713 verri
591 3659 703 3738 queat,
730 3657 780 3727 ot,
809 3648 873 3717 nisi
900 3652 1010 3731 131133,
1039 3674 1145 3745 super
1170 3654 1287 3725 iocoso

211 3775 280 3835 tuae
308 3764 426 3834 brevis
456 3764 610 3857 epistolae
633 3768 856 3839 fundamento
883 3773 969 3842 satis
989 3772 1200 3847 aedificatum
1223 3788 1286 3849 est.

208 3887 262 3960 dd
295 3888 369 3959 haec
400 3901 434 3959 31
465 3888 547 3958 milri
587 3911 726 3983 semper
762 3901 890 3983 opt-atae
924 3895 1118 3966 solitudinis
1155 3898 1286 3992 otiique

207 4009 423 4083 dulcedinem
445 4021 574 4103 quanta
598 4034 709 4107 nuper
734 4012 857 4085 invisae
883 4015 1083 4106 lrequentim
1108 4028 1145 4087 ct
1171 4018 1285 4114 inspe-

208 4141 357 4202 ratarum
394 4136 653 4228 occupationum
697 4135 889 4206 amaritudo
927 4139 1178 4229 consperserit,
1217 4143 1288 4212 lor-

207 4272 269 4323 333
303 4254 440 4326 audisti.
476 4257 623 4327 Nimium
657 4257 716 4329 diu
750 4258 832 4328 lelix
866 4261 1008 4342 lucram,
1044 4260 1190 4334 nimium
1224 4265 1286 4336 diu

207 4371 305 4456 liber,
346 4374 488 4446 nimium
527 4397 635 4447 meus.
676 4377 847 4450 invidisse
883 4382 1054 4451 fortunam
1087 4381 1217 4472 dicam,
1241 4408 1287 4459 33
