<?xml version="1.0" encoding="UTF-8"?>
<!DOCTYPE html PUBLIC "-//W3C//DTD XHTML 1.0 Transitional//EN"
    "http://www.w3.org/TR/xhtml1/DTD/xhtml1-transitional.dtd">
<html xmlns="http://www.w3.org/1999/xhtml" xml:lang="en" lang="en">
 <head>
  <title>
</title>
<meta http-equiv="Content-Type" content="text/html;charset=utf-8" />
  <meta name='ocr-system' content='tesseract 3.04.00' />
  <meta name='ocr-capabilities' content='ocr_page ocr_carea ocr_par ocr_line ocrx_word'/>
</head>
<body>
  <div class='ocr_page' id='page_1' title='image "./epistolaederebu02fracgoog_0568.png"; bbox 0 0 2738 5062; ppageno 0'>
   <div class='ocr_carea' id='block_1_1' title="bbox 348 691 1221 752">
    <p class='ocr_par' dir='ltr' id='par_1_1' title="bbox 348 691 1221 752">
     <span class='ocr_line' id='line_1_1' title="bbox 348 691 1221 752; baseline 0.002 -2"><span class='ocrx_word' id='word_1_1' title='bbox 348 702 441 750; x_wconf 79' lang='lat' dir='ltr'>umen</span> <span class='ocrx_word' id='word_1_2' title='bbox 464 700 933 752; x_wconf 79' lang='lat' dir='ltr'>nonusnscruus.-srrsroua</span> <span class='ocrx_word' id='word_1_3' title='bbox 954 702 1016 749; x_wconf 83' lang='lat' dir='ltr'>xvi.</span> <span class='ocrx_word' id='word_1_4' title='bbox 1162 691 1221 752; x_wconf 77' lang='lat'>559</span> 
     </span>
    </p>
   </div>
   <div class='ocr_carea' id='block_1_2' title="bbox 139 839 1252 4585">
    <p class='ocr_par' dir='ltr' id='par_1_2' title="bbox 139 839 1252 4585">
     <span class='ocr_line' id='line_1_2' title="bbox 139 839 1222 936; baseline -0.001 -22"><span class='ocrx_word' id='word_1_5' title='bbox 139 844 325 936; x_wconf 82' lang='lat' dir='ltr'>praesentia</span> <span class='ocrx_word' id='word_1_6' title='bbox 346 865 425 914; x_wconf 89' lang='lat' dir='ltr'>mea</span> <span class='ocrx_word' id='word_1_7' title='bbox 450 842 526 913; x_wconf 90' lang='lat' dir='ltr'>illos</span> <span class='ocrx_word' id='word_1_8' title='bbox 551 839 758 913; x_wconf 84' lang='lat' dir='ltr'>offenderet:</span> <span class='ocrx_word' id='word_1_9' title='bbox 786 839 849 912; x_wconf 90' lang='lat' dir='ltr'>sed</span> <span class='ocrx_word' id='word_1_10' title='bbox 875 853 1041 936; x_wconf 84' lang='lat' dir='ltr'>reputans</span> <span class='ocrx_word' id='word_1_11' title='bbox 1067 861 1121 912; x_wconf 91' lang='lat' dir='ltr'>me</span> <span class='ocrx_word' id='word_1_12' title='bbox 1146 841 1222 913; x_wconf 89' lang='lat' dir='ltr'>sine</span> 
     </span>
     <span class='ocr_line' id='line_1_3' title="bbox 140 962 1222 1059; baseline -0.002 -22"><span class='ocrx_word' id='word_1_13' title='bbox 140 966 240 1059; x_wconf 89' lang='lat' dir='ltr'>equis</span> <span class='ocrx_word' id='word_1_14' title='bbox 264 988 304 1037; x_wconf 89' lang='lat' dir='ltr'>ae</span> <span class='ocrx_word' id='word_1_15' title='bbox 324 966 477 1046; x_wconf 82' lang='lat' dir='ltr'>famulis,</span> <span class='ocrx_word' id='word_1_16' title='bbox 499 973 538 1035; x_wconf 89' lang='lat' dir='ltr'>ut</span> <span class='ocrx_word' id='word_1_17' title='bbox 557 962 670 1035; x_wconf 87' lang='lat' dir='ltr'>adhue</span> <span class='ocrx_word' id='word_1_18' title='bbox 695 976 751 1035; x_wconf 87' lang='lat' dir='ltr'>ost</span> <span class='ocrx_word' id='word_1_19' title='bbox 770 965 855 1034; x_wconf 83' lang='lat' dir='ltr'>vitae</span> <span class='ocrx_word' id='word_1_20' title='bbox 881 963 1018 1047; x_wconf 71' lang='lat' dir='ltr'>modus</span> <span class='ocrx_word' id='word_1_21' title='bbox 1046 984 1127 1033; x_wconf 91' lang='lat' dir='ltr'>esse</span> <span class='ocrx_word' id='word_1_22' title='bbox 1153 984 1222 1035; x_wconf 90' lang='lat' dir='ltr'>non</span> 
     </span>
     <span class='ocr_line' id='line_1_4' title="bbox 140 1086 1223 1184; baseline -0.002 -24"><span class='ocrx_word' id='word_1_23' title='bbox 140 1111 258 1184; x_wconf 87' lang='lat' dir='ltr'>posse,</span> <span class='ocrx_word' id='word_1_24' title='bbox 280 1089 378 1159; x_wconf 91' lang='lat' dir='ltr'>timui</span> <span class='ocrx_word' id='word_1_25' title='bbox 394 1110 439 1158; x_wconf 91' lang='lat' dir='ltr'>ne</span> <span class='ocrx_word' id='word_1_26' title='bbox 460 1086 595 1158; x_wconf 91' lang='lat' dir='ltr'>servilis</span> <span class='ocrx_word' id='word_1_27' title='bbox 615 1088 815 1157; x_wconf 80' lang='lat' dir='ltr'>temulentia</span> <span class='ocrx_word' id='word_1_28' title='bbox 829 1109 869 1157; x_wconf 89' lang='lat' dir='ltr'>ac</span> <span class='ocrx_word' id='word_1_29' title='bbox 882 1086 1047 1180; x_wconf 86' lang='lat' dir='ltr'>strepitus</span> <span class='ocrx_word' id='word_1_30' title='bbox 1060 1086 1223 1177; x_wconf 82' lang='lat' dir='ltr'>religioso</span> 
     </span>
     <span class='ocr_line' id='line_1_5' title="bbox 142 1208 1224 1283; baseline -0.004 0"><span class='ocrx_word' id='word_1_31' title='bbox 142 1212 279 1283; x_wconf 87' lang='lat' dir='ltr'>silentio</span> <span class='ocrx_word' id='word_1_32' title='bbox 303 1210 493 1282; x_wconf 82' lang='lat' dir='ltr'><strong>obstarent.</strong></span> <span class='ocrx_word' id='word_1_33' title='bbox 521 1210 577 1280; x_wconf 88' lang='lat' dir='ltr'>Sic</span> <span class='ocrx_word' id='word_1_34' title='bbox 602 1210 752 1281; x_wconf 89' lang='lat' dir='ltr'>vicinam</span> <span class='ocrx_word' id='word_1_35' title='bbox 779 1209 917 1280; x_wconf 90' lang='lat' dir='ltr'>illorum</span> <span class='ocrx_word' id='word_1_36' title='bbox 942 1208 1084 1279; x_wconf 90' lang='lat' dir='ltr'>domum</span> <span class='ocrx_word' id='word_1_37' title='bbox 1117 1210 1224 1280; x_wconf 87' lang='lat' dir='ltr'>malui</span> 
     </span>
     <span class='ocr_line' id='line_1_6' title="bbox 143 1329 1225 1428; baseline -0.002 -23"><span class='ocrx_word' id='word_1_38' title='bbox 143 1333 235 1405; x_wconf 93' lang='lat' dir='ltr'>unde</span> <span class='ocrx_word' id='word_1_39' title='bbox 255 1333 366 1405; x_wconf 84' lang='lat' dir='ltr'>officio</span> <span class='ocrx_word' id='word_1_40' title='bbox 385 1352 558 1428; x_wconf 87' lang='lat' dir='ltr'>praesens,</span> <span class='ocrx_word' id='word_1_41' title='bbox 582 1330 686 1404; x_wconf 83' lang='lat' dir='ltr'>taedio</span> <span class='ocrx_word' id='word_1_42' title='bbox 707 1340 822 1403; x_wconf 88' lang='lat' dir='ltr'>autem</span> <span class='ocrx_word' id='word_1_43' title='bbox 845 1329 974 1403; x_wconf 85' lang='lat' dir='ltr'><strong>absens</strong></span> <span class='ocrx_word' id='word_1_44' title='bbox 996 1333 1064 1424; x_wconf 88' lang='lat' dir='ltr'>piae</span> <span class='ocrx_word' id='word_1_45' title='bbox 1085 1331 1225 1403; x_wconf 78' lang='lat' dir='ltr'>familiae</span> 
     </span>
     <span class='ocr_line' id='line_1_7' title="bbox 142 1452 1224 1547; baseline 0 -21"><span class='ocrx_word' id='word_1_46' title='bbox 142 1457 281 1527; x_wconf 87' lang='lat' dir='ltr'>devotis</span> <span class='ocrx_word' id='word_1_47' title='bbox 301 1453 445 1540; x_wconf 83' lang='lat' dir='ltr'>actibus,</span> <span class='ocrx_word' id='word_1_48' title='bbox 467 1453 568 1547; x_wconf 89' lang='lat' dir='ltr'>quasi</span> <span class='ocrx_word' id='word_1_49' title='bbox 600 1474 721 1526; x_wconf 88' lang='lat' dir='ltr'>eorum</span> <span class='ocrx_word' id='word_1_50' title='bbox 744 1474 844 1540; x_wconf 88' lang='lat' dir='ltr'>unus,</span> <span class='ocrx_word' id='word_1_51' title='bbox 866 1452 1094 1547; x_wconf 82' lang='lat' dir='ltr'>quandolibet</span> <span class='ocrx_word' id='word_1_52' title='bbox 1118 1453 1224 1526; x_wconf 89' lang='lat' dir='ltr'>inter·</span> 
     </span>
     <span class='ocr_line' id='line_1_8' title="bbox 143 1576 1224 1672; baseline -0.006 -21"><span class='ocrx_word' id='word_1_53' title='bbox 143 1600 232 1651; x_wconf 88' lang='lat' dir='ltr'>sum.</span> <span class='ocrx_word' id='word_1_54' title='bbox 255 1578 397 1648; x_wconf 86' lang='lat' dir='ltr'>Sacrum</span> <span class='ocrx_word' id='word_1_55' title='bbox 419 1576 504 1648; x_wconf 89' lang='lat' dir='ltr'>mihi</span> <span class='ocrx_word' id='word_1_56' title='bbox 524 1577 689 1648; x_wconf 89' lang='lat' dir='ltr'>continuo</span> <span class='ocrx_word' id='word_1_57' title='bbox 706 1577 811 1649; x_wconf 87' lang='lat' dir='ltr'>limen</span> <span class='ocrx_word' id='word_1_58' title='bbox 831 1588 937 1672; x_wconf 89' lang='lat' dir='ltr'>patet,</span> <span class='ocrx_word' id='word_1_59' title='bbox 966 1601 987 1650; x_wconf 90' lang='lat' dir='ltr'>a</span> <span class='ocrx_word' id='word_1_60' title='bbox 1011 1597 1081 1671; x_wconf 90' lang='lat' dir='ltr'>quo</span> <span class='ocrx_word' id='word_1_61' title='bbox 1106 1576 1224 1647; x_wconf 79' lang='lat' dir='ltr'>famuli</span> 
     </span>
     <span class='ocr_line' id='line_1_9' title="bbox 144 1699 1225 1794; baseline -0.002 -22"><span class='ocrx_word' id='word_1_62' title='bbox 144 1703 210 1772; x_wconf 90' lang='lat' dir='ltr'>mei</span> <span class='ocrx_word' id='word_1_63' title='bbox 231 1701 390 1782; x_wconf 84' lang='lat' dir='ltr'>exulant,</span> <span class='ocrx_word' id='word_1_64' title='bbox 410 1708 517 1792; x_wconf 89' lang='lat' dir='ltr'>atque</span> <span class='ocrx_word' id='word_1_65' title='bbox 534 1699 695 1783; x_wconf 82' lang='lat' dir='ltr'>advenae‚</span> <span class='ocrx_word' id='word_1_66' title='bbox 717 1699 785 1771; x_wconf 93' lang='lat' dir='ltr'>nisi</span> <span class='ocrx_word' id='word_1_67' title='bbox 805 1700 877 1771; x_wconf 89' lang='lat' dir='ltr'>rari</span> <span class='ocrx_word' id='word_1_68' title='bbox 902 1700 1106 1782; x_wconf 79' lang='lat' dir='ltr'><strong>admodum,</strong></span> <span class='ocrx_word' id='word_1_69' title='bbox 1134 1720 1225 1794; x_wconf 92' lang='lat' dir='ltr'>quos</span> 
     </span>
     <span class='ocr_line' id='line_1_10' title="bbox 143 1815 1252 1917; baseline 0.003 -27"><span class='ocrx_word' id='word_1_70' title='bbox 143 1824 225 1894; x_wconf 82' lang='lat' dir='ltr'>vitae</span> <span class='ocrx_word' id='word_1_71' title='bbox 244 1821 394 1913; x_wconf 76' lang='lat' dir='ltr'>qualitas</span> <span class='ocrx_word' id='word_1_72' title='bbox 415 1820 474 1892; x_wconf 90' lang='lat' dir='ltr'>tali</span> <span class='ocrx_word' id='word_1_73' title='bbox 494 1820 620 1912; x_wconf 81' lang='lat' dir='ltr'>dignos</span> <span class='ocrx_word' id='word_1_74' title='bbox 641 1822 722 1894; x_wconf 84' lang='lat' dir='ltr'>lauit</span> <span class='ocrx_word' id='word_1_75' title='bbox 745 1821 907 1915; x_wconf 88' lang='lat' dir='ltr'>hospitio.</span> <span class='ocrx_word' id='word_1_76' title='bbox 941 1823 1073 1917; x_wconf 85' lang='lat' dir='ltr'>Nempe</span> <span class='ocrx_word' id='word_1_77' title='bbox 1099 1822 1150 1893; x_wconf 91' lang='lat' dir='ltr'>sio</span> <span class='ocrx_word' id='word_1_78' title='bbox 1179 1843 1225 1893; x_wconf 84' lang='lat' dir='ltr'>ex</span> <span class='ocrx_word' id='word_1_79' title='bbox 1246 1815 1252 1827; x_wconf 80' lang='grc'>’</span> 
     </span>
     <span class='ocr_line' id='line_1_11' title="bbox 143 1941 1227 2035; baseline -0.001 -17"><span class='ocrx_word' id='word_1_80' title='bbox 143 1948 252 2018; x_wconf 89' lang='lat' dir='ltr'>altero</span> <span class='ocrx_word' id='word_1_81' title='bbox 272 1945 432 2016; x_wconf 89' lang='lat' dir='ltr'>solatium</span> <span class='ocrx_word' id='word_1_82' title='bbox 451 1942 564 2035; x_wconf 84' lang='lat' dir='ltr'>quaeri</span> <span class='ocrx_word' id='word_1_83' title='bbox 575 1941 689 2026; x_wconf 85' lang='lat' dir='ltr'>decet,</span> <span class='ocrx_word' id='word_1_84' title='bbox 703 1964 749 2015; x_wconf 86' lang='lat' dir='ltr'>ne</span> <span class='ocrx_word' id='word_1_85' title='bbox 764 1941 903 2016; x_wconf 83' lang='lat' dir='ltr'>fastidio</span> <span class='ocrx_word' id='word_1_86' title='bbox 921 1945 968 2015; x_wconf 95' lang='lat' dir='ltr'>illi</span> <span class='ocrx_word' id='word_1_87' title='bbox 988 1945 1038 2015; x_wconf 87' lang='lat' dir='ltr'>sis</span> <span class='ocrx_word' id='word_1_88' title='bbox 1057 1944 1149 2017; x_wconf 92' lang='lat' dir='ltr'>unde</span> <span class='ocrx_word' id='word_1_89' title='bbox 1166 1954 1227 2017; x_wconf 93' lang='lat' dir='ltr'>tuo</span> 
     </span>
     <span class='ocr_line' id='line_1_12' title="bbox 143 2062 1227 2161; baseline -0.001 -21"><span class='ocrx_word' id='word_1_90' title='bbox 143 2068 296 2140; x_wconf 82' lang='lat' dir='ltr'>consulis</span> <span class='ocrx_word' id='word_1_91' title='bbox 317 2062 466 2137; x_wconf 79' lang='lat' dir='ltr'>fastidio.</span> <span class='ocrx_word' id='word_1_92' title='bbox 488 2064 527 2135; x_wconf 95' lang='lat' dir='ltr'>ln</span> <span class='ocrx_word' id='word_1_93' title='bbox 547 2086 617 2158; x_wconf 92' lang='lat' dir='ltr'>quo</span> <span class='ocrx_word' id='word_1_94' title='bbox 643 2084 738 2159; x_wconf 83' lang='lat' dir='ltr'>saepe</span> <span class='ocrx_word' id='word_1_95' title='bbox 762 2077 938 2161; x_wconf 85' lang='lat' dir='ltr'>peccatur,</span> <span class='ocrx_word' id='word_1_96' title='bbox 966 2067 1050 2140; x_wconf 89' lang='lat' dir='ltr'>dum</span> <span class='ocrx_word' id='word_1_97' title='bbox 1076 2070 1227 2159; x_wconf 91' lang='lat' dir='ltr'>quisque</span> 
     </span>
     <span class='ocr_line' id='line_1_13' title="bbox 144 2185 1226 2280; baseline -0.002 -21"><span class='ocrx_word' id='word_1_98' title='bbox 144 2187 209 2259; x_wconf 91' lang='lat' dir='ltr'>sibi</span> <span class='ocrx_word' id='word_1_99' title='bbox 243 2186 387 2258; x_wconf 89' lang='lat' dir='ltr'>nimium</span> <span class='ocrx_word' id='word_1_100' title='bbox 416 2185 617 2277; x_wconf 81' lang='lat' dir='ltr'>indulgens,</span> <span class='ocrx_word' id='word_1_101' title='bbox 643 2186 747 2258; x_wconf 91' lang='lat' dir='ltr'>alium</span> <span class='ocrx_word' id='word_1_102' title='bbox 774 2208 844 2258; x_wconf 90' lang='lat' dir='ltr'>non</span> <span class='ocrx_word' id='word_1_103' title='bbox 878 2188 1017 2280; x_wconf 81' lang='lat' dir='ltr'>cogitat.</span> <span class='ocrx_word' id='word_1_104' title='bbox 1053 2189 1115 2261; x_wconf 85' lang='lat' dir='ltr'>llis</span> <span class='ocrx_word' id='word_1_105' title='bbox 1140 2187 1226 2260; x_wconf 90' lang='lat' dir='ltr'>mihi</span> 
     </span>
     <span class='ocr_line' id='line_1_14' title="bbox 143 2307 1226 2403; baseline -0.001 -22"><span class='ocrx_word' id='word_1_106' title='bbox 143 2308 306 2403; x_wconf 89' lang='lat' dir='ltr'>equidem</span> <span class='ocrx_word' id='word_1_107' title='bbox 327 2310 362 2378; x_wconf 91' lang='lat' dir='ltr'>in</span> <span class='ocrx_word' id='word_1_108' title='bbox 383 2308 482 2394; x_wconf 88' lang='lat' dir='ltr'>loeis,</span> <span class='ocrx_word' id='word_1_109' title='bbox 499 2330 542 2380; x_wconf 89' lang='lat' dir='ltr'>ne</span> <span class='ocrx_word' id='word_1_110' title='bbox 559 2307 643 2401; x_wconf 90' lang='lat' dir='ltr'>quid</span> <span class='ocrx_word' id='word_1_111' title='bbox 663 2310 815 2393; x_wconf 84' lang='lat' dir='ltr'>nescius,</span> <span class='ocrx_word' id='word_1_112' title='bbox 830 2322 960 2402; x_wconf 84' lang='lat' dir='ltr'>praeter</span> <span class='ocrx_word' id='word_1_113' title='bbox 977 2310 1107 2383; x_wconf 87' lang='lat' dir='ltr'>amieos</span> <span class='ocrx_word' id='word_1_114' title='bbox 1127 2319 1226 2382; x_wconf 84' lang='lat' dir='ltr'>vete-</span> 
     </span>
     <span class='ocr_line' id='line_1_15' title="bbox 144 2431 1225 2524; baseline -0.002 -20"><span class='ocrx_word' id='word_1_115' title='bbox 144 2455 201 2504; x_wconf 88' lang='lat' dir='ltr'>res</span> <span class='ocrx_word' id='word_1_116' title='bbox 214 2433 343 2504; x_wconf 82' lang='lat' dir='ltr'>deesse</span> <span class='ocrx_word' id='word_1_117' title='bbox 356 2432 405 2502; x_wconf 93' lang='lat' dir='ltr'>nil</span> <span class='ocrx_word' id='word_1_118' title='bbox 418 2432 545 2518; x_wconf 86' lang='lat' dir='ltr'>sentio,</span> <span class='ocrx_word' id='word_1_119' title='bbox 563 2452 713 2524; x_wconf 90' lang='lat' dir='ltr'>quornm</span> <span class='ocrx_word' id='word_1_120' title='bbox 730 2452 789 2504; x_wconf 92' lang='lat' dir='ltr'>me</span> <span class='ocrx_word' id='word_1_121' title='bbox 807 2431 1019 2504; x_wconf 88' lang='lat' dir='ltr'>ditissimum</span> <span class='ocrx_word' id='word_1_122' title='bbox 1037 2443 1074 2505; x_wconf 88' lang='lat' dir='ltr'>et</span> <span class='ocrx_word' id='word_1_123' title='bbox 1088 2435 1225 2505; x_wconf 88' lang='lat' dir='ltr'>illorum</span> 
     </span>
     <span class='ocr_line' id='line_1_16' title="bbox 144 2555 1227 2648; baseline -0.002 -22"><span class='ocrx_word' id='word_1_124' title='bbox 144 2557 256 2626; x_wconf 84' lang='lat' dir='ltr'>virtus</span> <span class='ocrx_word' id='word_1_125' title='bbox 276 2564 312 2625; x_wconf 87' lang='lat' dir='ltr'>et</span> <span class='ocrx_word' id='word_1_126' title='bbox 332 2574 409 2625; x_wconf 92' lang='lat' dir='ltr'>mea</span> <span class='ocrx_word' id='word_1_127' title='bbox 431 2574 510 2626; x_wconf 90' lang='lat' dir='ltr'>sors</span> <span class='ocrx_word' id='word_1_128' title='bbox 531 2557 673 2637; x_wconf 78' lang='lat' dir='ltr'>leoemt3</span> <span class='ocrx_word' id='word_1_129' title='bbox 694 2556 832 2648; x_wconf 89' lang='lat' dir='ltr'>inopem</span> <span class='ocrx_word' id='word_1_130' title='bbox 853 2564 890 2624; x_wconf 91' lang='lat' dir='ltr'>et</span> <span class='ocrx_word' id='word_1_131' title='bbox 906 2576 1001 2625; x_wconf 91' lang='lat' dir='ltr'>mors</span> <span class='ocrx_word' id='word_1_132' title='bbox 1021 2555 1168 2647; x_wconf 84' lang='lat' dir='ltr'>pridem,</span> <span class='ocrx_word' id='word_1_133' title='bbox 1190 2565 1227 2627; x_wconf 90' lang='lat' dir='ltr'>et</span> 
     </span>
     <span class='ocr_line' id='line_1_17' title="bbox 144 2674 1226 2768; baseline -0.001 -21"><span class='ocrx_word' id='word_1_134' title='bbox 144 2699 235 2749; x_wconf 89' lang='lat' dir='ltr'>nuno</span> <span class='ocrx_word' id='word_1_135' title='bbox 255 2676 337 2748; x_wconf 87' lang='lat' dir='ltr'>lacit</span> <span class='ocrx_word' id='word_1_136' title='bbox 356 2674 526 2747; x_wconf 88' lang='lat' dir='ltr'>absentia.</span> <span class='ocrx_word' id='word_1_137' title='bbox 545 2677 714 2760; x_wconf 88' lang='lat' dir='ltr'>Quamvis</span> <span class='ocrx_word' id='word_1_138' title='bbox 729 2677 823 2747; x_wconf 88' lang='lat' dir='ltr'>enim</span> <span class='ocrx_word' id='word_1_139' title='bbox 845 2676 967 2746; x_wconf 90' lang='lat' dir='ltr'>vultus</span> <span class='ocrx_word' id='word_1_140' title='bbox 987 2687 1127 2768; x_wconf 85' lang='lat' dir='ltr'>separet</span> <span class='ocrx_word' id='word_1_141' title='bbox 1147 2674 1226 2747; x_wconf 89' lang='lat' dir='ltr'>illos</span> 
     </span>
     <span class='ocr_line' id='line_1_18' title="bbox 143 2797 1227 2893; baseline -0.001 -24"><span class='ocrx_word' id='word_1_142' title='bbox 143 2821 212 2871; x_wconf 92' lang='lat' dir='ltr'>non</span> <span class='ocrx_word' id='word_1_143' title='bbox 233 2802 383 2882; x_wconf 84' lang='lat' dir='ltr'>animus,</span> <span class='ocrx_word' id='word_1_144' title='bbox 406 2805 595 2869; x_wconf 89' lang='lat' dir='ltr'>esttamen</span> <span class='ocrx_word' id='word_1_145' title='bbox 616 2797 814 2889; x_wconf 78' lang='lat' dir='ltr'>praesentiae</span> <span class='ocrx_word' id='word_1_146' title='bbox 835 2797 1026 2893; x_wconf 89' lang='lat' dir='ltr'>corporalis</span> <span class='ocrx_word' id='word_1_147' title='bbox 1051 2818 1122 2868; x_wconf 92' lang='lat' dir='ltr'>non</span> <span class='ocrx_word' id='word_1_148' title='bbox 1147 2799 1227 2869; x_wconf 91' lang='lat' dir='ltr'>leve</span> 
     </span>
     <span class='ocr_line' id='line_1_19' title="bbox 143 2917 1227 3012; baseline 0.002 -21"><span class='ocrx_word' id='word_1_149' title='bbox 143 2920 374 3004; x_wconf 89' lang='lat' dir='ltr'>desiderium,</span> <span class='ocrx_word' id='word_1_150' title='bbox 396 2918 491 3012; x_wconf 91' lang='lat' dir='ltr'>quod</span> <span class='ocrx_word' id='word_1_151' title='bbox 512 2919 546 2988; x_wconf 92' lang='lat' dir='ltr'>in</span> <span class='ocrx_word' id='word_1_152' title='bbox 565 2917 644 2990; x_wconf 86' lang='lat' dir='ltr'>aliis</span> <span class='ocrx_word' id='word_1_153' title='bbox 664 2940 720 2990; x_wconf 89' lang='lat' dir='ltr'>me</span> <span class='ocrx_word' id='word_1_154' title='bbox 744 2920 843 2991; x_wconf 82' lang='lat' dir='ltr'>facile</span> <span class='ocrx_word' id='word_1_155' title='bbox 863 2920 1051 2992; x_wconf 86' lang='lat' dir='ltr'>leniturum</span> <span class='ocrx_word' id='word_1_156' title='bbox 1072 2922 1171 3006; x_wconf 85' lang='lat' dir='ltr'>seito,</span> <span class='ocrx_word' id='word_1_157' title='bbox 1195 2922 1227 2993; x_wconf 90' lang='lat' dir='ltr'>si</span> 
     </span>
     <span class='ocr_line' id='line_1_20' title="bbox 146 3041 1228 3126; baseline 0.001 -12"><span class='ocrx_word' id='word_1_158' title='bbox 146 3055 179 3114; x_wconf 89' lang='lat' dir='ltr'>te</span> <span class='ocrx_word' id='word_1_159' title='bbox 198 3041 298 3126; x_wconf 89' lang='lat' dir='ltr'>mihi,</span> <span class='ocrx_word' id='word_1_160' title='bbox 322 3044 352 3113; x_wconf 87' lang='lat' dir='ltr'>si</span> <span class='ocrx_word' id='word_1_161' title='bbox 377 3043 551 3114; x_wconf 84' lang='lat' dir='ltr'>Socratem</span> <span class='ocrx_word' id='word_1_162' title='bbox 580 3053 739 3113; x_wconf 90' lang='lat' dir='ltr'>nostrum</span> <span class='ocrx_word' id='word_1_163' title='bbox 763 3043 901 3112; x_wconf 79' lang='lat' dir='ltr'>fortuna</span> <span class='ocrx_word' id='word_1_164' title='bbox 927 3042 1097 3113; x_wconf 86' lang='lat' dir='ltr'>restituat.</span> <span class='ocrx_word' id='word_1_165' title='bbox 1124 3043 1228 3126; x_wconf 88' lang='lat' dir='ltr'>Quod</span> 
     </span>
     <span class='ocr_line' id='line_1_21' title="bbox 146 3163 1228 3260; baseline 0.001 -24"><span class='ocrx_word' id='word_1_166' title='bbox 146 3167 285 3260; x_wconf 87' lang='lat' dir='ltr'>speravi</span> <span class='ocrx_word' id='word_1_167' title='bbox 299 3165 370 3250; x_wconf 87' lang='lat' dir='ltr'>diu,</span> <span class='ocrx_word' id='word_1_168' title='bbox 384 3166 503 3249; x_wconf 79' lang='lat' dir='ltr'>fateor,</span> <span class='ocrx_word' id='word_1_169' title='bbox 518 3174 622 3259; x_wconf 90' lang='lat' dir='ltr'>atque</span> <span class='ocrx_word' id='word_1_170' title='bbox 641 3163 769 3257; x_wconf 87' lang='lat' dir='ltr'>optavi.</span> <span class='ocrx_word' id='word_1_171' title='bbox 789 3165 874 3235; x_wconf 92' lang='lat' dir='ltr'>Nolo</span> <span class='ocrx_word' id='word_1_172' title='bbox 887 3163 1027 3258; x_wconf 90' lang='lat' dir='ltr'>quidem</span> <span class='ocrx_word' id='word_1_173' title='bbox 1045 3186 1103 3236; x_wconf 90' lang='lat' dir='ltr'>me</span> <span class='ocrx_word' id='word_1_174' title='bbox 1119 3187 1228 3238; x_wconf 82' lang='lat' dir='ltr'>exou-</span> 
     </span>
     <span class='ocr_line' id='line_1_22' title="bbox 145 3285 1228 3383; baseline -0.001 -22"><span class='ocrx_word' id='word_1_175' title='bbox 145 3286 245 3361; x_wconf 87' lang='lat' dir='ltr'>sandi</span> <span class='ocrx_word' id='word_1_176' title='bbox 260 3288 377 3360; x_wconf 88' lang='lat' dir='ltr'>studio</span> <span class='ocrx_word' id='word_1_177' title='bbox 390 3288 589 3383; x_wconf 90' lang='lat' dir='ltr'>qnempiam</span> <span class='ocrx_word' id='word_1_178' title='bbox 602 3308 778 3369; x_wconf 81' lang='lat' dir='ltr'>aeousare,</span> <span class='ocrx_word' id='word_1_179' title='bbox 794 3285 857 3358; x_wconf 90' lang='lat' dir='ltr'>sed</span> <span class='ocrx_word' id='word_1_180' title='bbox 872 3288 902 3358; x_wconf 90' lang='lat' dir='ltr'>si</span> <span class='ocrx_word' id='word_1_181' title='bbox 915 3287 1069 3380; x_wconf 82' lang='lat' dir='ltr'>pergitis,</span> <span class='ocrx_word' id='word_1_182' title='bbox 1084 3287 1228 3381; x_wconf 91' lang='lat' dir='ltr'>quando</span> 
     </span>
     <span class='ocr_line' id='line_1_23' title="bbox 145 3410 1228 3504; baseline 0.002 -23"><span class='ocrx_word' id='word_1_183' title='bbox 145 3412 338 3482; x_wconf 91' lang='lat' dir='ltr'>remedium</span> <span class='ocrx_word' id='word_1_184' title='bbox 357 3410 453 3484; x_wconf 89' lang='lat' dir='ltr'>aliud</span> <span class='ocrx_word' id='word_1_185' title='bbox 467 3434 537 3484; x_wconf 91' lang='lat' dir='ltr'>non</span> <span class='ocrx_word' id='word_1_186' title='bbox 555 3422 624 3496; x_wconf 90' lang='lat' dir='ltr'>est,</span> <span class='ocrx_word' id='word_1_187' title='bbox 643 3410 849 3502; x_wconf 80' lang='lat' dir='ltr'>imaginaria</span> <span class='ocrx_word' id='word_1_188' title='bbox 866 3430 1022 3481; x_wconf 91' lang='lat' dir='ltr'>meorum</span> <span class='ocrx_word' id='word_1_189' title='bbox 1040 3411 1228 3504; x_wconf 84' lang='lat' dir='ltr'>praesentia</span> 
     </span>
     <span class='ocr_line' id='line_1_24' title="bbox 145 3531 1227 3628; baseline 0 -26"><span class='ocrx_word' id='word_1_190' title='bbox 145 3556 201 3605; x_wconf 94' lang='lat' dir='ltr'>me</span> <span class='ocrx_word' id='word_1_191' title='bbox 227 3532 380 3616; x_wconf 85' lang='lat' dir='ltr'>solabor,</span> <span class='ocrx_word' id='word_1_192' title='bbox 408 3535 523 3628; x_wconf 91' lang='lat' dir='ltr'>deque</span> <span class='ocrx_word' id='word_1_193' title='bbox 548 3535 604 3606; x_wconf 88' lang='lat' dir='ltr'>his</span> <span class='ocrx_word' id='word_1_194' title='bbox 629 3534 758 3605; x_wconf 90' lang='lat' dir='ltr'>sanctis</span> <span class='ocrx_word' id='word_1_195' title='bbox 783 3555 825 3604; x_wconf 90' lang='lat' dir='ltr'>ac</span> <span class='ocrx_word' id='word_1_196' title='bbox 851 3531 1070 3628; x_wconf 86' lang='lat' dir='ltr'>simplicibus</span> <span class='ocrx_word' id='word_1_197' title='bbox 1100 3533 1227 3604; x_wconf 88' lang='lat' dir='ltr'>Christi</span> 
     </span>
     <span class='ocr_line' id='line_1_25' title="bbox 144 3653 1227 3747; baseline 0.002 -23"><span class='ocrx_word' id='word_1_198' title='bbox 144 3654 265 3725; x_wconf 89' lang='lat' dir='ltr'>amieis</span> <span class='ocrx_word' id='word_1_199' title='bbox 285 3653 381 3747; x_wconf 91' lang='lat' dir='ltr'>quod</span> <span class='ocrx_word' id='word_1_200' title='bbox 400 3653 540 3727; x_wconf 87' lang='lat' dir='ltr'>dabitur</span> <span class='ocrx_word' id='word_1_201' title='bbox 558 3677 627 3727; x_wconf 93' lang='lat' dir='ltr'>non</span> <span class='ocrx_word' id='word_1_202' title='bbox 648 3655 810 3728; x_wconf 80' lang='lat' dir='ltr'>litteratae</span> <span class='ocrx_word' id='word_1_203' title='bbox 828 3657 909 3728; x_wconf 85' lang='lat' dir='ltr'>lieet</span> <span class='ocrx_word' id='word_1_204' title='bbox 924 3677 965 3728; x_wconf 88' lang='lat' dir='ltr'>au</span> <span class='ocrx_word' id='word_1_205' title='bbox 981 3656 1143 3728; x_wconf 81' lang='lat' dir='ltr'>laeundae</span> <span class='ocrx_word' id='word_1_206' title='bbox 1163 3653 1227 3727; x_wconf 88' lang='lat' dir='ltr'>sed</span> 
     </span>
     <span class='ocr_line' id='line_1_26' title="bbox 145 3775 1227 3870; baseline -0.001 -24"><span class='ocrx_word' id='word_1_207' title='bbox 145 3777 285 3848; x_wconf 92' lang='lat' dir='ltr'>humilis</span> <span class='ocrx_word' id='word_1_208' title='bbox 305 3788 340 3848; x_wconf 90' lang='lat' dir='ltr'>et</span> <span class='ocrx_word' id='word_1_209' title='bbox 359 3775 498 3849; x_wconf 83' lang='lat' dir='ltr'>devotae</span> <span class='ocrx_word' id='word_1_210' title='bbox 520 3777 795 3850; x_wconf 88' lang='lat' dir='ltr'>conversationis</span> <span class='ocrx_word' id='word_1_211' title='bbox 816 3778 966 3863; x_wconf 88' lang='lat' dir='ltr'>eliciam,</span> <span class='ocrx_word' id='word_1_212' title='bbox 995 3803 1074 3851; x_wconf 91' lang='lat' dir='ltr'>cnm</span> <span class='ocrx_word' id='word_1_213' title='bbox 1098 3776 1227 3870; x_wconf 90' lang='lat' dir='ltr'>quibus</span> 
     </span>
     <span class='ocr_line' id='line_1_27' title="bbox 145 3900 1225 3993; baseline -0.001 -26"><span class='ocrx_word' id='word_1_214' title='bbox 145 3919 224 3969; x_wconf 88' lang='lat' dir='ltr'>rara</span> <span class='ocrx_word' id='word_1_215' title='bbox 245 3901 342 3973; x_wconf 89' lang='lat' dir='ltr'>iuvat</span> <span class='ocrx_word' id='word_1_216' title='bbox 361 3901 450 3972; x_wconf 85' lang='lat' dir='ltr'>inire</span> <span class='ocrx_word' id='word_1_217' title='bbox 470 3901 649 3987; x_wconf 85' lang='lat' dir='ltr'>convivia,</span> <span class='ocrx_word' id='word_1_218' title='bbox 672 3900 792 3973; x_wconf 90' lang='lat' dir='ltr'>crebra</span> <span class='ocrx_word' id='word_1_219' title='bbox 814 3902 1000 3993; x_wconf 85' lang='lat' dir='ltr'>colloquia,</span> <span class='ocrx_word' id='word_1_220' title='bbox 1023 3908 1225 3992; x_wconf 88' lang='lat' dir='ltr'>perpetuam</span> 
     </span>
     <span class='ocr_line' id='line_1_28' title="bbox 145 4020 1227 4116; baseline 0.001 -26"><span class='ocrx_word' id='word_1_221' title='bbox 145 4020 335 4091; x_wconf 85' lang='lat' dir='ltr'>caritatem.</span> <span class='ocrx_word' id='word_1_222' title='bbox 367 4024 488 4116; x_wconf 91' lang='lat' dir='ltr'>Neque</span> <span class='ocrx_word' id='word_1_223' title='bbox 510 4022 668 4094; x_wconf 87' lang='lat' dir='ltr'>ultimum</span> <span class='ocrx_word' id='word_1_224' title='bbox 695 4026 779 4094; x_wconf 85' lang='lat' dir='ltr'>vilae</span> <span class='ocrx_word' id='word_1_225' title='bbox 803 4042 893 4093; x_wconf 83' lang='lat' dir='ltr'>meae</span> <span class='ocrx_word' id='word_1_226' title='bbox 918 4023 1110 4112; x_wconf 85' lang='lat' dir='ltr'>mortisque</span> <span class='ocrx_word' id='word_1_227' title='bbox 1136 4040 1227 4114; x_wconf 85' lang='lat' dir='ltr'>prae-</span> 
     </span>
     <span class='ocr_line' id='line_1_29' title="bbox 146 4141 1228 4238; baseline 0.003 -26"><span class='ocrx_word' id='word_1_228' title='bbox 146 4142 272 4212; x_wconf 88' lang='lat' dir='ltr'>sidium</span> <span class='ocrx_word' id='word_1_229' title='bbox 299 4142 333 4211; x_wconf 92' lang='lat' dir='ltr'>in</span> <span class='ocrx_word' id='word_1_230' title='bbox 359 4143 494 4215; x_wconf 87' lang='lat' dir='ltr'>illorum</span> <span class='ocrx_word' id='word_1_231' title='bbox 520 4145 735 4218; x_wconf 88' lang='lat' dir='ltr'>orationibus</span> <span class='ocrx_word' id='word_1_232' title='bbox 760 4146 865 4217; x_wconf 88' lang='lat' dir='ltr'>situm</span> <span class='ocrx_word' id='word_1_233' title='bbox 893 4165 1010 4238; x_wconf 87' lang='lat' dir='ltr'>spero,</span> <span class='ocrx_word' id='word_1_234' title='bbox 1038 4141 1168 4237; x_wconf 92' lang='lat' dir='ltr'>quibus</span> <span class='ocrx_word' id='word_1_235' title='bbox 1192 4154 1228 4215; x_wconf 87' lang='lat' dir='ltr'>et</span> 
     </span>
     <span class='ocr_line' id='line_1_30' title="bbox 146 4263 1223 4364; baseline -0.001 -28"><span class='ocrx_word' id='word_1_236' title='bbox 146 4276 182 4336; x_wconf 90' lang='lat' dir='ltr'>nt</span> <span class='ocrx_word' id='word_1_237' title='bbox 202 4278 279 4336; x_wconf 91' lang='lat' dir='ltr'>tuas</span> <span class='ocrx_word' id='word_1_238' title='bbox 297 4263 438 4336; x_wconf 88' lang='lat' dir='ltr'>adiicias</span> <span class='ocrx_word' id='word_1_239' title='bbox 456 4266 617 4351; x_wconf 90' lang='lat' dir='ltr'>obsecro,</span> <span class='ocrx_word' id='word_1_240' title='bbox 635 4280 672 4339; x_wconf 89' lang='lat' dir='ltr'>ut</span> <span class='ocrx_word' id='word_1_241' title='bbox 689 4271 839 4364; x_wconf 87' lang='lat' dir='ltr'>Spiritus</span> <span class='ocrx_word' id='word_1_242' title='bbox 856 4270 1004 4341; x_wconf 87' lang='lat' dir='ltr'>Sanctus</span> <span class='ocrx_word' id='word_1_243' title='bbox 1021 4266 1223 4347; x_wconf 89' lang='lat' dir='ltr'>adveniens,</span> 
     </span>
     <span class='ocr_line' id='line_1_31' title="bbox 145 4386 1223 4480; baseline -0.005 -20"><span class='ocrx_word' id='word_1_244' title='bbox 145 4394 200 4461; x_wconf 89' lang='lat' dir='ltr'>eui</span> <span class='ocrx_word' id='word_1_245' title='bbox 222 4391 412 4463; x_wconf 85' lang='lat' dir='ltr'>hodiernus</span> <span class='ocrx_word' id='word_1_246' title='bbox 434 4411 533 4461; x_wconf 87' lang='lat' dir='ltr'>sacer</span> <span class='ocrx_word' id='word_1_247' title='bbox 553 4398 608 4460; x_wconf 89' lang='lat' dir='ltr'>est</span> <span class='ocrx_word' id='word_1_248' title='bbox 632 4390 722 4477; x_wconf 89' lang='lat' dir='ltr'>dies,</span> <span class='ocrx_word' id='word_1_249' title='bbox 752 4393 886 4466; x_wconf 83' lang='lat' dir='ltr'>luseum</span> <span class='ocrx_word' id='word_1_250' title='bbox 914 4393 979 4464; x_wconf 81' lang='lat' dir='ltr'>lroe</span> <span class='ocrx_word' id='word_1_251' title='bbox 1004 4412 1045 4461; x_wconf 89' lang='lat' dir='ltr'>ao</span> <span class='ocrx_word' id='word_1_252' title='bbox 1071 4386 1223 4480; x_wconf 76' lang='lat' dir='ltr'>gelidum</span> 
     </span>
     <span class='ocr_line' id='line_1_32' title="bbox 145 4513 538 4585; baseline -0.005 -4"><span class='ocrx_word' id='word_1_253' title='bbox 145 4533 204 4581; x_wconf 86' lang='lat' dir='ltr'>eor</span> <span class='ocrx_word' id='word_1_254' title='bbox 225 4514 423 4585; x_wconf 81' lang='lat' dir='ltr'>inflammet.</span> <span class='ocrx_word' id='word_1_255' title='bbox 446 4513 538 4583; x_wconf 89' lang='lat' dir='ltr'>Vale.</span> 
     </span>
    </p>
   </div>
   <div class='ocr_carea' id='block_1_3' title="bbox 0 0 1382 5062">
    <p class='ocr_par' dir='ltr' id='par_1_3' title="bbox 0 0 1382 5062">
     <span class='ocr_line' id='line_1_33' title="bbox 0 0 1382 5062; baseline 0 0"><span class='ocrx_word' id='word_1_256' title='bbox 0 0 1382 5062; x_wconf 95' lang='lat' dir='ltr'> </span> 
     </span>
    </p>
   </div>
  </div>
 </body>
</html>
