2738 5062
144 674 201 739 lbi
483 689 524 736 ns
546 687 646 737 annus
668 687 888 737 raurmlaraus

143 827 322 909 claudius,
343 826 427 896 dum
449 824 635 896 luminibus
655 834 777 918 captus
805 824 1050 919 rempublicam
1075 827 1215 901 consilio

144 949 374 1044 gubernaret?
394 949 585 1042 Operosum
605 960 660 1020 est
679 949 794 1020 omnia
819 949 980 1040 gloriosae
1004 952 1216 1044 paupertatis

143 1075 304 1165 exempla
322 1073 491 1163 colligere.
510 1069 633 1143 Audeo
650 1082 765 1141 tamen
782 1070 968 1154 affirmare,
988 1072 1069 1143 licet
1083 1071 1217 1147 obstre-

142 1205 202 1289 pat
221 1194 417 1279 multitudo,
452 1193 499 1263 nil
528 1194 642 1285 magis
675 1213 780 1284 quam
816 1214 1051 1285 supervacuas
1076 1195 1217 1268 divitias

141 1319 267 1390 obesse
288 1316 490 1399 virtutibus,
518 1326 567 1400 et,
594 1338 639 1386 ne
671 1326 785 1387 certas
806 1316 964 1387 notiones
985 1338 1026 1389 ac
1046 1318 1217 1393 radicatus

142 1442 341 1514 medullitus
363 1441 541 1535 opiniones
563 1439 766 1522 convellam,
793 1439 888 1531 quod
913 1440 1004 1511 inter
1031 1442 1217 1535 scriptores

142 1588 258 1636 rerum
278 1576 423 1648 constal,
447 1567 589 1636 Romam
611 1561 787 1633 victricem
808 1562 963 1653 gentium
984 1564 1103 1635 vicere
1128 1564 1218 1637 divi·

143 1689 211 1772 tiae,
233 1710 298 1759 ncc
317 1687 460 1758 dubium
481 1698 536 1758 est
556 1708 624 1756 una
644 1687 836 1777 eademque
853 1684 962 1757 viaet
978 1697 1216 1783 paupertatem

142 1833 319 1885 romanam
334 1811 500 1896 exivisse,
515 1820 549 1880 et
566 1808 751 1902 peregrina
772 1808 990 1881 subintrasse
1008 1810 1151 1902 flagitia.
1168 1813 1218 1885 lla

141 1936 236 2028 quod
264 1934 416 2006 maxime
449 1942 549 2004 nocet
581 1930 773 2003 rectoribus
805 1931 999 2019 civitatum,
1035 1933 1073 2005 id
1106 1934 1164 2007 isti
1185 1934 1218 2006 ei

142 2059 293 2127 maxime
314 2058 530 2149 profuturum
547 2064 677 2151 putant,
698 2056 782 2138 sive,
801 2054 894 2147 quod
912 2055 1028 2151 polius
1046 2078 1136 2142 reor,
1155 2080 1218 2153 pu·

143 2188 216 2249 tare
250 2200 288 2248 se
323 2179 494 2248 simulant.
530 2178 712 2271 Reliquum
736 2188 792 2248 est
818 2185 856 2247 ut
881 2176 1054 2249 veriorem
1073 2200 1215 2251 causum

142 2300 351 2393 praesidendi
371 2299 542 2393 cupidinis
563 2300 789 2391 inquiramus.
812 2300 863 2371 Ea
884 2322 968 2372 vero
989 2323 1059 2372 non
1080 2303 1150 2374 alte
1168 2304 1217 2373 lo

142 2423 315 2496 dienlibus
331 2430 460 2515 praesto
472 2434 536 2493 est.
551 2423 677 2495 Omitto
690 2424 881 2509 avaritiam,
896 2447 986 2518 quae,
1000 2428 1068 2498 etsi
1084 2428 1217 2521 maguis

142 2546 276 2618 indiciis
291 2557 454 2642 suspecta
468 2547 525 2631 sit,
548 2557 688 2642 propter
709 2548 927 2618 honestatem
948 2552 1142 2642 quamdam
1159 2574 1218 2625 no

143 2668 264 2740 minari
286 2670 319 2738 in
338 2670 403 2741 boc
429 2691 589 2742 sermone
609 2669 694 2741 mibi
720 2668 861 2741 videtur
885 2671 1027 2763 quidem
1053 2673 1216 2767 indigna,

142 2816 184 2865 co
197 2792 291 2887 quod
303 2816 345 2865 ea
363 2794 397 2863 in
414 2794 538 2866 animis
548 2793 721 2865 nobilibus
736 2794 936 2885 turpissime
951 2794 1099 2882 habitat,
1115 2798 1218 2871 immo

139 2919 259 3009 procul
281 2918 361 2990 inde
382 2920 514 3002 exulat3
537 2918 600 2991 sed
620 2920 743 3011 loquor
767 2941 858 2990 nuno
879 2919 923 2989 dc
945 2918 1125 2993 nobilitate
1144 2922 1219 2993 vul·

141 3042 226 3133 gari.
249 3042 454 3135 Superbiam
474 3042 579 3134 igitur
600 3044 710 3113 solum
732 3041 809 3113 dico
830 3063 1012 3112 commune
1033 3043 1217 3116 nobilitatis

140 3168 282 3249 nralnm,
305 3176 343 3235 ut
364 3165 548 3235 Sallustius
570 3164 629 3247 ait,
653 3187 720 3234 non
740 3165 859 3257 ulique
877 3185 1002 3236 novam
1028 3179 1168 3261 pestem
1186 3166 1241 3237 in'

139 3286 327 3378 republica.
350 3285 528 3378 Siquidem
554 3296 589 3356 et
615 3307 717 3356 veros
740 3287 815 3358 illos
836 3297 871 3360 et
888 3298 1028 3359 veteres
1047 3292 1218 3363 Romanos

140 3408 266 3498 attigit,
289 3408 447 3499 interque
467 3406 616 3479 virtutes
636 3408 809 3479 maximas
830 3410 958 3482 lividus
980 3421 1096 3483 tumor
1121 3413 1218 3486 obre

140 3530 224 3621 psit,
249 3551 386 3623 semper
406 3542 522 3601 tamen
542 3530 745 3603 humilitatis
766 3533 939 3623 gravitate
958 3542 1217 3627 compressum·

141 3662 259 3725 vestro
280 3664 314 3724 et
334 3676 441 3738 nunc,
464 3662 504 3724 ut
521 3675 635 3749 spero,
659 3654 899 3746 gloriosissimi
924 3665 1053 3749 patres,
1079 3658 1219 3731 arbitrio

141 3777 449 3871 comprimendum.
471 3778 585 3870 Egere
607 3777 748 3848 videtur
768 3800 825 3848 res
846 3782 1021 3872 exemplo.

243 3902 312 3970 lam
332 3897 377 3971 ab
397 3901 492 3972 initio
512 3900 611 3995 plebs
631 3922 773 3972 romana
794 3902 992 3974 inhumanis
1014 3905 1153 3978 iniuriis
1173 3906 1221 3976 ul·

142 4023 239 4106 lecta,
262 4046 345 4095 suos
367 4025 593 4116 magistratus
611 4033 647 4095 et
663 4023 831 4095 libertatis
852 4024 1030 4116 ambiguae
1050 4038 1219 4122 patronos

142 4163 181 4212 ac
202 4144 358 4217 vindices
379 4147 555 4240 poscebat.
573 4146 652 4219 Acri
672 4146 832 4220 nobilitas
854 4148 1043 4219 adversata
1064 4151 1224 4225 luctami-

143 4285 198 4333 ne:
222 4263 300 4333 binc
321 4267 356 4334 in
378 4288 516 4337 sacrum
537 4280 689 4340 montem
711 4269 820 4362 prima
843 4271 1007 4340 secessio.
1033 4272 1128 4345 Vicit
1150 4285 1225 4346 tau·

141 4388 221 4460 dem
244 4385 443 4481 superbiam
464 4388 627 4461 nobilium
645 4390 779 4483 plebeia
797 4392 943 4479 iustitia,
963 4403 1010 4480 et,
1030 4398 1225 4470 reclaman-

141 4510 234 4583 tibus
249 4509 481 4604 nequidquam
499 4510 668 4601 patriciis,
689 4521 770 4584 tunc
787 4515 937 4606 primum
955 4519 1071 4589 calcar
1084 4520 1226 4592 unicum
