2738 5062
395 651 486 700 uuruu
508 652 932 704 accusemus-unsrun
954 657 1003 705 xv.
1167 644 1223 705 νὶθΙ

152 788 278 872 sentim·
292 810 399 882 quam
418 789 558 860 minime
576 789 692 872 velim,
712 790 901 862 adulatoris
919 790 1072 882 effigiem
1090 810 1230 875 veroum

151 912 179 981 si
198 911 332 995 minuS,
355 911 493 1003 ingrate
521 914 548 982 si
571 913 677 995 aliud,
699 914 885 997 dementis
906 916 934 986 si
955 915 1054 1001 nihil,
1078 915 1228 1009 superbi.

150 1033 386 1127 Respondebo
406 1045 518 1106 tamen
536 1058 579 1106 eu
604 1037 679 1129 ipsu
705 1060 864 1110 sermone
882 1061 951 1132 quo
972 1039 1110 1131 scriptae
1133 1049 1227 1119 sunt,

150 1165 184 1227 et
199 1157 247 1226 illi
264 1154 407 1249 quidem
439 1156 532 1248 quod
564 1167 732 1229 occurret.
755 1158 829 1229 Tibi
852 1159 897 1230 de
917 1160 1041 1231 litteris
1063 1161 1136 1230 suis
1163 1159 1229 1231 huc

151 1303 274 1350 unum:
292 1279 389 1361 nihil,
411 1300 466 1349 me
487 1279 612 1364 iudice,
645 1282 805 1366 suavius
840 1282 923 1353 nihil
959 1283 1114 1366 brevius,
1144 1282 1226 1352 nihil

151 1400 341 1486 efficacius,
364 1403 447 1473 nihil
469 1402 648 1475 urbanius:
669 1416 705 1475 ut
721 1404 864 1476 dubium
885 1405 968 1475 milri
987 1407 1014 1475 si
1034 1405 1127 1498 quod
1147 1415 1228 1475 ante

152 1528 286 1611 luisset,
309 1526 414 1599 hodie
446 1528 575 1598 nullum
598 1527 656 1612 sit,
681 1549 807 1619 magun
827 1550 874 1598 en
901 1538 998 1620 parte
1026 1526 1227 1597 naturaliter

151 1651 381 1743 eloquentiam
403 1650 531 1734 inesse,
559 1651 804 1744 aliquantoque
826 1652 859 1721 in
881 1650 945 1720 hae
965 1670 1069 1743 quam
1092 1649 1125 1717 in
1148 1648 1227 1718 reli-

152 1771 225 1862 quis
249 1771 368 1844 studio
385 1773 499 1844 minus
520 1775 590 1865 agi:
613 1772 675 1845 sed
695 1795 763 1843 non
784 1795 892 1866 parva
912 1773 1061 1864 quaestio
1078 1780 1144 1853 est,
1164 1792 1227 1841 nec

151 1895 255 1967 huius
273 1896 439 1990 temporis
462 1907 522 1967 aut
541 1896 615 1967 loci.
640 1895 694 1967 Ad
720 1896 852 1967 litteras
883 1907 959 1966 tuas
990 1895 1103 1965 venio.
1125 1892 1226 1977 Quod
1262 1900 1265 1905 “

151 2017 420 2090 admonitionem
440 2040 549 2090 meam
571 2042 676 2112 super
688 2019 818 2111 exiguo
838 2029 874 2089 et
891 2017 986 2089 haud
1005 2018 1111 2090 dubie
1127 2018 1226 2090 inad-

150 2148 327 2213 vertenler
351 2141 505 2213 admisso
526 2142 630 2212 unius
651 2143 698 2213 tui
719 2142 882 2215 carminis
906 2141 1042 2213 delectu
1064 2152 1132 2213 tarn
1154 2165 1223 2213 non

151 2267 254 2338 modo
285 2265 455 2358 patienter
488 2266 721 2357 amplecteris
756 2265 819 2337 sed
853 2275 1030 2358 gratanter
1054 2265 1157 2338 etiam
1184 2287 1224 2336 ac

150 2388 245 2473 laete,
269 2387 368 2469 lacis,
392 2398 430 2458 ut
451 2389 558 2470 solea,
579 2389 672 2479 quod
697 2391 763 2460 tale
787 2390 889 2461 decet
914 2389 1106 2480 ingenium3
1132 2386 1223 2459 docti

149 2519 182 2580 et
192 2507 342 2580 modesti
360 2506 463 2579 animi
482 2508 699 2580 notissimum
719 2511 855 2602 signum
871 2511 1024 2602 praefers.
1039 2511 1221 2601 Nunquam

150 2635 303 2727 prolecto
322 2633 380 2701 vel
400 2642 437 2701 tu
457 2630 552 2702 istud
575 2632 725 2712 diceres
748 2631 814 2701 nisi
840 2652 941 2701 esses
963 2631 1055 2714 talis,
1074 2633 1131 2699 vel
1156 2650 1224 2720 ego

149 2755 229 2828 illud
242 2752 494 2838 meminissem,
510 2754 575 2824 uisi
598 2764 632 2823 te
653 2755 755 2823 talem
774 2753 909 2823 scirem.
925 2753 964 2822 lu
975 2773 1017 2821 eo
1032 2772 1116 2855 sane
1129 2753 1223 2842 quod

144 2887 179 2948 'te
202 2860 321 2949 rer'um
343 2897 499 2947 mearum
525 2876 741 2947 defensorem
763 2895 804 2945 ac
830 2894 1026 2966 praeconem
1052 2873 1222 2959 exhibeS‚

148 3022 217 3072 rem
239 3000 326 3072 sacis
347 2999 481 3069 etmihi
504 2997 736 3069 necessariam
763 3007 797 3067 et
824 2996 1003 3066 honestam
1026 2994 1107 3077 tibi,
1137 2997 1220 3082 sed,

148 3123 229 3194 mihi
264 3121 378 3204 crede,
409 3141 478 3191 non
512 3117 655 3191 facilem.
689 3119 835 3190 Multum
864 3117 997 3210 negocii
1024 3116 1135 3187 subis:
1159 3119 1222 3188 sed

146 3266 264 3337 perge,
284 3266 420 3337 quaeso,
443 3255 478 3314 et
498 3243 544 3316 ita
564 3246 632 3314 sae:
653 3243 815 3336 quamvis
836 3241 928 3313 enim
952 3252 988 3313 tu
1011 3240 1220 3314 contrarium

144 3364 255 3450 dicas,
276 3375 325 3449 et,
344 3363 506 3457 quoniam
527 3385 716 3457 persuasor
738 3365 890 3458 optimus
907 3374 963 3435 est
989 3386 1104 3447 amor,
1133 3364 1222 3433 sorte

142 3488 419 3577 etiam0sentiaS,
450 3509 518 3580 ego
547 3499 662 3559 tamen
695 3488 741 3559 ita
775 3489 899 3572 sentio,
935 3510 1012 3561 mea
1045 3488 1161 3558 omnia
1186 3499 1221 3558 et

143 3610 333 3681 amicorum
351 3609 515 3705 praesidio
533 3631 653 3702 egere,
671 3620 706 3681 et
722 3610 917 3682 auditorum
939 3610 1116 3704 patientia
1140 3630 1218 3678 narn

142 3745 176 3804 et
195 3732 331 3823 fragilia
359 3744 394 3802 et
428 3734 554 3803 inculta
579 3743 674 3817 sunt,
705 3746 740 3805 el
773 3753 867 3826 saepe
887 3734 1156 3825 occupatissimo
1183 3736 1217 3803 iu

141 3854 218 3926 aliis
239 3855 354 3925 animo
375 3856 502 3949 elapsa.
526 3855 627 3938 Quod
647 3856 751 3947 igitur
772 3865 894 3949 sponte
914 3855 1013 3938 facis,
1033 3865 1152 3927 oratus
1170 3858 1185 3926 s
1203 3898 1219 3907 -

140 3976 222 4053 cito:
242 3976 378 4068 fragilia
398 3999 467 4069 qua
488 3989 587 4070 potes
608 3978 747 4059 adiuva,
770 3978 898 4048 inculta
918 3977 1068 4059 extolle,
1097 3999 1217 4070 sparsa

139 4101 354 4190 conglutina;
375 4100 522 4193 primum
549 4098 675 4191 ingenii
696 4098 845 4180 viribus
873 4097 1061 4168 seeundum
1082 4101 1219 4191 eloquio

140 4233 175 4293 et
198 4224 256 4293 vel
278 4221 452 4293 suavitate
476 4224 532 4292 vel
556 4220 743 4293 acrimonia
776 4221 872 4290 vocis
902 4218 1045 4292 efficies:
1077 4223 1215 4292 tertium

141 4343 288 4416 artifieio
304 4345 521 4438 disponendi,
544 4349 646 4417 ,lrrna
669 4341 726 4412 libi
750 4352 823 4428 tua,
846 4344 973 4437 quibus
994 4369 1050 4418 me
1071 4346 1217 4416 adiuves

141 4467 298 4539 ostendo.
320 4467 389 4537 Neo
412 4467 469 4536 tibi
492 4491 554 4539 nec
572 4466 652 4538 milri
676 4467 826 4538 suadeas
854 4492 921 4537 nou
941 4492 1020 4540 esse
1041 4490 1216 4562 opuseu-
