2738 5062
412 744 505 793 arnna
526 744 854 795 nouus-errarent
875 747 916 795 rx.
1164 736 1203 797 35

118 860 274 945 babebis,
293 859 352 951 qui
369 868 566 931 consortem
589 871 622 931 te
643 870 750 932 tantae
767 862 816 933 rei
837 863 975 934 fecerim
991 887 999 945 ;
1017 863 1082 935 etsi
1101 867 1202 959 plane

116 984 254 1055 videam
273 1004 381 1075 quarn
403 983 561 1053 incautus
576 983 656 1065 sim,
672 983 731 1076 qui
748 984 838 1055 duos
855 987 942 1057 tales
959 984 1055 1057 viros
1073 988 1200 1070 uniam,

114 1126 265 1198 quorum
286 1104 509 1176 conversatio
525 1116 561 1177 et
578 1116 697 1177 mutua
716 1105 856 1177 virtutis
874 1107 1057 1179 admiratio
1075 1110 1204 1180 atrius-

113 1226 251 1319 quade
275 1247 332 1296 me
352 1225 518 1298 iudicium
544 1227 704 1298 fortassis
726 1226 917 1298 imminuat.
939 1226 1008 1298 Sed
1027 1228 1132 1300 modo
1156 1252 1202 1301 ne

115 1369 215 1420 amor
246 1347 495 1418 detrimentum
526 1347 667 1431 sentiat,
696 1346 796 1418 cuius
830 1348 944 1439 magis
978 1361 1201 1440 augmentum

115 1491 233 1566 spero,
254 1468 300 1539 de
320 1468 448 1540 iudicio
475 1479 513 1540 ut
536 1469 628 1541 libet.
656 1469 753 1540 Tanti
777 1480 833 1540 est
858 1468 958 1542 fides.
983 1472 1080 1544 Vale.

257 1613 398 1681 Mantum,
414 1612 469 1667 1111
484 1612 548 1667 Kal.
563 1613 639 1668 Julii.

547 1986 725 2052 spissata
746 1988 779 2051 X.

293 2184 489 2235 aaaaclscus
507 2183 676 2233 batanaea
698 2183 800 2233 LAELIO
822 2183 881 2234 SUO
903 2185 929 2233 S.
950 2185 978 2232 Ρ.
1001 2185 1032 2233 D.

159 2348 316 2420 Singularis
330 2347 460 2420 quadam
474 2346 509 2402 de
523 2363 601 2404 omna
614 2348 666 2404 sibi
680 2354 791 2422 parata;
807 2353 836 2404 et
850 2348 932 2403 amici
944 2348 1158 2404 commendatio.

217 2582 301 2653 Laeli
321 2582 516 2669 carissime,
541 2584 569 2655 si
592 2585 702 2657 scires
722 2585 862 2678 quando
882 2596 918 2655 ct
938 2584 998 2654 ubi
1019 2585 1096 2657 haec
1117 2580 1203 2654 scri·

119 2703 175 2788 bo,
198 2704 274 2798 ipsa
299 2704 521 2798 temporisne
541 2707 604 2777 loci
627 2706 731 2777 iacies
753 2709 924 2777 calamum
946 2715 1145 2787 excusaret,
1167 2711 1203 2773 ct

121 2827 179 2898 tibi
204 2826 273 2897 mei
300 2848 439 2920 semper
465 2828 536 2899 voti
563 2837 687 2921 sponte
711 2827 882 2897 oblivioso
906 2829 1019 2897 caicar
1045 2825 1200 2896 adderet.

120 2948 329 3042 Intempesta
351 2972 422 3021 nox
439 2960 509 3032 est,
531 2970 597 3039 ego
617 2959 733 3018 autem
754 2947 925 3017 Luciariae
947 2967 1040 3027 sum,
1063 2965 1133 3035 quo
1158 2944 1201 3015 ad

121 3091 301 3163 vesperam
324 3071 405 3142 veni
425 3072 567 3143 Mantua
587 3069 771 3161 digressus
792 3074 961 3158 vergente
987 3067 1054 3136 iam
1075 3066 1120 3136 ad
1145 3087 1204 3136 oc-

119 3214 238 3263 casum
262 3193 330 3265 die.
357 3194 475 3264 AEstas
496 3192 577 3264 anni
599 3202 676 3275 est;
702 3201 737 3263 et
760 3189 849 3261 leoni
877 3210 1002 3260 cancer
1022 3187 1203 3282 pharetra-

121 3325 191 3386 tum
225 3316 396 3409 hospitem
425 3316 560 3388 mittere
591 3315 729 3408 cogitat.
756 3317 841 3386 Tum
874 3313 969 3405 qnod
1002 3310 1199 3394 miraberis,

119 3435 223 3506 flante
248 3457 312 3530 per
336 3438 402 3508 bns
425 3438 502 3509 dies
521 3449 648 3523 austro,
669 3436 862 3529 solutisque
884 3433 1025 3505 nivibus
1046 3432 1200 3542 Alpium,

121 3558 284 3630 tumentis
307 3580 493 3654 parumper
518 3562 601 3634 Padi
623 3559 749 3631 vicinia
770 3579 869 3655 paene
893 3557 994 3629 nobis
1016 3557 1204 3628 inaccessi-

122 3678 200 3752 bitis
220 3684 316 3754 locus
337 3683 410 3754 init.
427 3683 550 3754 Omnia
570 3683 699 3754 circum
726 3681 806 3752 limo
826 3680 961 3752 obsita:
982 3677 1122 3772 qnando
1144 3701 1203 3750 su-

124 3812 240 3896 specta
259 3804 362 3875 etiam
390 3803 557 3875 scatebris
578 3802 634 3873 via
656 3813 730 3887 est,
750 3801 830 3871 inde
847 3801 910 3870 vix
935 3820 1046 3892 equos
1072 3798 1204 3870 avulsi-

122 3945 211 3995 mus.
231 3925 294 3997 Hic
310 3946 396 4000 vero
417 3948 523 4019 supra
543 3948 647 4018 quam
670 3924 743 3996 ficri
764 3945 870 4020 posse
890 3922 1060 4006 videatur,
1081 3922 1201 3993 iucun-

121 4044 266 4120 dissime
285 4048 451 4141 excipior.
473 4048 627 4119 Nuncius
647 4047 867 4118 dominorum
889 4067 945 4116 me
966 4052 1198 4139 praevenerat,

120 4189 268 4260 quornm
290 4189 386 4263 saepe
407 4167 674 4261 magnificentie
701 4169 774 4262 ipsa
796 4189 911 4239 rerum
933 4177 1055 4237 natura
1077 4186 1200 4236 succu-

121 4289 204 4361 buit.
225 4289 402 4387 apparata
422 4293 562 4385 opipare
584 4313 683 4363 omna
703 4299 789 4359 erat.
808 4289 964 4359 Externa
983 4286 1080 4372 vina,
1101 4308 1200 4380 pere-

120 4412 231 4503 grinae
250 4415 379 4507 epulae,
397 4413 596 4508 obsequiosi
615 4412 786 4506 hospites,
809 4410 879 4483 laeti
898 4411 1030 4494 vuitus
1052 4410 1201 4501 denique

122 4534 256 4609 urbana
284 4536 400 4609 omnia
433 4547 560 4631 praeter
594 4538 720 4617 locum,
753 4534 812 4626 qni
840 4533 952 4627 quatis
982 4532 1108 4625 hyeme
1140 4527 1199 4607 sit,
