2738 5062
475 654 515 701 DE
537 653 637 702 anans
659 653 879 703 rtnttlttttatls

563 932 738 997 aristote
759 934 790 994 ll.

168 1123 360 1174 rntnctscus
381 1120 549 1170 ennuntiat
569 1120 707 1169 NICOLAO
728 1119 848 1169 SYGERO
868 1118 977 1167 MAGNO
998 1117 1197 1168 {bruneberi

374 1224 584 1274 turannroals
605 1223 984 1273 consrtnrlnoeottrent.

259 1406 416 1460 Gratiarum
431 1404 501 1458 actio
516 1403 550 1458 de
565 1403 678 1458 llomeri
691 1404 771 1459 libris
786 1404 820 1459 ab
835 1421 868 1460 eo
883 1404 955 1459 dono
970 1406 1099 1476 acceptis.

239 1640 328 1710 Clari
348 1638 466 1719 animi,
486 1638 618 1706 clarum
639 1656 776 1719 munus,
793 1643 832 1705 ut
847 1634 978 1716 decuit,
997 1634 1074 1704 luit:
1092 1657 1220 1729 opera-

141 1765 251 1833 tiones
284 1760 376 1831 enim
409 1757 584 1829 hominurn
620 1757 773 1827 animum
808 1756 998 1839 imitantur,
1031 1767 1068 1827 et
1103 1757 1218 1850 qualis

141 1885 289 1976 quisque
310 1878 354 1951 sit
374 1900 422 1949 ex
446 1886 585 1949 actuum
607 1877 771 1969 qualitate
790 1875 1010 1969 conspicitur.
1032 1877 1219 1969 Singulare

140 2003 271 2096 aliquid
292 2011 325 2071 te
345 1998 506 2071 docebat:
528 2019 654 2090 nempe
675 1998 861 2090 singularis
882 2018 922 2068 es
941 1998 1007 2081 vir,
1026 2010 1063 2069 et
1078 1997 1125 2070 ab
1145 2000 1219 2071 acie

140 2125 277 2215 vulgari
299 2133 368 2194 tota
389 2121 575 2192 intentione
599 2121 864 2191 remotissimus
891 2120 927 2189 Si
952 2142 1054 2191 esses
1081 2143 1173 2193 unus
1197 2145 1218 2193 e

141 2250 279 2340 populo,
301 2245 446 2315 fecisses
465 2254 503 2313 ut
519 2244 655 2337 reliqui,
673 2266 765 2315 nunc
781 2250 897 2315 autem
915 2244 1067 2335 implesti
1085 2245 1220 2336 magni-

141 2367 205 2437 fice
224 2365 318 2458 quod
336 2376 432 2434 tuum
449 2375 537 2447 erat,
556 2388 695 2458 unoque
713 2377 792 2437 actu
808 2376 843 2437 et
859 2366 1043 2437 amicitiam
1065 2376 1102 2437 et
1124 2368 1219 2458 inge

141 2489 236 2560 nium
258 2486 434 2581 aptissime
455 2485 648 2557 declarasti.
670 2488 794 2578 lllisisti
814 2488 905 2558 enim
927 2488 972 2559 ad
998 2510 1055 2560 me
1080 2491 1126 2563 de
1150 2491 1219 2561 Eu·

143 2634 238 2705 ropae
258 2610 388 2681 ultimis
412 2607 558 2691 donum,
585 2629 655 2700 quo
681 2612 812 2680 nullum
839 2613 895 2680 vel
922 2619 955 2680 te
978 2608 1136 2701 dignius,
1163 2615 1218 2683 vel

142 2732 225 2804 mihi
243 2732 393 2825 gratius,
416 2731 472 2800 vel
490 2729 604 2820 reipsa
622 2729 771 2801 nobilius
790 2732 924 2802 mittere
942 2733 1130 2824 potuisses.
1148 2736 1218 2805 lla·

142 2876 232 2946 gnus
254 2853 309 2924 ille
331 2875 394 2923 rex
412 2853 522 2947 Syriae
539 2850 739 2934 Antiochus
761 2862 798 2924 ut
813 2853 954 2945 quidam
976 2865 1112 2946 putant,
1136 2857 1216 2940 sive,

142 2988 181 3049 ut
203 2976 354 3047 Ciceroni
377 2978 501 3069 placet,
536 2998 600 3046 rex
633 2978 901 3066 Pergameorum
932 2975 1070 3049 Attalus
1101 2977 1218 3049 Publio

143 3098 290 3192 Scipioni
313 3096 655 3189 magnificentissima
678 3098 784 3181 dona,
807 3120 918 3191 usque
939 3098 984 3170 ad
1000 3100 1217 3172 Numantiam

144 3222 237 3292 misit
253 3243 299 3292 ex
317 3220 413 3304 Asia,
433 3243 513 3313 quae
529 3221 584 3292 ille
602 3222 655 3291 vir
672 3220 887 3291 clarissimus
907 3242 973 3291 non
988 3221 1215 3305 abscondidit,

145 3341 218 3426 sed,
245 3356 280 3413 ut
300 3344 348 3413 ait
368 3342 472 3425 idem,
505 3343 719 3437 inspectante
744 3343 899 3435 suscepit
923 3346 1093 3429 exercitu,
1122 3348 1218 3419 cuius

144 3484 233 3532 avus
255 3463 437 3534 Africanus
459 3465 515 3534 illc
536 3466 705 3557 superior,
729 3465 877 3556 insignia
899 3488 1043 3538 munera
1061 3469 1218 3540 Masinis-

89 3585 92 3589 ’
145 3606 195 3655 sae
216 3584 288 3675 regi
307 3585 431 3674 legitur
451 3586 614 3669 donasse,
634 3588 773 3657 virtutis
795 3588 841 3657 ob
861 3591 1039 3673 meritum,
1059 3594 1141 3685 quia
1155 3595 1219 3665 ilo·

147 3728 285 3777 manum
313 3706 505 3776 exercitum
532 3707 636 3777 enixe
661 3707 849 3780 admodum
883 3712 917 3780 in
951 3711 1040 3783 bello
1073 3715 1218 3787 iuverat.

146 3832 271 3903 Fecere
290 3832 379 3903 idern
403 3851 497 3924 saepe
517 3829 583 3898 alii.
602 3831 721 3923 Neque
741 3834 832 3903 onim
853 3835 958 3906 modo
975 3836 1132 3929 publicas
1153 3840 1220 3935 pri·

148 3966 315 4049 natasque
337 3952 588 4024 munificentias
621 3976 804 4027 enumero:
839 3957 900 4027 sed
934 3960 1066 4050 attingo
1088 3961 1220 4055 aliquas
1264 3952 1270 3965 ’

145 4096 292 4164 quarum
314 4079 421 4147 relatu
443 4076 541 4146 facile
561 4075 646 4169 quid
673 4078 737 4147 sim
764 4078 927 4151 dicturus.
943 4080 1128 4173 intelligas.
1155 4085 1221 4155 Do·

146 4207 229 4266 nant
260 4221 381 4269 aurum
416 4199 574 4291 quidam,
607 4201 663 4269 vel
695 4210 889 4291 argentum,
918 4202 1222 4296 concupiscibilem

146 4316 246 4401 torte,
271 4320 333 4389 sod
352 4331 444 4390 certe
471 4320 799 4411 periculosissimam
820 4333 923 4393 terrae
941 4327 1060 4396 secem.
1088 4329 1225 4399 Donant

147 4439 254 4529 spolia
282 4440 375 4511 rubri
403 4441 507 4511 maris
538 4452 574 4511 et
606 4444 695 4533 algae
723 4442 856 4513 ditioris
889 4445 1053 4527 exuvias,
1090 4448 1225 4539 lapillos
