2738 5062
180 649 221 710 40
521 663 562 709 nn
584 661 685 711 nenos
707 661 928 711 snutnrnntnus

181 793 341 853 amantes
362 781 429 850 mei
455 779 603 851 nominis
629 789 817 872 utcumque
838 777 1012 863 custodio,
1033 776 1081 849 ad
1100 777 1267 871 incogniti

181 902 303 975 iudicis
325 903 475 973 tribunal
496 901 640 974 invitam
663 901 785 973 trahis.
803 902 890 973 Nam
907 901 1001 995 quod
1018 910 1266 994 argumentum

181 1012 290 1096 habes
304 1027 380 1097 eius
393 1027 449 1097 cui
463 1049 574 1121 nuper
588 1027 726 1098 hortatu
740 1037 800 1096 tuo
813 1025 1020 1120 scripserim,
1038 1032 1075 1095 ut
1087 1033 1267 1097 utcaetera

180 1159 303 1221 cuncta
326 1149 449 1220 similia
471 1149 540 1220 sint
558 1149 610 1220 eis
632 1169 712 1241 quac
731 1148 915 1219 dissimilia
932 1168 1015 1219 esse
1031 1159 1187 1241 possunt,
1208 1152 1267 1221 vel

179 1271 278 1362 origo
300 1274 374 1343 sola
395 1271 509 1344 reddit
528 1261 729 1343 invalidum.
749 1271 782 1342 ls
802 1271 909 1354 enim,
932 1271 978 1342 ad
998 1292 1103 1363 quem
1125 1272 1264 1377 scripsi,

179 1394 302 1477 ltalus,
326 1394 392 1478 bic,
415 1392 459 1464 ad
476 1415 581 1485 quem
600 1392 703 1463 scribi
721 1391 832 1475 iubes,
850 1403 905 1464 cst
925 1394 1093 1477 Dalmata,
1116 1403 1157 1464 ut
1176 1395 1266 1466 coelo

180 1515 231 1588 sic
253 1515 331 1587 stilo
351 1514 450 1586 alteri
476 1517 706 1586 assuefactus.
734 1515 847 1586 Unum
867 1535 965 1585 mare
987 1524 1043 1586 est
1063 1515 1178 1602 nobis,
1200 1517 1265 1589 sed

178 1657 247 1708 non
262 1659 369 1707 unum
383 1635 474 1721 litus
494 1659 562 1709 non
580 1657 673 1707 unus
690 1635 836 1720 animus,
855 1656 923 1706 non
942 1659 1050 1707 unum
1068 1637 1263 1729 ingenium,

179 1779 249 1830 non
268 1781 360 1830 unus
377 1759 529 1851 deniqne
548 1780 610 1830 seu
627 1758 771 1829 vivendi
790 1779 851 1829 seu
871 1757 1034 1849 loquendi
1047 1779 1135 1830 mos.
1151 1760 1265 1853 thue

179 1904 244 1955 nos
262 1903 282 1952 a
299 1882 405 1953 Gallis
425 1903 466 1952 ac
485 1880 665 1952 Germanis
683 1879 791 1976 Alpes
811 1879 926 1963 aeriae,
949 1878 995 1949 ab
1015 1878 1108 1950 diris
1129 1889 1264 1953 aestuo-

181 2003 359 2076 sissimum
381 2003 599 2099 Tyrrhenum
620 2024 729 2088 mare,
753 2002 804 2073 sic
823 2024 844 2072 a
863 2000 1029 2072 Dalmatis
1050 2011 1156 2095 atque
1175 2004 1265 2075 Pan·

179 2126 292 2196 noniis
313 2127 412 2196 sinus
431 2123 581 2216 seiungit
600 2124 780 2208 Adriacas
800 2145 904 2229 quem
927 2122 1119 2216 inquietum
1139 2126 1264 2199 merito

178 2248 255 2318 eius
275 2250 390 2319 accola
410 2249 553 2319 Flaccus
570 2247 627 2318 ait.
646 2247 754 2318 Vides
775 2246 885 2317 oculis
906 2255 1036 2338 quanta
1055 2246 1261 2332 diversitas,

180 2380 284 2463 atque
303 2379 341 2440 nt
358 2370 456 2442 alteri
474 2369 604 2462 exigua
623 2368 796 2440 scribendi
816 2391 924 2439 causa
941 2367 1019 2451 init,
1040 2367 1090 2439 sic
1106 2368 1188 2440 huic
1204 2392 1265 2465 pe-

179 2493 273 2563 nitus
295 2494 422 2563 nullam
443 2513 536 2563 esse.
558 2490 656 2563 Notis
677 2490 818 2583 quidem
838 2511 879 2562 ao
896 2490 1121 2561 familiaribus
1142 2492 1264 2565 amicis

179 2614 353 2685 interdum
376 2613 538 2698 scribere,
568 2613 697 2706 saepius
722 2633 808 2684 vero
834 2610 1029 2682 rescribere
1054 2614 1165 2696 soleo,
1193 2634 1262 2685 non

181 2746 250 2809 tam
283 2735 446 2828 cupidine
471 2735 598 2820 laudis,
626 2758 730 2828 qnam
758 2756 819 2830 spe
847 2732 963 2804 veniae
987 2742 1023 2806 et
1044 2736 1263 2827 colloquendi

180 2858 332 2952 quadam
351 2878 420 2928 non
441 2880 550 2952 parva
570 2858 763 2930 dulcedine.
782 2856 914 2949 lgnotis
935 2867 970 2928 et
990 2857 1166 2950 praecipuc
1187 2857 1263 2930 tali-

179 2980 256 3064 bus,
283 2984 421 3073 qualern
449 2989 484 3051 tu
511 2981 604 3052 hunc
621 2980 713 3065 lacis,
738 2981 898 3072 ingerere
924 2969 1044 3051 nostra
1065 2979 1142 3050 baec
1167 2980 1263 3052 nuda

179 3111 283 3195 atque
296 3103 470 3197 incompta
484 3125 552 3174 non
567 3103 784 3174 soleoParce
798 3102 911 3193 igitur,
928 3101 1045 3184 amice,
1061 3122 1174 3194 parce,
1189 3107 1260 3186 oro,

180 3225 319 3308 lamam,
343 3225 443 3296 cuius
463 3225 552 3294 inter
572 3226 733 3306 cultores,
761 3222 841 3308 scio,
867 3246 936 3296 non
962 3224 1121 3295 ultimum
1147 3213 1261 3296 locum

181 3354 287 3429 tenes
305 3346 408 3416 nimis
429 3346 580 3417 amando
602 3366 731 3435 urgere
750 3354 785 3415 et
802 3345 835 3415 in
854 3344 1040 3418 discrimen
1059 3345 1210 3419 trudere.
1226 3348 1262 3419 Si

180 3477 215 3540 te
234 3488 333 3540 error
352 3470 396 3541 de
416 3491 474 3539 me
495 3477 576 3539 tuus
597 3467 701 3550 iuvat,
722 3467 797 3538 sine
814 3479 974 3540 consorte
996 3479 1104 3540 utere.
1122 3469 1158 3539 Si
1177 3469 1261 3540 nibil

180 3593 257 3664 sine
270 3593 364 3663 socio
375 3592 531 3675 delectat,
550 3589 740 3675 veteribus
757 3590 786 3660 si
801 3591 860 3683 qni
874 3599 963 3674 sunt,
977 3601 1172 3674 contentus,
1191 3592 1262 3663 noli

180 3737 292 3788 novos
312 3735 480 3807 quaerere,
501 3725 536 3786 et
555 3713 638 3783 felix
659 3734 776 3783 errore
793 3723 862 3798 tuo,
882 3723 920 3784 ut
933 3713 982 3784 ait
1002 3711 1066 3796 ille,
1086 3711 1154 3784 noli
1173 3713 1260 3785 alios

180 3837 215 3907 in
231 3859 384 3909 errorem
402 3856 536 3927 cogere,
553 3835 628 3905 illos
647 3835 841 3928 praesertim
859 3834 918 3928 qui
934 3844 971 3905 ct
986 3835 1064 3926 cogi
1082 3843 1262 3928 nequeunt

179 3969 216 4032 et
229 3960 393 4032 maiorem
410 3957 523 4049 rigido
537 3980 691 4042 exuero,
711 3981 815 4052 qnam
828 3980 875 4029 ex
889 3959 1016 4031 blando
1032 3980 1161 4042 errore,
1181 3980 1262 4051 pcr-

180 4081 311 4175 oipiunt
330 4079 555 4172 uoluptatem.
573 4080 649 4150 Noli
668 4102 809 4173 qnoque
826 4079 1039 4151 committere
1056 4089 1096 4150 ut
1114 4079 1262 4151 curiosi·

180 4210 250 4273 late
270 4202 376 4274 nimia
395 4200 576 4273 delectatio
601 4211 660 4273 tua
685 4210 817 4296 pereat,
838 4223 916 4272 cum
937 4222 1024 4273 casu
1045 4201 1162 4293 aliquo
1181 4222 1262 4293 per·

179 4323 321 4396 veneris
334 4346 404 4417 quo
422 4346 489 4397 non
506 4325 571 4409 vis,
590 4323 650 4396 ubi
669 4323 798 4395 scilicet
814 4322 914 4395 amici
933 4322 1135 4415 ignorantia,
1156 4342 1260 4415 quam

181 4446 241 4520 tibi
261 4468 359 4520 amor
380 4447 488 4539 gratis
508 4447 596 4521 lucis
617 4445 717 4517 illinit
736 4457 771 4517 et
791 4445 916 4537 placito
936 4443 1111 4516 velamine
1130 4444 1259 4539 palliat,
