2738 5062
198 701 256 764 550
536 712 578 761 nn
599 712 699 762 annus
719 712 940 764 remunerans

197 873 253 924 me
272 871 379 922 nosse
400 850 584 934 suffecerit,
601 848 666 920 boo
686 849 833 934 adiecto,
849 849 1015 945 sospitem
1037 851 1211 925 reducem.
1235 855 1280 927 ll·
1352 869 1355 875 ·

197 974 258 1046 lud
278 975 387 1068 pluris
408 975 513 1045 lacios
534 993 640 1065 quam
661 973 826 1057 reditum,
854 995 960 1067 quam
993 976 1152 1060 salutem,
1182 979 1279 1070 quod
1345 1065 1349 1072 ¹

196 1094 317 1168 orbem
352 1108 534 1179 terrarum,
566 1117 637 1188 quo
674 1094 786 1186 magis
821 1096 937 1168 ambio
965 1097 1085 1169 minus
1118 1118 1207 1171 amo.
1240 1101 1279 1171 Si

196 1218 281 1313 quid
301 1215 448 1290 amabile
473 1228 539 1301 est,
561 1217 629 1288 nisi
650 1238 747 1288 amor
767 1219 867 1303 fallit,
889 1218 924 1291 iu
945 1219 1043 1293 Italia
1063 1231 1132 1304 est,
1150 1221 1207 1293 cui
1225 1225 1280 1294 ul·

198 1352 251 1413 tro
269 1340 299 1411 si
311 1339 413 1432 loqui
434 1339 583 1432 possint,
599 1340 712 1410 omnia
731 1340 869 1412 climata
886 1340 1070 1426 cesserint,
1083 1353 1119 1414 et
1131 1344 1279 1419 tacendo

197 1464 340 1548 cedunt,
360 1461 559 1555 nisifquod
578 1472 728 1534 moestus
754 1461 845 1547 dico,
879 1474 1016 1535 naturae
1042 1466 1277 1552 elementiam,

198 1589 389 1659 incolarum
410 1585 706 1678 tumorlivorque
726 1599 976 1679 corrumperet.
999 1588 1048 1659 De
1068 1588 1174 1660 buius
1203 1591 1281 1661 lau-

195 1707 300 1780 dibus
320 1709 428 1779 multa
446 1728 541 1799 saepe
560 1706 716 1778 diximus
737 1707 814 1778 etsi
834 1708 907 1779 vita
919 1709 1090 1781 manserit
1109 1709 1277 1782 dicemus.

198 1831 266 1903 Sed
287 1854 379 1917 nuno
400 1829 530 1901 recenti
549 1828 715 1900 memoria
735 1829 779 1901 de
798 1828 852 1900 bis
873 1830 1011 1902 mixtim
1031 1852 1113 1924 quar
1132 1843 1280 1924 elpere-

197 1954 346 2046 grinanti
369 1976 408 2025 se
429 1951 639 2035 obtulerant,
674 1962 711 2024 et
742 1972 900 2036 reverso,
927 1952 1044 2025 dicere
1075 1953 1207 2046 aliquid
1227 1954 1281 2024 in·

199 2078 307 2151 stitui.
330 2079 506 2150 Caeterum
531 2077 561 2147 is
580 2077 680 2148 cuius
700 2097 721 2148 e
740 2098 848 2147 manu
868 2077 960 2148 bano
980 2078 1165 2150 litterulam
1189 2080 1280 2151 aoei-

196 2200 272 2292 pies
290 2199 445 2271 concivis
458 2210 493 2270 et
506 2201 638 2271 amicus
656 2210 790 2283 noster,
804 2200 978 2271 nonenim
991 2209 1150 2272 nostrum
1162 2202 1280 2273 dicere

196 2304 321 2390 vereor
340 2320 399 2413 qui
421 2343 519 2392 meus
545 2331 613 2405 est,
633 2323 741 2392 multa
762 2320 838 2407 tibi,
861 2343 930 2395 uon
951 2320 1044 2394 addo
1061 2322 1091 2393 si
1114 2322 1273 2406 libuerit,

196 2443 321 2515 reseret
339 2441 385 2513 de
405 2454 499 2514 statu
520 2464 611 2526 meo,
633 2443 732 2514 cuius
757 2443 925 2516 noscendi
955 2454 1050 2516 tuam
1082 2444 1278 2538 inexplebi-

196 2568 262 2637 lem
289 2586 330 2635 ao
351 2576 556 2660 perpetuam
579 2565 670 2635 sitim
690 2565 780 2636 novi.
808 2567 894 2638 Vale
925 2577 963 2639 et
995 2569 1147 2640 maiores
1179 2588 1274 2639 meas

196 2687 396 2783 propediem
418 2687 562 2770 litteras,
579 2685 645 2759 nisi
663 2686 946 2780 occupationibus
967 2696 1078 2776 veter,
1089 2699 1249 2783 expecta.

337 2818 495 2901 uernum,
511 2832 573 2889 xit.
591 2833 651 2888 nar.
669 2832 807 2889 omens.

694 3040 775 3051 -u—-v

609 3243 787 3310 ullstotl
809 3248 865 3309 XV.

274 3431 468 3482 FlleClSCUS
488 3432 657 3484 catuleas
679 3435 855 3485 Fnlnctsco
876 3435 982 3484 Pnlottl
1003 3434 1190 3485 sanctolum

546 3537 778 3586 APOSTOLORUM
800 3539 825 3588 S.
848 3540 875 3587 P.
898 3538 928 3586 D.
1013 3497 1022 3518 ⁸

254 3697 334 3763 Quod
348 3697 443 3752 multis
457 3701 579 3768 negociis
593 3701 729 3756 distentus
744 3703 911 3774 promissam
927 3704 961 3758 de
976 3703 1053 3760 Italia
1068 3703 1213 3776 epistolam

525 3789 558 3841 ad
574 3806 639 3842 cum
655 3791 764 3845 mittere
780 3791 944 3863 nequiverit.
1055 3845 1070 3869 ,

290 4022 408 4092 Poscis
430 4030 468 4089 ut
484 4018 666 4112 epistolam
684 4017 728 4089 de
747 4019 853 4090 ltaliae
878 4018 1040 4092 laudibus
1072 4044 1177 4115 quam
1214 4021 1271 4092 tibi

194 4142 363 4231 pollicitus
381 4141 529 4213 w'debar
549 4163 616 4212 uon
648 4139 863 4211 subtraham.
885 4143 1075 4215 Enimvero
1096 4144 1178 4214 nibil
1199 4145 1272 4216 ani-

194 4283 250 4329 mo
268 4283 344 4330 meo
365 4264 499 4351 gratius
520 4287 625 4356 quam
648 4284 744 4356 saepe
764 4268 872 4335 multa
895 4276 1007 4336 tecum
1029 4268 1186 4361 colloqui.
1201 4267 1273 4337 Neo

194 4379 327 4452 inficior
359 4406 470 4475 nuper
495 4409 566 4469 me,
594 4386 679 4457 dum
712 4411 792 4458 rura
824 4386 1005 4460 barbarica
1032 4412 1270 4484 peragrarem,

192 4503 301 4572 multa
321 4511 358 4571 et
383 4505 479 4574 varia
505 4528 586 4598 quae
618 4508 664 4579 de
694 4510 797 4580 buius
830 4511 994 4585 laudibus
1027 4514 1095 4586 dici
1129 4524 1274 4609 possent
