2738 5062
259 457 268 477 Ι

345 778 434 826 steen
457 777 739 836 obtususnecittus
752 776 956 826 -netssont
978 779 1017 825 ii'.
1162 764 1221 826 319

140 914 197 983 iiie
219 911 415 1006 Ephesum,
439 912 495 982 iiie
516 911 550 982 in
572 913 723 1007 Syriam,
747 911 802 982 iiie
823 911 954 983 missus
981 910 1015 981 in
1037 912 1218 997 Achaiam,

140 1038 196 1106 iiie
213 1036 370 1115 Romam,
398 1033 453 1103 itte
478 1033 522 1104 ad
550 1032 679 1114 indies,
708 1033 763 1102 iile
789 1033 920 1104 missus
947 1035 990 1105 ad
1018 1035 1220 1132 AEgyptum.

140 1157 367 1251 Vngebontnr
390 1155 526 1227 illorum
551 1174 695 1248 eorporn
722 1156 807 1227 loeis
832 1156 1037 1249 asperrimis
1063 1179 1105 1229 ao
1130 1141 1223 1232 terra

140 1290 176 1353 et
195 1281 321 1374 pelago
340 1275 572 1350 iactabantur:
591 1277 699 1350 eorda
715 1288 815 1349 erant
829 1279 917 1350 ereio
934 1279 1050 1352 affixa.
1073 1277 1222 1377 Aposto

140 1407 253 1477 lorum
276 1423 360 1474 vern
382 1409 579 1472 nostrornm
601 1421 745 1494 eorpora
767 1401 928 1474 thalamis
949 1403 1067 1475 aureis
1087 1405 1223 1498 requie-

142 1535 257 1607 scunt,
280 1525 385 1596 animi
406 1533 520 1596 anum
543 1533 634 1595 terra
655 1522 812 1617 marique
831 1525 913 1615 vagi
937 1535 1027 1595 eunt.
1048 1526 1140 1596 inter
1156 1526 1221 1598 bos

141 1649 246 1742 igitur
277 1645 421 1740 quibus,
455 1666 593 1740 quaeso,
628 1645 712 1717 ittnd
744 1643 836 1716 bene
868 1647 1070 1741 oompoeitae
1095 1645 1223 1720 mentis

141 1781 386 1864 argumentum
407 1767 690 1842 existimabimus
710 1769 848 1851 adesse,
872 1766 915 1840 iis
932 1789 977 1839 ne
994 1770 1053 1861 qni
1074 1771 1158 1853 iooo,
1177 1792 1220 1840 an

140 1893 184 1965 iis
203 1893 263 1986 qui
282 1892 461 1987 proposito
481 1911 549 1963 non
568 1893 777 1963 moventur?
797 1877 885 1963 tund
909 1912 1049 1986 qnoque
1069 1912 1140 1963 non
1165 1913 1222 1963 me
1299 1937 1306 1947 ·

140 2015 295 2110 praeterit
313 2013 408 2108 qnod
442 2033 539 2108 saepe
571 1995 645 2087 dixi
678 2024 714 2085 et
746 2012 862 2084 dicere
894 2014 1019 2085 iterum
1054 2014 1246 2101 delectat,·

141 2158 294 2231 greeeum
315 2147 451 2230 poetam
471 2145 508 2207 et
528 2135 619 2207 illins
645 2159 707 2230 per
728 2135 879 2227 vestigia
903 2153 1061 2209 nostrum
1083 2157 1223 2231 quoque

141 2259 270 2352 quibus
289 2279 392 2330 nemo
410 2257 696 2352 pbilosophorum
723 2257 827 2330 ultius
853 2280 915 2353 res
937 2259 1115 2333 hominnm
1139 2281 1223 2333 oon-

142 2379 296 2474 spieatns
315 2388 384 2462 est,
406 2378 489 2450 dum
511 2379 649 2470 perfecti
676 2378 742 2450 viri
768 2378 926 2452 habitum
952 2400 1138 2476 moresque
1162 2383 1224 2455 de-

142 2499 309 2584 scribunt,
332 2511 405 2572 toto
424 2500 518 2572 ilium
536 2500 620 2574 orbe
638 2522 770 2595 vagum
785 2511 822 2574 et
840 2501 969 2596 ubique
990 2502 1073 2574 novi
1093 2503 1224 2598 aliquid
1339 2490 1341 2495 ’

139 2622 378 2695 addiscentem
409 2624 535 2694 iacere.
568 2624 689 2718 Neque
714 2625 806 2696 enim
832 2624 1060 2696 crediderunt
1085 2626 1222 2717 qualem

140 2745 219 2818 stilo
244 2743 440 2818 formabant
464 2743 578 2817 virum
603 2744 678 2818 fleri
704 2767 809 2839 posse
835 2747 899 2818 ioci
927 2747 1031 2817 unius
1057 2757 1223 2840 perpetuo

140 2867 300 2941 incolatu.
333 2867 404 2940 Sed
426 2870 594 2962 quoniam
615 2869 692 2940 baee
710 2870 860 2940 sortasse
886 2889 943 2939 me
967 2890 1036 2939 nen
1057 2877 1220 2960 tangunt,

141 2990 302 3082 gloriosis
330 3001 436 3084 etque
464 2990 648 3064 invidiosis
673 2990 962 3064 excusationibus
986 2990 1152 3076 omissis,
1178 2992 1223 3064 sd

140 3111 233 3183 iilum
254 3113 355 3184 venio
373 3133 478 3207 quem
499 3125 538 3186 ut
558 3113 758 3188 miserearis
778 3113 953 3188 admonui.
976 3112 1051 3183 Tibi
1069 3112 1220 3206 quidem,

140 3234 309 3306 bonorum
329 3235 570 3308 amantissime
591 3236 657 3322 vir,
679 3235 759 3309 oiim
783 3255 875 3330 vage
898 3246 935 3308 et
960 3238 1147 3308 muitorum
1169 3236 1221 3306 io·
1327 3316 1335 3330 ·

139 3377 258 3429 eorum
284 3378 399 3431 rernm
432 3358 590 3433 notitiam
622 3359 760 3453 adepto,
797 3381 889 3431 nune
922 3358 1063 3432 tandem
1102 3357 1226 3429 merito

142 3480 284 3554 virentis
315 3493 396 3554 nnte
430 3504 541 3558 annos
573 3482 801 3558 nobilissime
828 3481 1029 3576 reipublice
1049 3500 1224 3556 summum

142 3604 290 3698 mudum
314 3624 443 3698 magne
475 3626 555 3678 eum
581 3605 691 3700 gtoria
716 3604 896 3691 obtinenti,
924 3614 961 3676 et
984 3613 1125 3700 propter
1149 3624 1226 3675 om-

142 3719 241 3801 nnn
259 3726 457 3800 libertatem
476 3731 689 3816 eeseintem
717 3737 843 3823 sponte
863 3739 923 3801 tun
949 3727 1132 3825 speciosis,
1161 3727 1223 3799 sed

141 3849 288 3921 aetornis
308 3850 506 3924 eareenbus
526 3852 676 3938 incluso,
700 3852 773 3950 seio
788 3872 846 3924 me
863 3850 999 3945 gratius
1017 3859 1176 3923 acturum
1194 3848 1225 3919 si

142 3979 224 4066 post
242 3991 369 4063 vagam
392 3973 474 4044 vitae
494 3973 652 4045 militiam
678 3974 753 4068 ipse
777 3973 883 4046 etiam
908 3972 1033 4044 alieubi
1060 3992 1168 4065 prope
1194 3980 1227 4042 te

141 4087 214 4162 iam
234 4094 476 4166 eastrameteri
496 4093 668 4189 incipiam,
692 4096 788 4186 qnod
804 4103 969 4197 superest
988 4094 1075 4165 tonis
1096 4094 1131 4166 in
1156 4096 1226 4168 otio

142 4224 395 4289 transacturos.
417 4216 498 4288 Mihi
519 4235 661 4311 quoqne
680 4217 727 4287 nii
748 4217 895 4308 gratius,
919 4215 967 4286 nii
986 4218 1137 4310 optatius
1160 4221 1225 4291 sei—

144 4347 191 4422 to,
218 4349 387 4412 caeterum
413 4340 458 4411 nil
484 4339 657 4411 didieiiius
682 4336 805 4409 rideri.
832 4338 907 4411 ilne
930 4338 1022 4412 enirn
1049 4360 1116 4433 ego
1142 4341 1226 4412 iam-

143 4462 282 4554 pridem
300 4465 438 4535 eiarum
464 4461 591 4553 dirigo,
619 4461 687 4532 etio
712 4469 827 4533 mmen
853 4462 1000 4535 invitum
1028 4464 1227 4554 irnstrnqne

144 4585 330 4657 luctantem
353 4583 536 4656 uiolentior
556 4593 667 4655 testes
688 4583 789 4676 repit:
810 4595 845 4655 et
863 4585 1028 4679 qnoniam
1050 4585 1096 4656 ita
1119 4594 1151 4653 te
1177 4584 1228 4652 at-
