2738 5062
149 640 209 701 tto
494 651 535 699 nr.
556 651 657 699 uenus
679 648 900 699 rnurnurunus

151 788 243 860 unde
260 786 319 858 tibi
341 806 387 857 er
410 807 464 856 rue
486 785 615 855 amoris
645 783 860 871 tantundem,
884 784 978 857 taedit
998 786 1251 861 miuusesset.

149 912 218 982 lsle
246 932 350 1002 quern
368 908 491 991 cernis,
520 906 715 1003 peregrinae
740 908 820 978 licet
845 906 1012 999 originis,
1044 908 1113 981 sed
1140 910 1248 983 amici

148 1034 252 1105 animi
273 1044 349 1115 est,
372 1032 486 1124 etqui
508 1054 575 1102 non
598 1053 655 1101 me
681 1033 802 1114 solum,
823 1030 887 1101 sed
906 1051 1160 1126 quoscumque
1188 1054 1249 1107 me

149 1180 267 1229 amare
280 1155 492 1246 cognoverit,
508 1166 600 1224 amet
616 1162 652 1224 et
668 1154 768 1225 colat.
787 1154 907 1244 ltaque
926 1152 976 1223 sie
993 1174 1079 1223 cum
1100 1165 1142 1225 ut
1157 1156 1248 1227 ami-

148 1300 226 1349 cunr
240 1277 373 1372 uspice;
388 1276 493 1347 facies
507 1277 640 1367 ignota;
653 1296 754 1345 mens
773 1274 848 1359 viri,
864 1272 993 1366 siquid
1011 1274 1102 1345 milri
1113 1278 1245 1361 eredis,

148 1397 362 1470 humanitate
375 1397 564 1469 notissima.
580 1397 695 1489 Dirige
710 1398 811 1479 hunc,
830 1418 892 1469 oro
906 1406 949 1467 te.
965 1407 1004 1467 ut
1021 1420 1141 1491 nuper
1152 1400 1245 1475 alies

147 1522 322 1606 direxisti,
342 1544 411 1613 qua
429 1520 641 1591 tutissimum
661 1541 722 1612 per
738 1518 844 1614 Alpes
863 1528 968 1612 atque
982 1518 1244 1597 brevissimum

149 1647 182 1715 in
205 1645 403 1716 inferiorern
427 1644 666 1714 Alemanniam
687 1652 743 1712 est
773 1641 848 1712 iter.
869 1640 1010 1713 Annum
1032 1654 1185 1717 aeturus
1207 1646 1242 1717 in
1263 1646 1280 1733 ,’

148 1766 244 1837 ltalia
269 1788 348 1837 cunr
377 1766 507 1855 legato
532 1761 631 1835 Sedis
658 1764 868 1858 Apostolieae
890 1776 1053 1837 ‚venerat
1082 1768 1177 1839 Vicit
1206 1780 1243 1841 at

148 1888 269 1980 patriae
285 1898 322 1958 et
339 1910 481 1958 suerum
495 1907 608 1957 arnor:
623 1889 754 1957 saeculo
767 1886 902 1978 longior
914 1908 1031 1959 annus
1043 1900 1104 1961 est
1121 1892 1239 1963 visus:

147 2014 319 2084 deciurunr
344 2031 499 2081 mensem
521 2010 664 2102 explere
685 2030 753 2079 non
781 2008 902 2103 potuit.
929 2010 1051 2102 ltaque
1072 2024 1239 2105 properat

147 2135 227 2203 hinc
253 2132 355 2203 taedie
381 2142 609 2225 perurgente,
639 2131 731 2202 illinc
758 2132 917 2203 trahente
941 2132 1136 2204 desiderio.
1159 2134 1233 2205 Ma-

148 2266 232 2325 trem
253 2253 358 2323 habet
374 2273 557 2335 annosam,
578 2254 677 2324 cuius
698 2257 834 2326 letalem
851 2253 1047 2349 praevenire
1065 2255 1161 2328 dienr
1178 2278 1234 2329 ar-

146 2378 217 2460 det,
240 2387 275 2448 et
294 2376 439 2445 nimium
461 2376 642 2447 distulisse
663 2380 833 2451 formidat.
856 2381 921 2451 Est
934 2378 1028 2450 enim
1048 2381 1141 2453 inter
1160 2402 1231 2454 cae·

148 2510 220 2571 tera
238 2499 363 2592 pietate
384 2498 544 2580 mirabili,
564 2508 831 2595 maternumque
850 2500 1067 2573 desiderium
1091 2504 1232 2597 proprio

146 2624 304 2706 metitur,
327 2644 439 2714 eoque
465 2643 565 2692 suurn
594 2623 707 2715 magis
735 2645 775 2694 ae
801 2624 912 2715 magis
939 2624 1158 2697 accenditur.
1181 2626 1230 2697 Tu

145 2767 285 2839 quoque
302 2743 422 2817 matris
439 2746 516 2817 eius
534 2746 686 2816 animum
707 2746 865 2840 perfacile
888 2747 1043 2825 metiere,
1068 2747 1099 2818 si
1117 2756 1155 2819 et
1171 2746 1229 2819 tibi

147 2882 215 2940 tuae
235 2868 412 2961 genitricis
432 2869 548 2960 imago
569 2880 766 2953 succurrat,
786 2879 821 2939 ct
840 2868 959 2962 pietati
983 2869 1095 2962 pietas
1118 2870 1229 2967 stipu-

145 2994 241 3075 letur,
256 2992 284 3062 si
298 2990 451 3083 cogitare
466 2991 612 3084 coeperis
628 2991 741 3084 ipsum
757 2991 873 3062 viduae
884 2988 992 3063 liliunr
1008 2994 1228 3087 talemutque

144 3116 282 3187 unicunr
305 3115 443 3186 abesse.
465 3116 583 3186 Solent
602 3113 694 3184 enirn
713 3123 748 3183 et
767 3135 848 3206 quae
867 3134 948 3185 caru
963 3126 1059 3198 sunt,
1076 3115 1178 3208 copia
1194 3123 1229 3187 et

143 3238 350 3310 assiduitate
367 3238 548 3308 vilescere.
568 3237 630 3307 llic
646 3258 732 3307 vero
749 3258 829 3329 quae
848 3237 995 3331 pretiurn
1015 3239 1130 3310 lacere
1146 3258 1226 3331 pes-

143 3358 212 3427 sint
230 3361 390 3431 universa
409 3369 630 3430 concurrunt.
649 3360 734 3429 Nam
748 3369 783 3429 et
800 3357 900 3440 filins,
913 3367 950 3427 et
968 3358 1093 3431 unicus
1106 3373 1180 3445 est,
1193 3372 1228 3433 et

141 3478 254 3570 qualis
270 3479 323 3546 vir
336 3490 500 3568 aspectus
519 3479 593 3571 ipse
612 3480 977 3552 testabitur.Abluerat
989 3482 1094 3551 etiarn
1110 3484 1226 3575 prius-

140 3621 244 3693 quam
264 3597 307 3668 ad
326 3598 456 3667 ltaliam
476 3600 626 3685 veniret,
646 3612 682 3673 et
699 3624 791 3673 nune
813 3625 891 3673 curn
907 3603 1018 3697 pietas
1034 3604 1137 3675 insita
1152 3616 1224 3679 tum

141 3721 328 3791 amicorum
350 3722 546 3811 expectatio
566 3734 601 3791 et
621 3722 655 3789 in
678 3722 797 3813 primis
826 3724 944 3795 matris
969 3733 1059 3795 aetas
1081 3748 1124 3797 ae
1144 3727 1225 3797 suli·

140 3843 256 3915 eitudo
279 3843 459 3915 solicitant.
479 3844 561 3913 Taur
586 3843 679 3937 pium
700 3853 839 3939 tamque
860 3847 1014 3940 undique
1034 3870 1224 3921 accensum

140 3966 352 4040 desiderium
372 3990 441 4061 qua
460 3980 555 4061 potes
570 3968 711 4049 adiuva,
727 3980 763 4039 et
780 3968 838 4038 tibi
856 3972 912 4039 vel
933 3970 983 4041 sie
999 3971 1126 4043 alienae
1139 3993 1225 4064 quo-

141 4111 209 4179 que
228 4093 366 4181 pietatis
384 4102 515 4183 partenr
534 4090 682 4162 vindica.
701 4090 816 4162 Redde
833 4101 951 4161 natum
970 4091 1071 4161 matri
1093 4093 1222 4177 arixiae,

143 4210 248 4280 redde
264 4213 377 4283 civem
397 4214 517 4303 patriae
533 4222 723 4306 exriptatae:
742 4212 809 4283 nisi
827 4215 913 4283 lorte
931 4213 1135 4285 barbaricos
1151 4216 1224 4286 ani-

141 4353 216 4403 mos
250 4355 318 4404 non
348 4346 510 4425 putamus
537 4335 660 4407 natalis
687 4335 750 4407 soli
778 4335 907 4407 sentire
928 4334 1167 4418 dulcedinem,
1189 4350 1226 4409 et

142 4454 234 4525 hunc
253 4452 413 4525 affictum
436 4455 571 4525 nonnisi
593 4454 747 4528 Italicum
768 4456 954 4529 delinimus
972 4469 1033 4528 aut
1048 4457 1224 4533 Graecum.
