2738 5062
195 759 234 820 30
527 773 568 819 ne
589 772 688 822 nunus
711 773 929 824 requiremus

193 937 330 1007 semper
350 915 394 987 de
415 914 505 986 illius
526 915 641 987 animo
662 917 876 988 nemoribus
898 917 1011 989 visum
1033 915 1091 1001 sit,
1114 918 1144 988 si
1165 938 1260 991 sum-

192 1037 292 1108 motis
318 1037 604 1122 assentatoribus,
632 1040 803 1110 communi
829 1037 1025 1132 pontificum
1052 1039 1260 1134 principum-

191 1185 260 1256 que
280 1162 442 1254 pernicie,
466 1162 540 1255 ipse
562 1161 626 1233 sibi
651 1173 686 1234 et
706 1172 839 1233 naturae
861 1163 1009 1256 propriae
1036 1163 1258 1255 relinquatur.

191 1287 271 1358 ldee
306 1286 365 1356 tibi
386 1286 604 1382 potissimum
630 1286 695 1357 hoc
720 1308 808 1356 onus
836 1286 930 1377 quod
955 1283 1100 1355 fideliter
1125 1285 1259 1357 subibis

189 1409 350 1502 imposui,
373 1418 412 1479 ut
432 1409 618 1500 ingentem,
647 1431 751 1501 quam
773 1409 822 1479 ira
847 1430 886 1479 ac
906 1407 1025 1480 dolore
1050 1406 1259 1481 dictantibus

190 1531 321 1625 scripsi,
336 1532 516 1624 epistolam
537 1541 784 1625 repraesentes:
804 1551 884 1622 quae
899 1530 927 1600 si
948 1529 1081 1620 generi,
1101 1530 1130 1600 si
1154 1531 1258 1602 statui

188 1662 290 1745 atque
304 1653 396 1723 aetati
410 1653 561 1728 debitum
575 1653 728 1723 animum
742 1652 888 1744 legentis
902 1651 1081 1736 invenerit,
1096 1662 1130 1723 et
1144 1652 1258 1744 suspi-

187 1774 319 1846 cionem
339 1777 426 1846 male
444 1776 631 1848 radicatam
651 1774 846 1869 extirpabit,
868 1785 963 1846 etue
985 1798 1135 1868 unquam
1157 1797 1258 1846 rena-

188 1906 303 1970 scatur
322 1898 454 1969 efficiet.
469 1900 564 1971 Hane
585 1908 630 1984 tu,
657 1920 787 1992 quaese,
810 1897 904 1971 vivae
928 1898 1025 1970 vocis
1048 1920 1113 1994 ope
1135 1920 1258 1992 prose-

186 2042 314 2114 quere:
332 2030 369 2090 et
387 2024 475 2093 vale.

597 2437 773 2502 EPISTOLA
793 2438 849 2501 llll.

251 2606 444 2657 Fuluctscus
467 2607 634 2657 PETlldllCd
655 2609 744 2657 LUCAE
766 2608 971 2659 Pttusuttrutto
991 2610 1190 2661 runcuurtttu

658 2715 683 2763 S.
706 2717 733 2766 P.
756 2715 786 2762 D.

275 2893 414 2949 Fabellam
428 2901 522 2950 narrat
537 2896 571 2950 de
585 2896 754 2969 suspicione:
771 2900 849 2965 rogat
862 2901 894 2950 ut
907 2900 1028 2949 mentem
1043 2893 1169 2968 Episcopi

544 2987 667 3059 exploret
679 2992 707 3041 et
720 2985 772 3041 sibi
787 2985 898 3058 pandat.

279 3235 391 3318 Quam
425 3255 472 3303 ex
499 3243 532 3303 te
562 3236 641 3303 olim
674 3232 776 3304 didici
801 3232 960 3305 labellum
990 3235 1114 3330 accipe.
1142 3237 1249 3329 Ignis,

181 3367 316 3440 ventus
335 3378 434 3447 aqua,
454 3354 606 3445 suspicio
624 3357 725 3426 simul
743 3355 893 3448 agebant
909 3357 983 3428 iter.
1003 3359 1087 3428 Com
1106 3360 1151 3430 ad
1168 3382 1254 3453 qua-

182 3478 333 3549 drivium
346 3477 594 3580 pervenissent,
610 3488 645 3550 et
662 3501 764 3549 suum
780 3481 928 3574 quisque
941 3483 1060 3553 callem
1078 3483 1182 3553 vellet
1199 3504 1254 3552 ar·

180 3601 303 3696 ripere,
318 3622 362 3671 en
374 3600 598 3691 digredimur,
618 3602 788 3695 inquiunt:
806 3605 869 3675 sed
887 3614 925 3675 ut
941 3606 1105 3697 congredi
1128 3607 1253 3677 iterum

180 3722 356 3819 possimus
383 3723 521 3816 signum
548 3725 688 3819 aliquod
713 3736 915 3799 statuemus.
942 3730 1029 3799 Tum
1053 3727 1166 3820 ignis:
1193 3727 1253 3799 ubi

181 3847 229 3916 ait
248 3848 363 3917 sumus
389 3847 595 3940 apparuerit,
621 3846 669 3918 ibi
694 3871 749 3920 me
775 3852 929 3943 quaerite.
955 3850 1002 3921 At
1025 3861 1167 3921 ventus:
1194 3850 1252 3922 ubi

179 3969 319 4041 frondes
344 3971 448 4062 quati,
477 3971 688 4066 stipulasque
712 3974 769 4045 vel
794 3976 974 4065 pulverem
999 3974 1056 4067 agi
1080 3973 1250 4059 videritis

179 4093 246 4164 illie
267 4116 356 4163 sum.
377 4095 421 4164 Et
440 4116 546 4186 aqua:
568 4094 626 4165 uhi
644 4095 783 4168 iuncum
804 4097 915 4190 inquit
932 4097 1154 4192 aspexeritis,
1182 4120 1250 4168 nen

179 4219 298 4309 procul
330 4216 410 4287 inde
431 4217 544 4289 abero.
572 4217 626 4289 Ad
654 4219 731 4290 haee
758 4219 931 4312 suspicio:
957 4245 1013 4293 me
1037 4220 1178 4316 quidem
1204 4220 1251 4292 ait

179 4339 331 4441 reperire
350 4339 508 4433 perfacile
524 4351 588 4413 est.
607 4343 677 4414 Vos
693 4342 783 4413 enim
807 4344 840 4412 in
857 4346 1020 4416 continuo
1038 4357 1133 4416 motu
1151 4346 1250 4418 estis:

178 4484 333 4557 egenen
354 4487 519 4536 moveor:
542 4466 600 4537 ubi
621 4469 729 4539 semel
750 4468 933 4560 ingredior,
954 4469 1000 4539 ibi
1020 4468 1149 4541 habito.

276 4588 440 4680 lntelligis
461 4612 524 4670 me,
551 4590 681 4662 amice:
708 4590 856 4663 tabulam
891 4591 952 4664 tibi
980 4601 1071 4664 tuam
1099 4605 1177 4688 post
1203 4606 1251 4667 tot
