2738 5062
341 677 431 725 ninnn
454 675 755 726 snrrrnusnncrnus.
769 676 972 725 -nrrsrom
995 678 1035 725 ιι.
1167 666 1221 725 lat

150 832 220 895 res,
240 810 324 880 nihil
351 809 418 879 illis
439 812 611 881 occultum
632 810 750 881 velim:
777 807 927 880 viderint
951 809 1035 902 quid
1059 811 1225 883 iudicent:

147 931 204 1004 ibn
223 930 376 1014 obviam,
403 929 469 1002 etsi
495 931 583 1002 sorte
608 931 709 1001 aliter
733 930 893 1002 sensuris
918 952 959 1003 ac
982 942 1034 1014 tu,
1057 941 1166 1014 certe,
1187 943 1228 1003 ut

147 1076 260 1147 spero,
282 1075 351 1124 non
369 1053 468 1123 aliter
488 1053 668 1124 amaturis.
690 1051 867 1123 Postremo
886 1054 1001 1124 malim
1014 1075 1146 1125 coecum
1166 1052 1226 1125 tihi

147 1176 326 1258 iudicium,
354 1175 448 1268 quod
472 1176 570 1247 lacile
590 1196 688 1246 amor
707 1186 873 1259 excuset,
896 1197 999 1269 qnam
1026 1177 1111 1247 mihi
1133 1178 1227 1247 inso-

146 1300 285 1371 lentiam
302 1298 485 1381 obiectent,
501 1299 630 1367 malum
650 1288 899 1381 inexcusabile,¹
918 1307 1013 1370 tanta
1030 1300 1224 1391 praesertim

145 1442 265 1491 earum
283 1420 317 1490 in
335 1442 391 1490 me
409 1440 527 1491 rerum
544 1419 689 1512 penuria
704 1419 833 1513 quibus
856 1422 970 1491 solent
989 1420 1147 1492 homines
1166 1443 1225 1493 su·

148 1541 293 1635 perbire.
315 1542 411 1613 Vale.

564 1946 740 2012 EPISTULA
768 1948 799 2010 x.

259 2155 452 2208 nnnnclscus
473 2158 641 2207 Parnnncn
662 2128 796 2209 illudunt
817 2160 956 2210 ΑΙῙΕΤΙΝΟ
977 2161 1003 2209 S.
1026 2161 1053 2210 P.
1076 2162 1105 2209 lt.

146 2342 181 2395 Sc
195 2339 343 2395 Mediolani
356 2342 509 2396 constitisse
524 2347 551 2396 ot
566 2340 690 2396 animum
705 2341 820 2399 urbanis
839 2344 960 2415 negociis
978 2343 1115 2401 addixisse
1133 2362 1166 2401 ea
1183 2362 1224 2401 ra·

215 2428 308 2503 ¹tione
321 2425 442 2497 excusat
461 2429 536 2501 quod
554 2431 642 2486 multa
659 2432 729 2488 citra
739 2434 909 2490 voluntatem
922 2434 1081 2491 hominibus
1099 2434 1223 2491 facienda

232 2517 335 2589 passim
348 2524 505 2573 occurrunt.

242 2762 328 2831 Tres
358 2759 444 2832 mihi
469 2761 569 2834 dete
593 2774 733 2836 veteres
759 2765 1003 2855 radicatasque
1029 2767 1221 2838 sententias

145 2906 213 2956 una
229 2905 352 2955 recens
369 2885 468 2955 auxit
484 2896 520 2957 et
540 2887 723 2957 renovavit
737 2886 897 2979 epistola,
921 2885 1100 2978 sapientiae
1117 2888 1221 2960 simul

143 3014 180 3075 et
199 3004 336 3076 virtutis
353 3016 389 3077 et
404 3007 566 3079 amicitiae
590 3016 660 3078 tuae
681 3007 790 3079 testis.
810 3008 860 3077 lta
878 3005 961 3075 mihi
989 3004 1119 3096 liquido
1141 3018 1221 3081 ante

144 3127 263 3198 ocalos
279 3127 389 3219 ponis,
408 3128 504 3221 quod
520 3131 628 3200 Deum
646 3136 755 3201 testor
771 3149 951 3221 nunquam
965 3124 1044 3198 inde
1057 3126 1217 3212 discedit,

143 3250 212 3319 aevi
232 3247 349 3325 bmais
369 3259 405 3322 et
424 3250 545 3322 incerti
568 3253 703 3342 lugam:
724 3253 771 3323 ita
797 3249 950 3342 graviter
974 3248 1054 3321 hinc
1073 3272 1221 3344 occupa·

145 3371 254 3442 tiones
280 3390 378 3442 meas
403 3373 581 3466 antiquas,
609 3371 638 3443 si
665 3393 747 3467 qnae
772 3384 854 3443 sunt
877 3392 958 3464 qnae
982 3372 1120 3444 laudem
1147 3392 1220 3444 me·

143 3503 298 3576 reantur,
320 3494 401 3565 hinc
421 3516 532 3566 novas
553 3494 734 3566 veteribus
751 3495 942 3578 adversas,
963 3504 999 3567 ct
1018 3495 1221 3588 quaercndae

143 3614 264 3707 gloriae
288 3614 446 3686 inimicas
479 3616 718 3688 coacervando
742 3615 960 3689 dinumeras:
994 3617 1041 3690 ita
1072 3614 1221 3688 dulciter

143 3736 293 3809 hortaris
313 3748 353 3809 ut
376 3739 505 3830 ingiam
526 3762 652 3833 meque
673 3741 708 3811 in
729 3740 920 3814 libertatem
946 3743 1115 3835 eripiens,
1138 3746 1220 3834 qnae

143 3858 226 3928 milri
247 3881 317 3930 non
337 3860 467 3951 exiguo
487 3871 654 3955 apparatu
676 3863 764 3934 iacta
790 3872 872 3933 sunt
897 3883 1012 3932 rerum
1038 3861 1219 3931 meliorum

140 3982 366 4053 fundamenta
397 4004 466 4054 non
499 3982 676 4066 deseram,
712 3982 775 4052 sad
799 3983 989 4053 accelerem
1016 3982 1148 4076 potius,
1183 3991 1220 4052 ot

140 4103 295 4197 pericula
315 4125 422 4175 morae
447 4103 613 4195 longioris
643 4104 780 4175 intuens
810 4105 883 4174 alas
912 4103 1063 4193 ingenio,
1085 4105 1218 4173 calamo

140 4228 254 4298 calcar
273 4225 444 4309 adiiciam,
470 4237 506 4296 ut
527 4225 610 4308 iarn,
632 4224 727 4318 quod
746 4224 809 4294 vix
830 4222 995 4316 possibile
1015 4223 1214 4305 videbatur,

140 4358 176 4420 ct
195 4348 399 4442 prudentior
418 4348 510 4440 apud
530 4367 586 4417 me
602 4346 657 4417 vir
679 4347 728 4417 sis
744 4357 779 4416 et
795 4344 931 4431 melior,
950 4357 987 4419 at
1006 4346 1111 4421 rebus
1129 4344 1216 4417 meis

141 4470 280 4540 amicior
304 4492 409 4561 qnam
444 4468 616 4559 putabam.
643 4469 734 4551 Ouid
763 4489 848 4540 vero
877 4491 933 4541 mo
966 4484 1213 4563 responsurum
