2738 5062
999 453 1010 464 s

88 474 96 485 ι

334 715 426 764 ttnttn
447 713 940 773 outurusnuctnus-srtsrom
962 716 1023 765 xlv.
1162 710 1219 770 357

145 847 341 941 suspicione
373 846 520 918 liberant
553 871 621 920 non
647 849 816 939 ignobiles
853 850 1016 921 historici.
1048 852 1220 923 Caeterum

142 971 287 1045 dubium
308 991 376 1041 non
397 979 452 1040 est
477 972 585 1041 multo
605 969 784 1042 ardentius
808 971 1001 1043 desiderari
1024 976 1137 1045 solere
1160 974 1222 1046 de-

141 1097 336 1166 functorum
362 1092 526 1163 virtutem
558 1114 622 1186 per
654 1094 827 1185 ignaviam
858 1115 1124 1178 successorum3
1150 1117 1221 1187 quo

142 1215 233 1287 enim
265 1213 378 1305 magis
407 1211 531 1284 borum
558 1215 630 1285 vita
655 1213 861 1308 deprimitur
884 1236 927 1286 eo
953 1217 1056 1288 altius
1082 1218 1217 1289 illorum

141 1338 219 1407 laus
237 1336 411 1406 attollitur.
428 1336 507 1405 lure
524 1356 610 1424 ergo
628 1318 825 1407 laudandus
846 1336 1125 1433 Philopoemenes
1145 1339 1221 1409 dux

141 1455 293 1529 Acbaeus
310 1457 371 1549 qui
392 1456 437 1527 ab
453 1456 614 1528 hostibus
641 1457 715 1528 suis
736 1467 872 1550 captus,
894 1480 973 1529 cum
1001 1481 1136 1532 veneno
1161 1481 1221 1532 ne·

140 1589 276 1650 caretur
292 1579 361 1649 iam
380 1579 592 1649 mortiterum
610 1580 770 1672 poculum
788 1579 823 1647 in
841 1601 946 1650 manu
964 1579 1097 1652 babens
1114 1581 1221 1653 inter-

141 1700 278 1790 rogavit
298 1721 342 1769 an
363 1700 530 1783 Licortas,
556 1698 616 1791 qui
642 1707 725 1771 tunc
749 1702 835 1771 alter
859 1699 1065 1769 Achaeorum
1091 1711 1221 1793 praetor

140 1828 223 1904 erat,
244 1819 390 1902 viveret,
405 1817 461 1890 vir
476 1829 556 1911 post
572 1840 653 1890 eum
675 1820 709 1888 in
726 1819 855 1890 Achaia
873 1818 1096 1902 fortissimum
1114 1842 1232 1912 quem>

140 1953 179 2014 ut
198 1941 320 2011 vivere
337 1939 483 2024 audivit,
513 1970 528 2006 a
550 1941 629 2010 bene
650 1951 697 2009 cst
713 1939 839 2032 inquit:
865 1939 998 2021 bonum,
1014 1943 1140 2032 patrio,
1159 1941 1221 2010 du·

140 2085 209 2134 cem
228 2064 349 2133 bobas:
376 2089 389 2125 n
414 2071 520 2155 atque
538 2062 584 2132 ita
601 2070 782 2132 contentus
808 2071 844 2131 et
869 2061 1062 2153 intrepidus
1080 2062 1221 2154 expira-
1329 2120 1334 2124 .

138 2184 200 2255 vit.
221 2186 378 2256 Profecto
398 2195 514 2255 autem
537 2185 665 2275 praesul
686 2192 821 2268 noster,
845 2192 884 2255 ut
903 2183 947 2256 ad
969 2205 1041 2254 rem
1063 2185 1216 2268 redeam,

140 2304 235 2396 quod
247 2325 312 2376 nec
324 2314 447 2376 natura
461 2327 525 2376 nec
543 2303 726 2398 adoptione
744 2305 961 2398 permittitur,
978 2289 1219 2379 successorem
1263 2351 1265 2355 <

142 2426 208 2496 sibi
234 2427 394 2520 precibus
420 2427 513 2510 tacit,
541 2449 610 2527 non
638 2448 713 2500 suae
738 2427 880 2520 quidem
906 2429 1027 2519 gloriae
1053 2430 1117 2502 sed
1143 2446 1219 2500 suae

140 2549 297 2622 ecclesiae
318 2549 506 2621 studiosus.
529 2550 600 2621 Nec
616 2551 685 2633 ulla
704 2549 787 2619 mibi
808 2549 977 2622 dubitatio
997 2561 1053 2622 est
1072 2551 1165 2643 quin,
1188 2552 1217 2622 si

140 2671 175 2739 in
203 2691 307 2740 manu
334 2691 398 2741 sua
423 2672 573 2763 positum
607 2671 662 2756 sit,
688 2692 759 2743 non
788 2671 937 2764 aliquem
963 2673 1063 2744 cuius
1095 2672 1216 2743 inertia

140 2792 302 2865 laudibus
324 2792 399 2863 suis
418 2791 563 2876 adiiciat,
588 2793 650 2864 sed
672 2814 908 2864 successorem
932 2793 997 2864 sibi
1018 2792 1216 2865 redivivum

139 2915 246 2985 vellet
266 2912 487 2986 Ambrosium
506 2925 566 2985 aut
586 2914 699 3005 ipsum
718 2923 811 2984 certe
829 2912 1097 2998 Prosdocimum,
1116 2915 1217 2985 cuius

141 3035 315 3107 fundatam
341 3047 562 3129 erectamque
586 3035 752 3107 doctrinis
778 3035 960 3107 ecclesiam
994 3036 1085 3107 illam
1118 3036 1218 3109 novit

141 3156 187 3228 ab
206 3156 291 3250 ipsis
309 3155 387 3228 fidei
405 3166 536 3226 nostrae
554 3155 750 3248 primordiis
771 3156 943 3226 floruisse.
962 3155 1060 3227 Nunc
1079 3157 1160 3249 quia
1178 3168 1217 3229 ut

123 3278 316 3383 ‚credimus
337 3278 497 3349 inclinata
514 3278 581 3348 iam
605 3279 722 3350 saeouli
742 3278 818 3350 dies
839 3288 901 3360 est,
919 3298 964 3348 ex
986 3276 1029 3347 iis
1048 3299 1138 3370 quos
1155 3300 1216 3372 po-

141 3407 210 3470 test
230 3398 390 3470 serotinis
410 3400 577 3492 operariis
597 3399 710 3470 vineae
736 3398 888 3469 Sabaoth
908 3398 1074 3491 optimum
1094 3422 1216 3492 quem-

139 3543 210 3615 que
222 3522 363 3602 mavult,
378 3529 414 3591 et
433 3541 453 3592 a
470 3520 608 3594 Christo
625 3531 704 3616 post
724 3521 905 3613 quaesitam
924 3522 1214 3595 immortalitatem

141 3643 289 3737 primum
323 3642 388 3713 boc
424 3665 552 3715 munus
585 3644 757 3737 exposcit,
794 3646 895 3717 talem
930 3644 996 3716 sibi
1027 3666 1217 3718 successo-

141 3787 214 3836 rem
235 3765 319 3848 dari,
342 3764 399 3856 qui
421 3766 522 3837 claris
543 3766 707 3860 operibus
732 3781 768 3839 et
786 3768 868 3839 vitae
894 3769 969 3840 luce
988 3771 1112 3841 lamam
1139 3770 1216 3870 eius

139 3885 305 3958 obscuret
326 3887 562 3980 potiusquam
583 3889 745 3974 illustret,
767 3891 861 3984 qnod
881 3893 1012 3962 trustra
1033 3900 1151 3985 optare
1176 3891 1217 3961 il-

140 4008 211 4078 lum
233 4008 391 4078 arbitror.
414 4008 526 4078 Mittat
545 4009 635 4080 enim
657 4013 830 4082 Zenonem
853 4033 954 4082 suurn
975 4011 1126 4093 Verona,
1149 4014 1216 4085 Ge-

139 4129 330 4200 minianum
352 4130 491 4212 lllutina,
515 4130 679 4201 Ravenna
704 4131 924 4213 Severinum,
946 4131 1127 4204 Paulinum
1148 4135 1216 4207 No

141 4252 185 4335 la,
221 4253 337 4345 Capua
369 4252 595 4335 Germanum,
628 4251 811 4344 Aquitania
844 4253 1078 4346 Prosperum:
1110 4255 1216 4329 donet

140 4370 255 4444 Africa
277 4371 489 4463 Ciprianum,
517 4371 667 4465 Hispalis
689 4371 869 4444 lsidorum.
892 4373 991 4466 Elige
1018 4373 1078 4446 tibi
1097 4375 1214 4448 Padua

139 4513 187 4562 ex
208 4492 273 4563 hoc
294 4514 393 4563 sacro
415 4513 558 4563 numero
578 4514 681 4584 quern
709 4495 807 4565 voles
833 4495 1045 4588 episcopum,
1069 4499 1134 4567 erit
1160 4499 1213 4565 itte
1255 4494 1261 4504 '
