2738 5062
451 718 890 767 nrnnnuonus.-nr1srona
914 720 941 766 v.
1188 705 1223 764 le

152 879 216 954 gns
232 879 399 954 appareo,
427 860 508 952 qnia
533 878 625 954 saepe
658 859 786 932 scilieet
819 862 914 932 solus
943 882 1021 932 snm
1051 872 1099 944 et,
1130 861 1224 954 quod

149 985 250 1056 bilem
272 983 349 1053 risu
369 981 459 1052 iuste
484 983 642 1066 moverit,
669 984 750 1076 quia
780 983 910 1074 Virgilii
935 983 1041 1053 libros
1066 984 1158 1075 legO,
1186 993 1224 1055 nt

148 1106 203 1178 isti
225 1105 430 1202 peritissimi
450 1106 515 1174 viri
535 1106 666 1189 dicunt3
687 1118 807 1197 elego
827 1128 897 1177 non
918 1103 1057 1190 inficior,
1072 1107 1151 1198 legi.
1169 1107 1222 1176 En

148 1228 359 1326 suspicionis
377 1251 530 1299 causam.
551 1230 603 1298 En
623 1229 795 1300 infamiam
815 1227 1016 1300 studiorum.
1031 1231 1146 1300 Minus
1159 1229 1222 1299 mi-

147 1378 205 1426 ror
225 1350 370 1448 Apuleio
387 1352 609 1424 Madaurensi
625 1350 755 1423 crimen
776 1351 901 1443 magiae
919 1350 1107 1435 obiectum,
1128 1351 1222 1445 quod

150 1478 205 1548 ille
231 1477 372 1570 quidem
399 1475 657 1567 elegantissimo
688 1475 863 1546 volumine
893 1473 1003 1546 diluit.
1036 1474 1119 1545 Mihi
1152 1487 1221 1547 tam

148 1621 297 1693 operosa
318 1600 518 1671 defensione
538 1607 681 1670 nonest
710 1620 809 1691 opus.
843 1597 1003 1669 Nondum
1036 1596 1153 1666 trahor
1177 1597 1222 1669 ad

148 1721 332 1793 iudicium:
354 1720 448 1792 tenni
469 1743 644 1792 murmure
666 1720 773 1792 fuscis
803 1741 925 1814 carpor
944 1720 984 1808 ,in
1004 1721 1151 1812 angulis.
1177 1722 1221 1791 Et

145 1843 265 1915 ludum
283 1854 385 1939 putas
407 1844 540 1915 facilem
561 1848 663 1917 famae
682 1843 841 1941 cymbam
858 1842 912 1914 his
926 1844 1130 1935 ignorantiae
1144 1865 1220 1915 soo-

146 1969 235 2064 pulis
256 1972 455 2062 frequenter
483 1969 588 2041 illidi‘l
612 1970 651 2042 ld
676 1978 745 2039 est:
780 1990 905 2040 exerce
938 1968 1125 2059 ingenium,
1154 1988 1220 2057 age

145 2102 265 2165 noctes
286 2093 477 2176 insomnes,
497 2092 608 2165 scribe
626 2090 757 2186 aliquid
776 2091 869 2185 quod
889 2112 973 2162 mox
990 2092 1080 2161 inter
1098 2111 1220 2162 censo-

145 2217 215 2287 rias
236 2216 337 2287 oadat
361 2236 501 2298 manus,
524 2214 618 2286 unde
647 2213 737 2305 magi
765 2236 957 2307 cognomen
983 2236 1159 2300 mereare,
1188 2214 1217 2287 si

146 2340 335 2432 quidquam
348 2338 487 2410 omnino
498 2337 630 2409 dixeris
648 2338 741 2430 quod
758 2360 826 2409 non
846 2339 1036 2431 intelligant
1055 2338 1116 2433 qui
1132 2337 1217 2408 nihil

146 2462 348 2553 intelligunt.
363 2462 578 2554 Quamquam
593 2471 648 2531 est
666 2459 700 2531 id
716 2461 856 2555 quidem
871 2461 994 2533 levius.
1009 2463 1134 2552 Magus
1151 2480 1217 2550 ego

143 2585 210 2656 dici
227 2585 344 2655 malim
365 2606 470 2677 quam
490 2583 692 2670 maledicus,
712 2607 887 2677 quamque
907 2582 1095 2655 maleficus.
1118 2585 1163 2655 Et
1187 2582 1216 2653 si

142 2717 355 2801 seponantur
371 2706 459 2789 heo,
478 2706 592 2777 animo
610 2706 719 2777 maior
743 2717 798 2778 est
824 2706 1009 2777 voluntatis
1035 2729 1138 2800 quam
1165 2705 1216 2776 in-

144 2834 299 2903 tellectus
312 2831 520 2924 exportatio,
534 2852 739 2923 morumque
752 2853 855 2925 quam
872 2830 1061 2901 studiorum
1077 2831 1216 2919 gravior

143 2955 296 3024 infamia:
327 2952 408 3023 mibi
432 2952 527 3047 quod
551 2950 748 3022 nesciebam
769 2963 915 3044 utraque
945 2962 1045 3043 parta
1072 2961 1136 3021 est.
1167 2952 1216 3023 lta

143 3073 236 3160 dico,
259 3074 289 3145 si
308 3074 386 3169 quis
406 3084 522 3168 potest
538 3072 583 3146 ab
600 3071 785 3143 infamibus
798 3070 966 3142 infamari.
982 3071 1127 3156 Satisne,
1142 3093 1213 3156 oro,

141 3197 247 3289 igitur
267 3196 371 3289 digne
392 3197 499 3270 breve
519 3195 601 3268 illud
622 3205 657 3268 et
676 3194 850 3289 hispidum
868 3215 991 3290 poema
1017 3217 1085 3265 non
1106 3193 1215 3264 aliun-

141 3321 185 3392 de
205 3343 309 3415 quam
331 3320 375 3393 ab
395 3320 703 3393 exclamationibus
723 3340 825 3391 orsus
846 3328 902 3390 est
919 3318 1073 3391 Persius:

262 3491 285 3555 0
302 3507 391 3556 curas
407 3493 583 3568 hominum,
603 3508 621 3553 o
643 3496 789 3571 quantum
805 3496 851 3552 est
869 3493 899 3552 in
914 3491 1005 3555 rebus
1022 3493 1126 3556 inancl

144 3685 249 3756 lmmo
261 3706 347 3757 vero
367 3708 471 3780 quam
490 3685 537 3756 nil
556 3686 665 3771 solidi,
684 3685 769 3756 nihil
782 3685 883 3758 certi:
898 3686 1060 3780 quoniam
1076 3688 1213 3758 foveam

142 3828 246 3900 quam
266 3829 404 3905 semper
433 3810 505 3902 fugi
525 3809 559 3880 in
579 3832 656 3882 eam
681 3809 832 3882 maxime
859 3809 1084 3881 inadvertens
1098 3808 1210 3894 incidi,

141 3930 301 4023 nnlloqne
318 3932 433 4003 studio
454 3933 595 4025 contigit
611 3934 770 4005 caninum
796 3935 935 4006 dentem
961 3930 1212 4004 mordacissimi

139 4051 343 4126 detractoris
368 4055 528 4128 evadere.
557 4057 644 4149 Fugi
664 4057 769 4141 enim,
803 4057 893 4139 silni,
918 4057 1013 4127 latui:
1040 4054 1104 4125 sed
1128 4056 1214 4127 olfa-

139 4173 233 4245 ciens
247 4199 394 4269 gressus
408 4200 513 4265 mooe,
535 4181 570 4251 in
586 4182 681 4277 ipsas
698 4182 835 4251 intimas
853 4201 892 4250 ao
907 4178 1046 4248 silentes
1059 4178 1211 4250 latebras

140 4296 263 4394 irrupit
281 4299 421 4373 invidia.
449 4303 540 4375 Satis
566 4306 673 4374 multa
698 4304 741 4374 de
767 4323 931 4394 persona,
958 4299 1141 4373 veniamus
1168 4303 1212 4373 ad

140 4440 212 4490 rem
234 4421 355 4515 ipsam.
372 4425 422 4494 Et
440 4424 601 4516 quoniam
628 4424 710 4494 mihi
735 4425 900 4518 comperti
925 4422 1010 4493 nihil
1036 4423 1207 4505 obiicitur,

141 4552 178 4614 ut
198 4542 315 4628 audio,
348 4547 412 4619 sed
430 4569 477 4619 ex
499 4548 751 4642 suspicionibus
769 4547 895 4640 agitur,
922 4556 958 4618 et
981 4548 1016 4617 in
1041 4570 1082 4620 ea
1106 4567 1210 4638 quam
