2738 5062
148 638 206 699 tae
486 648 526 695 nu
547 648 647 697 trenas
666 644 886 695 restituturus

150 790 292 869 riantes,
306 808 327 856 a
342 785 441 855 solita
460 792 575 853 tamen
591 782 794 854 liberalitate
807 790 1039 865 retraxeram,
1053 802 1150 873 quas
1162 804 1239 855 non

149 909 246 1003 prius
261 908 304 979 ad
320 916 486 979 consucta
511 913 725 989 convertam,
746 926 850 996 quam
878 913 914 973 tu
934 899 980 975 ad
998 903 1146 975 virtutis
1168 904 1239 977 iter

150 1041 281 1103 rectum
310 1029 356 1099 ab
376 1026 621 1100 adolescentiae
649 1037 718 1097 tuae
746 1024 909 1118 praecipiti
935 1026 1040 1098 domo
1067 1026 1152 1119 (sic)
1175 1048 1236 1099 re-

149 1151 311 1233 vertaris,
339 1149 422 1221 nulli
447 1150 585 1243 penitus
611 1149 654 1220 dc
681 1158 715 1218 te
743 1148 809 1218 nisi
836 1157 897 1218 aut
924 1146 1073 1239 publicae
1098 1150 1232 1231 lamae,

148 1272 330 1344 contrariae
344 1273 401 1342 vel
417 1269 641 1365 experientiae
653 1270 860 1342 crediturus.
876 1270 1050 1340 Coeterum
1066 1282 1105 1340 ut
1124 1268 1234 1343 modo

150 1394 318 1487 tantisper
336 1393 510 1464 silentium
531 1392 778 1486 interrumpam
797 1391 932 1462 amicus
953 1390 1009 1461 hic
1027 1400 1154 1464 noster
1172 1412 1234 1465 oo-
1277 1388 1283 1397 '

149 1515 212 1607 git,
236 1515 294 1605 qui
316 1514 346 1581 si
367 1512 482 1583 miuus
504 1522 536 1582 te
557 1522 702 1593 amaret,
727 1515 804 1604 plus
825 1512 918 1605 apud
938 1532 996 1583 me
1017 1510 1100 1583 fidei
1115 1534 1232 1585 mere-

149 1646 253 1707 retur.
276 1632 346 1705 Sed
365 1642 402 1703 ut
419 1633 487 1702 siut
504 1654 589 1704 vera
605 1653 686 1725 quae
707 1632 763 1701 ille
779 1633 824 1704 de
840 1641 875 1703 te
895 1632 1060 1725 loquitur,
1083 1632 1230 1725 quaudo

147 1756 182 1829 iu
205 1766 328 1827 natura
345 1775 460 1825 rerum
482 1756 550 1825 lert
570 1765 607 1824 ut
626 1754 724 1825 lacile
744 1754 865 1827 credat
880 1755 1030 1846 quisque
1049 1754 1148 1846 quod
1167 1776 1230 1827 eu-

147 1878 442 1971 pie-perseveram
454 1874 622 1960 incumbe,
633 1875 913 1968 praeteritamque
926 1874 1110 1966 segnitiem
1118 1898 1229 1949 cursu

147 2000 318 2071 velociore
338 2019 538 2090 compensa.
560 1997 621 2069 Sin
641 1999 726 2070 falsa
748 2006 838 2081 sunt,
860 2000 914 2069 lac
934 2016 1021 2067 vera
1040 2018 1126 2069 essa
1142 1997 1229 2069 inei-

147 2121 252 2212 piant.
281 2121 346 2189 Per
370 2119 537 2212 teipsum
566 2140 690 2192 moneo
713 2131 751 2190 ct
769 2118 935 2202 obtestor,
959 2119 987 2189 si
1008 2140 1082 2211 qua
1097 2118 1159 2191 tihi
1176 2120 1225 2191 lui

145 2262 228 2311 cura
245 2250 318 2319 est,
338 2239 367 2309 si
384 2240 464 2330 quis
481 2261 577 2310 amor
594 2243 729 2332 gloriae,
750 2242 779 2312 si
797 2241 876 2334 quis
898 2250 1012 2311 metus
1032 2240 1227 2337 opprobrii;

145 2361 191 2434 ad
210 2381 266 2429 me
284 2359 376 2431 enim
397 2380 444 2429 ex
466 2361 595 2431 tenihil
618 2384 794 2454 nunquam
816 2362 882 2433 nisi
903 2362 1038 2433 llosculi
1060 2364 1221 2455 quidam,

146 2502 229 2573 spes
247 2478 387 2562 solicita,
405 2490 441 2550 ct
452 2500 579 2573 anceps
593 2484 729 2553 venturi
745 2482 912 2575 gaudium
930 2485 1019 2555 lorte
1032 2484 1227 2578 perveniet

145 2606 205 2685 Tus
221 2604 250 2675 si
266 2601 348 2673 milri
361 2601 560 2687 credideris,
581 2614 658 2695 post
672 2625 727 2675 tne
744 2605 900 2677 laborum
916 2613 1057 2677 tuorum
1072 2620 1110 2681 et
1123 2608 1228 2681 huius

147 2726 311 2818 temporis
328 2723 549 2797 dulcissimos
570 2728 704 2797 lructus
726 2730 833 2819 leges.

564 3314 741 3379 Evtsloll
762 3316 806 3379 lll.

198 3514 391 3563 r·1tn.vclsctts
413 3518 579 3568 PETRARCA
602 3522 731 3571 uttnolt'l
752 3522 988 3573 Altcnlltttcono
1010 3526 1173 3581 GENUENSI

614 3627 640 3675 S.
662 3629 689 3675 P.
713 3627 742 3675 D.

142 3822 264 3877 Dilatum
277 3820 339 3876 eius
353 3822 381 3877 in
399 3822 506 3879 Italiam
521 3824 670 3878 adventum
684 3822 752 3879 dum
766 3825 913 3899 improbat,
936 3836 1049 3883 excusat
1065 3832 1103 3887 ob
1116 3834 1225 3889 cladem

231 3910 419 3967 Genuensium
435 3930 451 3967 a
468 3911 581 3967 Venetis
596 3912 624 3966 iu
640 3913 728 3967 navali
742 3914 815 3969 bello
833 3914 1001 3985 conlectam,
1023 3918 1146 3993 illosque
1165 3930 1225 3977 tum

227 4002 332 4058 viribus
346 4008 406 4058 lum
419 4003 511 4059 animo
525 4001 654 4058 cecidisse
668 4002 854 4076 conqueritur.
1070 3994 1078 4005 '

239 4310 425 4383 Consilium
445 4322 541 4383 tuum
560 4327 597 4383 ut·
614 4336 678 4387 nec
695 4314 835 4407 probem
855 4336 918 4386 nec
935 4316 1129 4411 improbem
1146 4320 1224 4415 ipsa

140 4432 353 4523 perplexitas
378 4455 496 4505 rerum
523 4437 613 4507 lacit.
640 4436 726 4519 Quis
747 4434 838 4517 cuim
870 4436 992 4527 probet
1013 4447 1047 4507 te
1068 4438 1104 4510 in
1126 4450 1223 4515 terra
