2738 5062
143 612 202 674 llll
473 624 514 671 ue
536 624 636 673 nunus
658 623 877 673 rluinranmus

141 771 299 857 quaerent
330 771 474 853 nepotes
506 762 649 833 forsitan
682 761 726 833 ad
761 762 867 854 ripam
895 757 992 850 Tagi,
1028 766 1066 829 ut
1097 766 1212 851 puteat

142 885 226 956 nihil
242 906 322 956 esse
338 883 432 977 quod
449 905 518 953 non
536 884 724 956 confundat
743 907 784 956 ao
805 885 990 955 transierat
1004 883 1108 975 longa
1123 882 1209 965 dies,

142 1018 177 1077 et
197 1007 242 1079 ad
261 1029 420 1079 oceasum
442 1008 557 1079 omnia
575 1029 768 1099 properare.
788 1010 837 1077 De
855 1007 920 1078 lroc
938 1016 1053 1078 tannen
1071 1016 1211 1078 sanctus

143 1131 197 1201 ille
218 1130 420 1223 rigidusque
446 1130 595 1222 piscator
628 1129 766 1213 viderit,
801 1130 861 1224 qui
894 1153 971 1202 cum
1006 1129 1211 1200 Rhodanum

143 1256 259 1335 sciret,
280 1276 344 1324 nee
364 1255 495 1344 Tagum
516 1262 609 1323 certe
635 1275 698 1323 nec
718 1255 914 1345 Sequanam
936 1252 1130 1345 ignoraret,
1152 1275 1213 1324 na·

142 1378 290 1448 viculum
312 1388 425 1448 tamen
446 1399 486 1448 ac
507 1376 593 1447 retia
614 1376 773 1447 Tiberino
800 1375 877 1446 lixit
897 1376 932 1446 in
956 1377 1111 1467 gurgite:
1137 1376 1206 1458 ille,

142 1501 290 1594 inquam,
306 1499 430 1571 viderit
442 1499 541 1570 euius
555 1498 679 1594 cymba
691 1521 782 1569 nunc
795 1499 953 1592 procellis
967 1498 1098 1589 agitur,
1112 1499 1211 1572 cuius

142 1625 277 1695 navalia
298 1621 521 1693 deseruntur:
543 1622 695 1693 viderint
713 1621 771 1715 qui
793 1623 838 1693 ad
857 1621 1132 1714 gubernaculum
1157 1643 1212 1695 se-

141 1746 326 1838 dentNos
348 1755 506 1816 vectores
528 1768 659 1831 sumus,
681 1754 771 1816 aestu
791 1746 954 1839 rapimur,
970 1748 1119 1818 lortunae
1134 1766 1213 1841 par-

142 1870 260 1963 ticipes
278 1890 346 1938 uon
362 1871 483 1961 culpae.
499 1870 596 1939 Illum
613 1890 697 1961 ergo
714 1891 814 1953 nune,
833 1869 914 1961 quia
932 1867 990 1938 ubi
1008 1871 1133 1940 vellem
1151 1891 1211 1940 ne-

140 2016 239 2085 queo,
256 1992 313 2062 ubi
331 2014 473 2086 possum
487 2013 646 2084 quaerere
661 2003 716 2062 est
733 1990 880 2075 animuS,
897 1990 999 2061 simul
1016 2012 1058 2061 ac
1072 2012 1212 2086 sparsas

141 2116 293 2186 dulcium
315 2115 476 2205 reliquias
499 2114 703 2195 amicorum3
730 2136 878 2207 cumque
902 2112 1065 2185 omnibus
1090 2135 1213 2207 supre-

141 2260 236 2308 mum
258 2240 334 2306 vale
355 2235 487 2319 dixero,
507 2236 665 2306 crudeles
684 2248 793 2307 terras
810 2247 1007 2308 clavarum
1026 2259 1111 2308 vere
1131 2237 1211 2308 litus

140 2358 305 2449 effugere,
329 2366 433 2449 alque
455 2359 488 2426 in
515 2361 656 2450 praelato
691 2383 771 2431 rure
802 2370 933 2445 nostro,
967 2361 1062 2453 quod
1096 2363 1212 2455 procul

141 2479 221 2550 inde
241 2479 436 2573 quindecim
457 2502 623 2574 passuum
645 2480 795 2551 millibus
814 2482 858 2552 ad
878 2485 1082 2575 praeclarum
1098 2506 1140 2556 ae
1157 2505 1213 2557 so-

141 2623 263 2673 norum
285 2604 416 2693 Sergiae
436 2605 561 2674 sontem
583 2606 675 2689 latet,
700 2605 787 2676 inter
804 2606 911 2676 silvas
933 2627 973 2676 ac
998 2604 1143 2679 flumina
1161 2607 1214 2678 in-

141 2736 261 2819 terque
283 2724 415 2795 libellos
437 2725 564 2807 verine,
588 2726 648 2819 qui
668 2726 795 2798 ibidem
822 2727 888 2798 sub
914 2727 1043 2798 rustico
1067 2728 1215 2801 custode

140 2850 245 2921 vineti
265 2861 301 2921 et
318 2850 409 2922 taciti
426 2849 492 2920 iam
511 2872 566 2919 me
583 2850 846 2942 quadriennium
864 2859 1099 2943 expectarunt,
1118 2850 1215 2943 quod

141 2976 348 3070 superfuerit
380 2974 513 3045 estatis
540 2974 692 3046 solitaria
717 2972 833 3066 quiete
860 2974 1068 3063 transigere3
1095 2995 1155 3058 ne,
1183 2974 1214 3045 si

141 3122 222 3170 mox
237 3097 385 3188 vestigia
397 3108 478 3167 nota
496 3098 661 3186 relegero,
682 3098 923 3186 corpusculum
943 3096 1016 3179 hoc,
1039 3095 1213 3167 continuis

140 3224 218 3293 licet
239 3221 283 3292 ab
301 3219 440 3290 infantia
459 3216 638 3287 laboribus
660 3217 862 3301 exercitum,
891 3217 995 3289 nimio
1021 3220 1137 3290 forsan
1157 3242 1215 3292 ar-

139 3343 223 3414 dore
243 3341 434 3423 conficiam3
456 3339 510 3411 cui
532 3361 636 3434 parco
654 3362 722 3410 non
739 3339 785 3411 ob
801 3341 894 3412 aliud
911 3341 978 3411 nisi
994 3364 1064 3434 quo
1080 3342 1213 3414 diutius

142 3478 321 3559 torqueam
342 3487 382 3535 ac
402 3464 553 3556 fatigem.
576 3462 773 3536 Autumnus
792 3473 846 3535 nie
864 3466 1022 3549 revehet,
1043 3473 1080 3536 ut
1098 3487 1209 3559 spero,

141 3591 243 3660 simul
260 3598 295 3659 et
312 3588 443 3658 libellos
462 3588 546 3672 illos,
566 3587 782 3659 bibliothecae
800 3588 891 3659 italae
910 3610 998 3680 quos
1017 3588 1142 3659 inferre
1159 3589 1212 3660 di·-

140 3712 270 3808 sposui.
293 3711 407 3783 Habes
424 3721 458 3781 et
474 3710 517 3781 de
537 3713 711 3805 praeterito
728 3711 900 3782 tarditatis
918 3731 1006 3780 meae
1021 3731 1159 3795 causas,
1176 3719 1212 3781 et

140 3835 315 3906 defuturo
337 3834 500 3927 propositi
522 3835 588 3904 moi
611 3857 794 3919 summam,
818 3857 860 3905 ne
880 3832 964 3926 quid
983 3835 1039 3903 vel
1061 3834 1212 3905 admira-

141 3958 241 4030 tionis
260 3962 315 4030 vel
336 3958 570 4050 ambiguitatis
591 3959 741 4052 obrepat.
765 3957 945 4050 Reliquum
970 3966 1084 4029 estut
1105 3959 1212 4029 Sona-

141 4081 188 4151 tui
203 4093 329 4169 nostro,
345 4082 398 4153 oui
418 4084 501 4176 quid
522 4080 667 4153 debeam
686 4081 790 4166 nosti,
809 4104 935 4151 nomen
952 4104 1067 4153 meum
1089 4082 1209 4154 sedula

139 4206 322 4278 devotione
354 4208 589 4279 commendes:
623 4205 665 4277 ad
699 4193 775 4277 hanc
801 4215 837 4276 et
863 4215 934 4276 tres
966 4205 1209 4299 compatriotas

139 4337 289 4413 nostroe,
303 4331 450 4425 optimos
471 4331 547 4402 illos
568 4330 705 4424 quidem
725 4353 765 4400 ac
782 4328 1044 4424 probatissimos
1066 4328 1206 4409 amicos,

139 4474 295 4544 quorum,
317 4476 535 4546 quocumque
555 4453 661 4537 ierim,
683 4455 802 4523 vultus
815 4474 854 4522 ac
870 4451 975 4523 verba
990 4452 1205 4533 circumfero,
