2738 5062
348 687 440 736 nmeu
462 683 960 743 outnrusnucmus-umsrom
983 685 1022 732 n.
1165 670 1224 730 :323

145 829 231 901 meis
265 823 453 915 mirarique
486 820 664 912 compulit,
702 820 752 890 sic
786 818 889 890 modo
924 838 1132 910 responsum
1168 821 1223 890 sit.

145 952 238 1022 Vale.

287 1093 329 1147 nd
345 1092 460 1147 Fontem
476 1090 588 1160 Sorgiae.
606 1088 643 1144 lll
656 1088 795 1144 Kalendas
809 1087 931 1142 Martias.

649 1318 724 1328 -2—

573 1562 749 1628 nrlsroll
771 1561 804 1624 V.

171 1774 365 1827 annclscus
381 1770 549 1823 PETRARCA
566 1770 670 1819 Panno
689 1769 805 1819 lnam
822 1767 936 1816 snucll
954 1766 1075 1817 uuallon
1091 1769 1117 1817 S.
1133 1768 1160 1816 Ρ.
1176 1769 1206 1817 Ι).

162 1971 268 2028 Laudat
281 1972 341 2026 eius
356 1961 494 2025 scribendi
510 1968 659 2022 rationem:
677 1965 785 2037 attingit
799 1965 895 2020 leviter
910 1964 944 2020 de
960 1965 1081 2037 quadam
1094 1966 1209 2038 epistola

219 2060 352 2115 adversus
366 2057 503 2113 medicos:
520 2056 642 2127 itemque
656 2053 691 2110 de
706 2054 814 2110 Caesare
830 2054 865 2109 ab
879 2053 958 2110 ltalia
972 2053 1147 2111 abhorrente.

241 2297 329 2368 Miro
348 2296 488 2388 quidem
520 2305 557 2366 et
588 2315 681 2366 uovo
713 2315 858 2389 prorsus
892 2294 1040 2367 artificio
1060 2316 1148 2367 usus
1173 2318 1223 2368 es.

143 2420 230 2490 Nam
251 2430 286 2489 ct
306 2414 502 2489 tarditatem
528 2438 592 2489 seu
616 2416 736 2489 verius
761 2418 1006 2513 occupationes
1029 2427 1120 2502 tuas,
1147 2418 1226 2513 qui·

143 2541 209 2615 bus
228 2538 325 2626 mibi,
345 2561 424 2612 care
441 2547 548 2635 paler,
569 2543 755 2613 multarum
771 2539 909 2613 debitor
925 2541 1116 2613 litterarum
1132 2561 1222 2625 eras,

143 2662 210 2736 sub
234 2662 376 2735 obtentu
401 2661 585 2735 cuiusdam
610 2662 818 2736 reverentiae
839 2662 907 2735 stili
929 2664 997 2733 mei
1024 2661 1225 2734 mirabiliter

141 2786 334 2870 excusasti,
368 2793 404 2857 et
436 2784 520 2856 dum
554 2806 661 2879 super
691 2786 824 2858 calamo
855 2804 933 2855 meo
965 2783 1224 2855 admirationem

143 2919 236 2979 tuam
255 2907 374 2980 verbis
400 2905 672 3004 elegantissimis
697 2928 737 2978 ac
763 2907 851 2978 mira
875 2903 1070 2977 urbanitate
1095 2903 1225 2975 confin-

141 3030 209 3123 gis,
231 3031 307 3123 ipse
327 3051 383 3101 me
400 3029 435 3101 in
452 3038 631 3125 stuporem
650 3028 699 3101 tui
715 3024 839 3101 calami
852 3048 922 3100 non
936 3026 1111 3099 modicum
1131 3049 1225 3098 com-

140 3152 269 3248 pulisti.
284 3151 337 3223 Au
348 3161 464 3225 autem
482 3173 551 3224 uon
565 3151 734 3236 advertis,
753 3158 816 3224 aut
831 3173 888 3223 me
904 3172 973 3221 non
992 3150 1223 3222 adversurum

140 3293 262 3366 speras
276 3282 309 3344 te
326 3295 433 3356 nunc,
449 3271 543 3366 quod
561 3272 680 3346 multis
700 3295 794 3368 saepe
814 3271 956 3358 accidit,
969 3270 1109 3367 proprio
1126 3272 1224 3362 inge-

142 3394 198 3466 nio
214 3395 490 3468 circumventum
509 3396 673 3500 nullaque
687 3417 725 3467 re
738 3395 851 3487 magis
869 3417 974 3488 quam
993 3394 1224 3468 excusatione

140 3516 278 3611 propria
297 3538 395 3588 reum
417 3514 521 3588 fieri‘l
539 3518 696 3613 Epistola
715 3517 808 3589 enim
828 3525 885 3588 tua
904 3520 1001 3590 testis
1023 3518 1089 3590 erit
1107 3518 1143 3588 in
1163 3539 1224 3613 po-

141 3647 274 3710 sterum
308 3659 412 3732 posse
447 3648 479 3710 te
510 3638 555 3710 ad
583 3640 699 3712 omnia
721 3640 904 3734 magnifice
925 3640 1153 3734 respondere,
1180 3663 1224 3712 ne

139 3759 225 3832 dum
250 3762 333 3832 mihi
365 3759 429 3832 sed
458 3762 649 3834 Tullioz'et
676 3762 720 3834 de
751 3766 930 3859 praeterito
965 3765 1064 3835 testis
1094 3773 1162 3848 est,
1195 3767 1225 3835 si

141 3882 353 3976 respondere
374 3883 588 3976 neglexeris,
615 3884 661 3955 nil
684 3885 744 3956 tibi
774 3885 840 3957 nisi
876 3893 1014 3976 tempus
1048 3887 1136 3956 forte
1170 3886 1224 3955 vel

140 4003 293 4075 animum
315 4005 480 4077 defuisse.
504 4005 661 4076 Sciebam
680 4008 726 4076 ita
743 4029 839 4092 esse,
857 4006 920 4078 sed
937 4006 1084 4097 epistola
1105 4019 1161 4076 tua
1181 4031 1225 4080 ne

139 4124 362 4198 dissimulare
383 4148 536 4219 uuquam
555 4129 674 4196 valeas
688 4126 775 4197 fecit.
791 4127 921 4196 Verum
940 4125 996 4196 bis
1014 4127 1048 4195 in
1066 4147 1224 4221 praesens

140 4246 295 4332 omissis,
315 4249 376 4318 tibi
397 4271 490 4319 nunc
511 4259 622 4343 pater,
639 4247 719 4319 olim
738 4248 852 4329 frater,
873 4269 935 4338 pro
953 4246 1168 4320 transmissis
1186 4248 1225 4318 li-

140 4367 258 4452 bellis,
283 4371 347 4443 sed
368 4373 476 4443 mullo
497 4373 650 4442 maxime
671 4392 733 4464 pro
755 4368 988 4443 admonitione
1012 4372 1070 4443 illa
1090 4371 1226 4442 brevis-

141 4491 246 4577 sima,
269 4516 339 4584 qua
361 4517 415 4566 me
435 4495 526 4565 circa
547 4503 681 4585 partem
699 4516 766 4566 nou
789 4493 953 4585 exiguam
974 4495 1046 4588 spci
1065 4514 1154 4566 meae
1172 4516 1225 4563 ar-
