2738 5062
310 713 401 760 LlBEll
423 687 714 768 Qululbsnucluus
725 729 765 743 -
775 711 928 760 EPISTULA
950 713 992 761 lll.
1132 701 1187 763 281

111 850 234 929 torma,
257 847 341 937 quid
363 846 557 943 munditiae,
579 847 664 939 quid
684 850 798 918 cultus
818 849 985 939 corporis
1013 850 1191 944 splendor-

109 990 177 1062 que
198 987 406 1060 purpureus,
428 966 512 1059 quid
534 968 683 1038 vestium
703 968 859 1040 studiosa
877 970 1045 1053 varietas,
1064 971 1190 1064 exqui-

109 1090 269 1182 situsque
302 1087 457 1169 habitus,
491 1088 576 1180 quid
609 1089 860 1160 iucundissima
894 1112 965 1161 voa
994 1101 1189 1184 cantusque

109 1209 317 1291 mellifluuS,
337 1209 422 1300 quid
441 1212 537 1303 lepor
558 1209 593 1278 in
610 1210 732 1292 verbo,
751 1209 835 1303 qnid
857 1211 1013 1302 angelica
1031 1213 1190 1285 suavitas

108 1334 143 1402 in
166 1331 322 1410 incessu,
350 1328 384 1398 in
410 1339 531 1420 gustu,
559 1330 594 1400 in
622 1330 797 1413 accubitu,
821 1331 854 1400 in
880 1331 981 1413 iocis,
1004 1332 1038 1401 in
1065 1333 1191 1405 seriis?
1280 1360 1283 1364 ·

108 1451 206 1520 Anne
227 1450 282 1519 his
296 1449 458 1521 omnibus
478 1453 533 1520 vel
554 1459 727 1522 momento
745 1453 909 1545 temporis
926 1453 1064 1525 differre
1081 1455 1191 1547 potuit

108 1571 229 1642 mortis
249 1571 396 1641 horam?
416 1571 444 1642 0
461 1591 519 1642 res
536 1571 715 1642 hominum
737 1571 935 1663 ambiguas,
953 1595 975 1645 o
993 1573 1189 1668 impraeme-

107 1690 233 1762 ditatos
241 1689 378 1761 exitus!
394 1691 422 1760 0
436 1692 589 1763 fallacem
605 1669 711 1784 spem,
727 1690 983 1784 volubilemque
996 1695 1184 1765 fortunam!

106 1811 135 1881 Ο
157 1809 363 1882 tenuissimo
381 1809 438 1883 filo
456 1812 583 1903 gaudia
600 1821 720 1883 nostra
738 1813 941 1905 pendentia!
962 1814 1185 1908 Onunquam

105 1941 236 2002 oertum
265 1930 470 2002 mortalibus
497 1953 704 2025 semperque
730 1945 931 2024 suspectum
958 1957 1000 2006 ac
1025 1934 1188 2006 lormida-

105 2051 207 2123 bilem
229 2053 287 2123 lati
308 2052 421 2124 diem!
451 2053 520 2123 Sed
542 2053 626 2145 quid
646 2057 739 2143 ago?
763 2055 853 2126 Ecce
880 2057 946 2127 iarn
974 2057 1185 2150 pedetentim

104 2176 265 2267 pelagum
287 2176 464 2267 ingredior
485 2175 547 2245 vix
569 2174 656 2246 bene
679 2185 772 2246 tutus
794 2177 828 2246 in
849 2177 959 2250 litore.
987 2180 1107 2271 ltaque
1132 2201 1187 2251 re-

105 2295 281 2368 deundum
302 2307 368 2367 est.
390 2295 533 2367 Amicus
559 2306 678 2366 noster
698 2296 799 2390 periit
825 2321 894 2390 quo
920 2300 1004 2370 nihil
1030 2299 1186 2371 ornatius

103 2418 227 2489 civitas
259 2417 317 2487 illa
349 2429 527 2510 genuerat.
561 2415 653 2489 Talis
686 2417 732 2488 ibi
766 2421 880 2512 qualis
911 2423 1030 2494 Romae
1056 2421 1183 2515 Scipio,

103 2540 215 2631 qualis
248 2540 382 2632 Sparte
415 2540 609 2624 Leonidas,
644 2541 757 2634 qualis
790 2541 987 2616 Alcibiades
1021 2522 1184 2628 Athenis,

102 2663 202 2734 cuins
223 2662 306 2734 nulli
329 2661 517 2733 secundam
539 2662 687 2734 indolem
710 2663 827 2734 mirari
848 2666 956 2747 soleo,
976 2686 1079 2756 quem
1099 2666 1183 2748 colo,

103 2804 206 2875 quem
228 2781 350 2864 dilexi,
373 2791 408 2852 et
433 2781 493 2874 qui
515 2781 597 2851 mihi
620 2803 725 2872 quam
747 2805 850 2854 carus
872 2783 987 2868 luerit,
1007 2805 1184 2874 nunquam

102 2904 231 2976 clarius
255 2924 361 2994 quam
388 2903 567 2996 perdendo
591 2902 752 2992 cognovi.
783 2904 900 2974 Talem
931 2902 1037 2994 igitur
1062 2922 1183 2974 casum

103 3022 228 3094 tacitus
249 3025 338 3094 serre
358 3046 427 3095 non
448 3022 553 3118 potui.
582 3021 651 3093 Sed
671 3042 741 3092 non
766 3022 847 3093 ideo
871 3022 983 3113 longis
1010 3023 1186 3114 querimo-
1277 3040 1284 3049 '

103 3144 170 3216 niis
188 3144 436 3236 indulgendum
455 3155 519 3217 est.
537 3142 643 3216 Periit
662 3142 794 3214 amicus
812 3146 958 3214 noster‘l
976 3144 1084 3215 lmmo
1101 3166 1185 3216 vero

103 3266 270 3360 pereundi
287 3265 391 3337 finem
411 3266 553 3358 reperit.
575 3264 690 3337 Obiit?
707 3266 816 3338 lmmo
833 3264 931 3350 abiit,
945 3264 1004 3337 ubi
1023 3265 1091 3335 iam
1110 3263 1185 3338 sine

102 3387 251 3460 abeundi
273 3387 490 3460 solicitudine
515 3398 681 3482 metuque
705 3397 913 3480 permaneat.
936 3386 1056 3459 Abiit?
1076 3387 1185 3461 lmmo

102 3510 219 3602 potius
245 3510 348 3583 rediit
372 3510 465 3581 unde
498 3509 723 3592 discesserat,
759 3508 853 3581 unde
880 3509 1182 3604 peregrinabatur,

103 3630 196 3702 unde
215 3631 398 3714 exulabat3
420 3630 585 3704 rediitad
606 3632 702 3702 illum
723 3652 744 3703 a
765 3654 835 3724 quo
854 3631 890 3703 in
910 3631 1103 3705 custodiam
1127 3653 1185 3703 ca-

104 3750 198 3837 duci,
220 3753 300 3825 licet
319 3752 540 3848 pulcherrimi
565 3754 734 3848 corporis,
757 3752 888 3827 missus
914 3766 998 3827 erat.
1025 3757 1193 3827 Mortuus·

103 3877 180 3945 est‘?
190 3876 298 3947 lmmo
311 3896 374 3947 nos
386 3874 528 3948 assidue
542 3877 729 3948 morientes
742 3876 920 3961 deserens,
930 3900 1021 3948 nuno
1034 3878 1182 3970 primum

103 3995 201 4067 vivit.
226 3998 390 4090 Sepultus
416 4001 495 4067 est?
520 3998 629 4068 lmmo
655 3996 823 4088 gravibus
847 3998 971 4069 uinclis
997 3997 1183 4089 explicitus

103 4137 205 4188 suum
225 4127 341 4202 terrae,
357 4121 445 4191 coelo
463 4139 566 4189 suum
584 4116 745 4187 reddidit.
768 4117 860 4187 lacet
875 4117 1038 4209 equidem
1054 4138 1182 4211 corpus

103 4240 266 4309 exanime
291 4249 327 4310 et
346 4243 464 4312 oculos
486 4237 731 4332 spectantium,
755 4257 844 4330 quos
865 4240 1016 4310 mulcere
1036 4262 1183 4311 consue-

103 4372 215 4445 verat,
249 4384 342 4433 nuno
375 4371 501 4444 terret;
533 4359 672 4430 animus
703 4369 817 4431 autem
847 4381 1012 4455 corporeo
1043 4382 1180 4433 carcere

104 4480 285 4566 liberatus
309 4484 376 4553 iam
399 4483 509 4552 laetior
531 4502 736 4573 semperque
756 4483 833 4576 ipso
857 4485 1040 4556 formosior
1065 4506 1105 4553 ue
1127 4482 1180 4553 vi·
