2738 5062
848 362 855 377 Ι

344 658 436 708 urere
457 657 940 712 sarrusouoruus.-urrsroua
959 664 1002 715 nr.
1151 654 1207 718 391

141 795 190 865 rei
214 801 312 864 esset
334 802 373 864 ιιι
396 794 496 864 solito
523 794 662 885 segnior
688 796 887 880 videretur;
919 807 955 870 et
987 802 1212 893 respondisse

140 915 258 985 illum:
286 916 486 1006 navigatum
511 916 595 987 satis
622 937 725 988 esse:
754 918 842 987 nolle
869 939 908 988 se
932 919 1080 1011 amplius
1106 932 1212 994 vento

140 1035 246 1106 vitam
266 1037 421 1109 credere.
442 1038 559 1128 ltaque
583 1037 628 1108 de
654 1059 692 1108 se
711 1039 816 1107 frater
836 1047 875 1107 ut
894 1037 1022 1109 bonum
1040 1041 1210 1114 crederet:

141 1180 180 1230 se
200 1179 286 1228 vero
312 1158 378 1229 iam
400 1156 465 1228 sibi
486 1157 718 1240 consuluisse,
741 1167 911 1249 portuque
937 1159 1079 1253 potitum
1102 1162 1137 1231 in
1158 1164 1214 1234 lit·

142 1291 228 1366 tore,
253 1282 323 1352 imo
348 1280 383 1349 in
403 1280 554 1375 paradisi
580 1279 764 1363 vestibulo,
788 1279 983 1352 aedificasse
1016 1281 1075 1352 ubi
1095 1285 1212 1357 lessus
1271 1246 1285 1274 ¹

141 1403 387 1495 requiesceret,
406 1403 516 1473 donec
535 1402 579 1473 ad
600 1412 764 1472 aeternam
786 1403 1040 1494 commigraret,
1058 1403 1211 1477 domum.

142 1527 300 1614 Dumque
319 1522 375 1591 ille
392 1521 505 1612 magis
525 1519 700 1591 admirans
720 1532 883 1612 pergeret
903 1524 1142 1616 scrupulosius
1162 1524 1215 1595 iu-

141 1646 288 1738 quirere,
306 1643 390 1736 quid
408 1642 474 1713 sibi
490 1644 595 1713 irater
612 1641 666 1712 his
687 1645 789 1713 vellet
805 1641 1022 1733 ambagibus,
1041 1644 1122 1716 iude
1138 1643 1214 1717 siue
1252 1714 1258 1726 ,

142 1769 208 1839 alio
227 1787 395 1859 responso
417 1787 520 1836 mauu
541 1766 759 1857 apprehensa
778 1765 824 1836 ad
849 1786 890 1836 ea
911 1767 985 1837 loca
1010 1767 1213 1860 perductum

143 1887 201 1958 ubi
219 1888 275 1958 ille
296 1886 361 1958 sibi
381 1887 449 1956 iam
471 1896 551 1957 tunc
564 1886 823 1969 monasterium,
837 1886 882 1958 de
896 1908 966 1977 quo
979 1888 1109 1978 loquor,
1125 1888 1215 1960 inter

143 2010 352 2105 asperrimas
379 2008 486 2080 silvas
506 2019 540 2079 et
561 2007 794 2079 secretissima
819 2008 853 2077 iu
882 2010 973 2077 valle
1008 2018 1216 2080 construxe-
1310 2058 1312 2063 -

143 2142 202 2213 rat,
221 2131 428 2221 cognitoque
448 2128 624 2222 proposito
640 2130 800 2212 fraterno,
816 2128 929 2221 ipsum
946 2151 1085 2221 quoque
1099 2129 1215 2201 subita

143 2253 329 2323 devotione
359 2259 590 2342 conpunctum
623 2270 879 2342 accensumque
911 2250 1066 2322 imitandi
1087 2253 1212 2338 studio,

144 2371 238 2443 aliud
255 2372 290 2440 in
306 2373 391 2443 colle
407 2371 568 2466 proximo
585 2373 833 2442 monasterium
854 2371 1022 2456 erexisse,
1040 2394 1081 2445 ac
1097 2374 1216 2447 dotato

144 2493 287 2585 largiter
305 2492 389 2576 looo,
408 2493 607 2584 mundoque
628 2493 731 2563 simul
751 2504 786 2562 et
807 2494 1041 2587 voluptatibus
1054 2485 1214 2580 desertis,

143 2615 264 2687 ambos
297 2614 342 2686 ibi
378 2613 516 2686 Christo
547 2614 641 2706 quod
673 2614 828 2685 restabat
848 2615 931 2687 vitae
957 2616 1155 2700 devovisse,
1181 2624 1217 2687 et

143 2747 413 2830 perseverantes
429 2737 463 2805 iu
485 2734 588 2808 finem
607 2735 820 2828 persolvisse
839 2735 932 2826 quod
955 2745 1132 2806 voverant.
1150 2735 1217 2809 Ge·

145 2861 237 2930 mina
270 2881 361 2930 nunc
395 2858 497 2929 unius
530 2857 744 2928 Christicolae
775 2855 913 2926 familiae
944 2855 1070 2926 domus
1102 2866 1215 2942 extat,

144 3002 225 3074 quae
250 2981 326 3072 ipso
346 2980 446 3050 lateri
474 2978 633 3050 videatur
652 2986 794 3070 aspectu
819 2976 927 3047 luisse
966 2975 1032 3047 sibi
1058 2978 1217 3069 geminos

144 3099 299 3194 quidem,
323 3101 387 3173 sed
408 3101 588 3172 unanimes
609 3099 822 3170 fundatores.
847 3097 930 3167 Haeo
947 3095 1125 3168 hacteuus.
1148 3099 1218 3172 lllic

143 3244 223 3315 ego,
246 3222 340 3314 quod
361 3221 499 3292 minime
525 3241 655 3291 novum
676 3219 796 3303 audis,
818 3217 1037 3290 carissimum
1059 3217 1218 3290 unicum-

143 3367 212 3437 que
233 3343 359 3437 piguus
380 3341 493 3413 habeo
517 3363 736 3433 germanum,
759 3341 794 3409 iu
817 3362 888 3432 quo
912 3338 1042 3430 liquido
1065 3339 1218 3412 cernitur

144 3466 230 3559 quid
248 3462 413 3556 estquod
434 3464 482 3534 ait
502 3464 682 3535 Psalmista
699 3464 836 3533 mutatio
848 3461 995 3533 demteroe
1008 3462 1153 3534 Encelsi.
1168 3464 1219 3535 lta

144 3588 234 3659 euim
255 3595 397 3678 repente
422 3595 591 3670 mutatos,
614 3586 661 3657 ita
685 3608 732 3657 ex
752 3585 971 3657 adolescente
995 3607 1087 3676 vago
1106 3596 1143 3657 et
1166 3587 1219 3658 lu·
1336 3587 1340 3592 ’

148 3706 242 3779 brioo
261 3678 296 3777 in
317 3705 431 3776 virum
458 3707 617 3778 stabilem
638 3718 742 3800 atque
767 3716 982 3779 constantem
1003 3727 1146 3788 versus,
1172 3704 1220 3776 ita

146 3828 295 3921 denique
315 3827 359 3897 de
380 3828 508 3900 virtute
535 3830 568 3900 in
590 3832 751 3902 virtutem
773 3829 808 3898 in
833 3830 909 3902 dies
931 3829 1075 3900 alacrior
1097 3847 1220 3898 ascen·

146 3949 244 4033 dens,
261 3959 402 4022 mutatae
417 3952 541 4022 mentis
561 3954 721 4024 ardorem
738 3952 884 4026 decenni
906 3951 973 4020 iam
992 3971 1221 4043 perseveran-

148 4071 194 4143 tia
213 4070 466 4165 comprobavit,
489 4079 527 4139 ut
547 4071 606 4161 qui
627 4072 705 4141 olim
730 4072 841 4143 timori
861 4091 1025 4162 curaeque
1045 4069 1130 4139 mihi
1148 4073 1222 4142 lue-

147 4203 214 4277 rat,
239 4214 332 4264 nuuo
365 4191 495 4284 stupori
523 4200 560 4262 et
589 4190 716 4281 gaudio
742 4190 788 4260 sit
818 4191 959 4280 ingenti.
987 4191 1086 4262 llunc
1110 4191 1221 4283 pridie

148 4313 338 4397 revisurus,
360 4334 463 4405 quern
484 4312 551 4383 iam
573 4310 808 4403 quinquennio
828 4311 940 4403 magis
964 4310 1219 4397 intervisaram,

147 4445 306 4530 atquem
329 4436 359 4508 si
383 4436 419 4506 in
439 4433 570 4505 ltaliam
591 4431 740 4516 rediero,
763 4431 929 4525 quamdiu
950 4433 1015 4506 sim
1036 4432 1223 4506 intervisu-
