2738 5062
188 632 249 694 tea
528 644 568 692 nn
591 646 691 694 nunus
711 644 933 696 rnurnrauraus

190 782 238 851 ait
255 780 452 862 Psalmista,
475 780 539 849 sed
573 778 649 849 aliis
682 778 802 850 verbis
837 790 873 851 et
904 779 1063 865 brevius,
1098 794 1138 851 ut
1170 786 1288 857 stabnt

189 915 308 995 pontes,
329 904 485 995 praetium
506 903 651 971 homiues
671 904 770 971 sunt?
787 903 915 975 Multos
931 905 1073 995 quidem
1094 906 1196 998 cogit
1213 907 1287 981 bu·

192 1046 304 1097 manae
330 1024 535 1097 conditionis
568 1024 726 1095 oblivisci
755 1026 861 1098 nimia
889 1025 1052 1099 felicitas:
1085 1030 1184 1121 quod
1219 1030 1285 1103 ubi

191 1149 329 1229 accidit,
349 1169 416 1217 non
436 1145 538 1215 modo
560 1146 643 1216 utile
664 1145 728 1216 sed
749 1147 986 1219 necessarium
1004 1160 1060 1219 est
1079 1148 1282 1241 flagellum,

192 1292 261 1361 quo
279 1271 474 1340 excitentur
497 1279 533 1337 ct
557 1268 706 1339 sentiant
725 1272 888 1362 quoniam
911 1270 1070 1343 homines
1096 1280 1182 1344 surtt
1208 1296 1283 1347 non

191 1391 249 1462 dii.
275 1390 514 1461 Alexandrum
533 1389 756 1461 Macedonem
779 1392 895 1463 multis
915 1392 1107 1477 erroribus,
1137 1405 1283 1471 etanta

191 1515 278 1587 alios
294 1514 454 1608 opinione
475 1516 572 1585 salsae
588 1510 779 1583 divinitatis
793 1512 965 1597 intlatum,
980 1517 1091 1608 utqui
1106 1538 1147 1587 se
1161 1514 1277 1590 lilium

192 1636 284 1709 lovis
305 1636 528 1708 adulantibus
544 1633 763 1716 credidisset,
784 1636 956 1706 hominem
975 1658 1145 1707 essenon
1163 1640 1280 1711 Deum

192 1760 226 1829 in
247 1759 564 1850 ludia-susceptum
588 1758 717 1828 vulnus
741 1756 936 1829 admonuit:
965 1758 1066 1831 cuius
1093 1761 1191 1854 apud
1217 1762 1280 1833 Se·

193 1904 313 1953 necam
327 1902 498 1974 expressa
512 1880 685 1951 consessio
702 1879 777 1949 veri
795 1892 863 1961 est3
882 1903 1006 1967 omues,
1022 1881 1145 1975 inquit,
1159 1886 1280 1955 iurant

192 2028 258 2076 erse
278 2027 329 2074 ure
358 2006 468 2094 filium
494 2005 599 2085 louis,
627 2001 683 2070 scd
708 2003 830 2071 vulnus
855 2004 914 2073 boc
939 2004 1107 2073 bominem
1132 2026 1186 2073 me
1210 2028 1279 2076 esce

192 2129 321 2195 clamat.
351 2124 528 2215 Sapienter
548 2121 583 2192 id
607 2121 760 2213 quidem,
794 2136 833 2194 ut
866 2123 911 2195 ab
943 2124 1083 2195 homine
1108 2148 1179 2197 non
1205 2134 1277 2199 tarn

192 2246 313 2317 rationi
335 2245 478 2314 credere
513 2244 613 2316 solito
646 2266 750 2337 quam
781 2246 940 2317 tortunae.
968 2246 1003 2316 Si
1029 2246 1179 2319 Martem
1197 2248 1277 2321 belli

191 2374 301 2440 Deum
323 2365 417 2437 credi
435 2367 547 2437 iecore
564 2367 734 2450 victoriae,
755 2368 783 2435 si
802 2368 1032 2459 quarumdam
1048 2369 1177 2440 artium
1200 2392 1279 2443 suc·

191 2487 315 2563 cessus
341 2487 581 2560 inventoribus
614 2508 736 2557 carum
769 2488 851 2559 inde
880 2500 1055 2583 sumptum
1082 2492 1278 2567 divinitatis

192 2635 318 2684 nomen
352 2612 530 2705 imposuit,
565 2633 628 2711 cur
647 2633 716 2681 non
743 2618 838 2682 tanto
871 2612 984 2704 pelagi
1011 2632 1196 2699 successu,
1230 2624 1278 2687 tot

193 2733 367 2827 tantisque
383 2732 539 2805 victoriis
556 2730 648 2803 credi
668 2738 803 2824 poterat
816 2732 1009 2804 Ianuenses
1022 2734 1178 2825 aequoris
1191 2734 1277 2809 deos

193 2860 296 2928 csse?
313 2856 473 2927 Eventus
493 2855 612 2926 docuit
636 2854 795 2925 homines
819 2875 900 2925 esse
927 2866 1105 2927 terrenos:
1133 2866 1277 2951 prospe-

195 2979 278 3051 ritas
299 2977 415 3072 periit,
438 2976 588 3049 sednon
610 2977 697 3060 sola,
727 2978 830 3046 simul
855 2976 946 3047 enim
973 2989 1009 3048 ct
1035 2980 1277 3072 prosperitatis

193 3123 310 3174 comes
328 3123 425 3172 error
445 3099 597 3170 evanuit.
619 3099 793 3181 Quantum
814 3099 874 3170 uni
895 3100 1147 3172 contrariorum
1165 3100 1277 3176 demi-

195 3234 251 3296 tur
271 3234 403 3296 tantum
425 3221 558 3293 accedit
578 3220 691 3304 alteri,
710 3221 827 3313 itaque
845 3244 914 3314 quo
932 3206 1206 3297 minor'tortuna
1221 3235 1278 3297 est

193 3368 235 3416 eo
256 3346 366 3415 maior
385 3354 441 3415 est
462 3344 559 3414 ratio.
588 3344 648 3415 llla
671 3342 706 3413 in
730 3344 912 3415 consilium
937 3344 1159 3429 advocanda,
1182 3346 1277 3441 quod

195 3464 332 3535 inimica
369 3466 446 3536 eius
488 3466 702 3557 prosperitas
739 3488 808 3536 non
846 3467 992 3538 sinebat.
1034 3470 1095 3540 llla
1139 3472 1277 3566 stupori

194 3599 314 3659 nostro
338 3585 520 3678 dolorique
541 3586 746 3658 medebitur.
766 3590 824 3658 llla
841 3587 942 3660 nobis
969 3590 1116 3661 fortunae
1137 3614 1274 3675 moros,

194 3707 493 3799 constantiamque
508 3708 721 3779 monstrabit.
741 3707 908 3791 Quotiens
928 3709 1011 3780 vicit
1029 3712 1170 3795 Hector,
1189 3738 1278 3807 quo

197 3830 285 3901 tiens
302 3829 484 3916 Hannibal,
506 3831 667 3924 quotiens
687 3829 900 3923 Pompeius?
919 3833 1068 3925 quisque
1089 3833 1207 3907 victus
1222 3846 1279 3909 est

196 3953 350 4025 tandem:
369 3976 474 4047 quam
504 3950 665 4023 fortassis
686 3949 731 4023 ob
755 3974 897 4024 causam
928 3954 1036 4025 lulius
1067 3954 1210 4041 Caesar,
1238 3966 1279 4029 ut

197 4075 362 4170 scriptum
394 4077 570 4160 videmus
598 4074 641 4146 ad
666 4075 906 4166 pugnandum,
928 4075 1024 4168 quod
1050 4096 1189 4171 semper
1222 4102 1280 4152 ar-

196 4195 399 4269 dentissime
419 4203 560 4285 lecerat,
583 4198 658 4270 ficri
678 4198 783 4292 coeplt
806 4208 964 4271 extrema
991 4208 1093 4271 aetate
1108 4213 1280 4274 cunctan-

196 4318 291 4390 ctior.
317 4320 468 4394 Noverat
484 4324 541 4394 ille
566 4323 632 4407 vir,
670 4343 775 4416 quem
801 4331 925 4392 natura
956 4322 1280 4415 ingeniosissimum

197 4442 339 4526 lecerat,
366 4464 423 4514 ars
440 4453 477 4514 et
492 4444 707 4536 experientia
733 4446 835 4534 longa
860 4444 1113 4529 doctissimum,
1138 4444 1199 4518 ubi
1221 4468 1281 4519 ra·
