2738 5062
378 653 474 702 LIBER
494 653 682 702 abnuemus.
694 654 895 703 —Et‘tsrotn
917 657 989 704 lll'll.
1167 645 1223 706 157

143 787 218 861 oatis
235 786 381 859 nostris
402 797 559 858 vestrum
581 787 749 860 auxilium
771 808 838 859 non
859 809 1050 872 meremur;
1070 789 1130 861 sed
1149 813 1222 862 me-

145 924 228 983 retur
247 921 353 983 uerte
375 911 503 984 domus
523 909 764 1004 Apostolorum
791 934 812 983 a
839 923 1063 1008 tyrannorum
1091 914 1224 985 violen-

145 1037 184 1106 tia
196 1034 358 1120 liberari,
378 1044 557 1105 merentur
573 1036 619 1107 de
636 1037 838 1130 praedonum
855 1036 1014 1108 manibus
1032 1037 1116 1130 eripi
1135 1047 1223 1108 tem-

143 1163 191 1254 pla
211 1169 436 1242 sanctorum,
464 1167 619 1230 meretur
651 1182 750 1231 sacro
783 1160 884 1230 tellus
911 1172 1031 1233 ornata
1058 1164 1223 1259 martyrio

143 1282 227 1354 oivili
251 1281 430 1373 sanguine
451 1302 519 1351 non
539 1283 671 1353 loedari.
695 1283 794 1366 Quod
815 1284 859 1366 ni,
884 1285 1060 1379 tyrannica
1078 1307 1139 1379 per
1157 1308 1222 1357 vos

144 1405 233 1476 rabie
253 1425 472 1498 compressa,
491 1404 579 1496 plebi
598 1405 736 1476 miserae
755 1407 962 1500 tempestivo
976 1405 1130 1478 remedio
1143 1431 1223 1499 pro-

143 1526 295 1609 videtur,
327 1548 397 1596 nou
429 1538 576 1620 possunt
609 1528 674 1599 ista
706 1529 918 1619 contingere.
938 1531 1025 1599 Sunt
1045 1529 1136 1599 euim
1163 1531 1222 1623 qui

143 1648 309 1741 peut-andi
327 1646 431 1719 linem
449 1650 574 1721 saciant
592 1651 679 1720 etin
697 1651 789 1721 viam
809 1660 947 1734 rectam,
964 1674 1042 1723 sora
1057 1654 1137 1723 licet
1149 1675 1226 1746 pae‚

142 1772 295 1856 nitentia,
319 1779 554 1849 revertantur;
571 1782 652 1844 suut
669 1774 740 1865 qui,
760 1774 825 1844 nisi
843 1775 1025 1866 compulsi,
1046 1800 1221 1869 nunquam

141 1896 298 1967 redeant.
326 1894 383 1964 Sic
408 1894 537 1966 affectis
564 1896 761 1967 salutariter
787 1896 841 1966 vis
868 1897 1021 1967 infertur.
1049 1898 1222 1991 Optimum

140 2031 193 2088 est
211 2017 348 2090 homini
370 2026 492 2109 sponte
514 2039 577 2089 sua
598 2019 759 2089 virtutem
781 2021 907 2099 colere,
930 2019 1014 2090 vitiu
1034 2018 1221 2101 deserere3

143 2142 355 2234 proximum,
378 2141 437 2209 vel
456 2150 585 2211 coacte.
609 2142 727 2232 Cogite
749 2142 853 2233 igitur
873 2145 930 2214 vel
951 2143 1092 2228 invitos,
1116 2143 1223 2237 pesti-

147 2264 323 2354 feramque
356 2262 571 2357 tyrannidem
605 2261 683 2335 lieet
707 2265 974 2337 reclamantibus
994 2275 1220 2358 extorquete,

148 2405 263 2477 neque
287 2386 398 2457 solum
426 2406 601 2457 romanam
627 2386 762 2479 plebem
789 2388 824 2458 in
849 2400 980 2482 partem
1008 2389 1134 2481 publici
1159 2389 1223 2460 ho-

145 2506 239 2580 noris
270 2506 455 2592 admittite,
490 2510 553 2582 sod
585 2510 737 2601 pessime
771 2535 907 2605 semper
943 2513 1221 2584 administratum

142 2637 287 2700 senatus
308 2629 460 2700 officium
480 2633 745 2722 possessoribus
772 2632 921 2724 indignis
947 2634 1085 2725 eripite;
1106 2634 1164 2724 qui
1193 2635 1222 2704 si

139 2752 237 2824 cives
250 2752 332 2837 etsi
351 2752 433 2823 boni
453 2765 581 2840 essent,
601 2766 814 2841 nontamen,
834 2755 900 2825 nisi
917 2777 979 2849 pro
997 2753 1147 2838 dimidio,
1168 2757 1221 2826 ius

142 2874 327 2946 baberent:
350 2899 441 2947 nunc
461 2888 578 2948 autern
600 2877 648 2947 ita
666 2899 705 2947 se
725 2888 862 2967 gerunt,
887 2885 924 2946 ut
944 2877 1093 2959 civitate,
1117 2898 1219 2968 quam

141 2997 343 3083 destruunt,
367 3011 402 3071 et
416 3001 577 3072 oonviotu
595 3000 738 3082 civium,
757 3019 846 3091 quos
866 2998 1073 3091 opprimunt,
1094 2996 1219 3069 nedum

143 3123 292 3195 summis
314 3123 514 3208 bonoribus
539 3124 607 3195 sint
628 3123 770 3215 indigni.
799 3122 888 3193 Sane
905 3144 1009 3215 quam
1028 3121 1151 3192 lrivola
1179 3123 1225 3191 sit

130 3247 332 3320 nobilitatis
352 3246 620 3338 divitiarumque
642 3246 817 3328 iaetantia,
836 3246 963 3339 quibus
983 3244 1045 3316 fixi
1060 3245 1135 3317 sine
1154 3247 1222 3316 ullo

144 3370 285 3441 virtutis
306 3368 514 3441 adminiculo
532 3390 570 3439 se
590 3371 770 3454 extollunt,
792 3380 852 3440 aut
868 3393 1016 3462 quonam
1040 3379 1139 3466 paeto
1156 3370 1221 3441 llo

144 3492 237 3565 mani
257 3501 412 3577 veteres,
439 3492 566 3584 quibus
593 3493 779 3584 singularis
805 3504 841 3563 et
864 3493 994 3565 eximia
1014 3494 1126 3563 virtus
1148 3493 1220 3573 luit,

144 3615 282 3711 plebem
317 3626 433 3686 tamen
465 3615 511 3685 ab
543 3615 733 3687 honoribus
762 3617 949 3689 excludere
982 3617 1221 3711 nequiverint,

143 3740 334 3812 verborum
349 3738 497 3830 plurium
510 3760 598 3832 opus
615 3747 685 3821 est,
702 3742 896 3833 longusque
910 3739 1006 3824 fiam,
1024 3740 1052 3810 si
1070 3741 1223 3813 hocloco

143 3860 367 3958 particularia
380 3861 476 3954 sequi
491 3863 605 3933 velim.
621 3865 763 3936 Summa
779 3879 845 3949 est,
860 3865 954 3958 quod
971 3866 1132 3957 quotiens
1150 3867 1221 3936 sere

144 3983 318 4057 bonorum
340 3985 577 4055 controversia
598 3987 745 4068 exarsit,
774 4009 911 4079 semper
937 4010 957 4058 a
982 3987 1082 4079 plebe
1103 3988 1223 4057 humili

146 4108 299 4203 superba
321 4107 482 4178 nobilitas
504 4109 592 4179 vieta
611 4120 676 4184 est:
698 4130 803 4200 quam
825 4131 898 4177 rom
919 4108 1125 4200 expressius
1151 4109 1224 4201 epi-

146 4233 235 4303 stola
256 4252 371 4324 nuper
395 4231 439 4301 ad
467 4252 530 4303 vos
556 4232 743 4326 prolixiore
770 4232 974 4323 complexus
996 4252 1088 4316 sum,
1112 4232 1168 4303 cui
1195 4234 1222 4303 si

144 4352 265 4426 boram
289 4375 394 4424 uuam
414 4377 483 4425 non
504 4355 680 4447 occupatis
702 4350 875 4423 mentibus
900 4353 983 4425 dare
1008 4354 1219 4447 dignemini,

145 4498 249 4568 spero
267 4475 374 4569 quod,
394 4477 561 4548 maiorum
577 4476 735 4567 vestigiis
747 4475 962 4563 inhaerentes
979 4481 1111 4550 salvam
1126 4475 1222 4546 iube-
