2738 5062
208 608 267 673 ‘tut
545 621 584 669 ue
605 620 705 670 aeuus
727 617 949 667 ruurtmmaus

209 758 348 852 quidem
383 755 485 827 vobis
511 754 591 827 inde
618 754 801 847 digressus
830 756 954 827 leviter
978 762 1211 845 aegrotantem
1239 750 1298 825 di-

209 881 348 952 misisse
374 877 486 960 rebar‚
514 878 582 947 iam
605 876 732 961 senior,
756 877 826 961 sed,
849 885 887 948 ut
910 879 1007 947 lllaro
1031 875 1090 960 ait,
1118 871 1233 945 cruda
1256 881 1297 945 et

207 1001 310 1073 viridi
332 1008 517 1080 senectute,
540 997 614 1068 heri
635 998 680 1068 ad
703 1019 888 1089 vesperam
909 1019 965 1069 me
984 996 1116 1069 dimisit
1140 994 1186 1066 ad
1216 1016 1295 1067 me-

130 1106 134 1111 ’
206 1123 301 1192 lieris
317 1121 448 1193 domiui
471 1122 660 1191 translatus
676 1118 856 1212 obsequia.
879 1120 936 1189 1116
958 1119 1022 1190 sibi
1045 1128 1125 1211 post
1144 1126 1293 1189 161666-

207 1263 330 1334 porcos
363 1240 500 1311 labores
527 1263 629 1311 unam
654 1238 758 1311 animi
786 1240 940 1332 requiem
971 1239 1148 1331 largiatur.
1175 1240 1291 1312 Unam

207 1361 299 1433 enim
316 1361 450 1454 petiita
470 1362 624 1445 Domino,
644 1361 733 1432 hanc
749 1361 903 1452 requirit,
926 1361 1015 1432 hanc
1036 1362 1112 1439 sibi,
1135 1360 1288 1445 Christe,

207 1505 251 1555 ne
270 1504 389 1574 neges,
410 1492 450 1553 ut
469 1482 648 1565 inhabitet,
670 1504 739 1552 non
760 1483 794 1550 iu
815 1482 919 1554 domo
940 1504 1017 1554 mea
1035 1483 1099 1554 sed
1119 1483 1154 1551 iu
1179 1481 1290 1555 domo

79 1636 83 1645 ’
205 1605 341 1676 Domini
358 1603 519 1675 omuibus
541 1602 767 1673 diebusvitae
788 1624 871 1687 suae,
892 1624 972 1696 quae
994 1605 1061 1675 iam
1078 1603 1186 1675 desiit
1205 1624 1289 1675 esse

207 1726 369 1809 mortalis,
392 1736 430 1796 ut
450 1724 568 1795 videat
587 1746 656 1795 nou
677 1747 790 1795 meam
812 1726 876 1796 sed
895 1726 1032 1797 Domini
1051 1727 1285 1820 voluptatem,

205 1858 241 1920 61
261 1848 380 1920 visitet
396 1848 559 1938 templum
578 1846 663 1928 eius
682 1867 750 1916 uon
769 1868 892 1937 agrum
911 1868 1037 1931 meum,
1056 1848 1090 1915 in
1107 1869 1179 1938 quo
1197 1848 1288 1918 mul-

206 1981 259 2040 tos
283 1991 345 2060 per
365 1990 475 2039 annos
497 1970 578 2059 gelu
597 1976 633 2037 61
658 1977 749 2038 aestu
773 1965 936 2039 duratum
960 1989 1089 2061 corpus
1112 1968 1284 2041 exercuit.

206 2090 278 2159 Sub
304 2111 359 2159 me
386 2090 514 2171 lessus,
542 2088 609 2160 sub
636 2103 669 2161 te
693 2111 755 2161 oro
780 2090 955 2183 quiescat:
982 2090 1027 2161 ad
1054 2100 1087 2160 16
1111 2090 1224 2174 veuit,
1251 2100 1286 2161 te

206 2210 352 2290 iubente,
374 2212 485 2281 veteri
507 2212 644 2282 laxatus
665 2213 855 2303 ergastulo.
878 2213 973 2282 Unus
995 2211 1136 2303 quidem
1157 2234 1179 2283 6
1200 2234 1286 2306 pue-

206 2333 253 2401 ris
274 2330 361 2400 meis
380 2331 439 2421 qui
462 2331 549 2401 sorte
569 2331 755 2403 obeuntem
778 2334 872 2403 illum
895 2332 1043 2417 viderat,
1071 2354 1180 2405 cursu
1200 2354 1285 2407 con-

204 2452 272 2523 cito
301 2460 464 2522 moestum
496 2452 636 2543 pertulit
666 2475 856 2535 rumorem,
885 2454 988 2526 etad
1019 2476 1074 2524 me
1103 2476 1183 2526 sera
1215 2456 1284 2527 iam

206 2585 304 2646 nocte
323 2573 481 2667 pervenit
505 2573 668 2644 nuntians
695 2574 789 2644 illum
815 2575 998 2670 expirasse
1022 2598 1117 2669 saepe
1142 2600 1201 2650 me
1223 2598 1285 2650 no-

205 2699 296 2768 mine
317 2707 511 2780 vocantem,
533 2695 729 2788 Christique
755 2694 881 2768 uomen
905 2720 983 2768 cum
1009 2698 1160 2769 lacrimis
1182 2698 1285 2772 invo-

203 2832 350 2893 cantem.
368 2818 511 2902 ludolui‚
526 2817 670 2911 gravius
687 2818 866 2903 doliturus,
884 2820 949 2889 nisi
967 2820 1048 2912 quia
1065 2841 1127 2913 per
1143 2829 1282 2895 aetatem

203 2938 353 3011 hominis
373 2940 465 3012 hune
482 2940 566 3011 milri
586 2963 706 3013 casum
729 2943 859 3013 instare
879 2944 987 3012 multo
1006 2952 1086 3012 aute
1108 2944 1285 3038 praevide·

203 3084 287 3134 ram.
309 3062 363 3133 lre
382 3062 488 3154 igitur
508 3074 660 3157 oportet:
678 3062 759 3133 date
779 3063 927 3145 veniam,
946 3082 1077 3155 quaeso,
1100 3065 1284 3156 gloriosis-

204 3185 281 3256 simi
301 3186 430 3267 Patres
450 3184 712 3276 supplicemque
732 3193 888 3255 vestrum
907 3184 1053 3255 missum
1071 3186 1182 3271 facite,
1203 3187 1283 3260 urbi

203 3326 471 3396 supervacuum,
501 3304 735 3377 necessarium
764 3305 848 3388 ruri,
877 3305 992 3399 ibique
1020 3306 1131 3397 magis
1159 3306 1286 3380 biblio-

203 3428 315 3496 thecae
340 3427 524 3509 solicitum,
552 3450 657 3517 quam
684 3427 795 3518 agelli.
822 3427 911 3519 Opto
937 3425 1039 3498 vobis
1061 3429 1285 3521 tranquillam
1322 3422 1327 3431 ’

202 3570 243 3619 ac
262 3546 394 3618 felicem
417 3548 533 3617 vitam.

344 3689 492 3758 asinione,
507 3689 592 3746 Nouis
607 3691 736 3747 Ianuarii.
