2738 5062
403 660 497 712 tinea
518 660 918 716 causaturus-ersmers
940 670 979 718 u.
1169 661 1225 724 lltt

146 792 281 872 mosam
304 796 446 890 Virgilii
465 798 574 870 nostri
594 808 752 871 matrem.
779 801 827 871 lbi
853 822 908 875 me
933 803 1054 877 similis
1080 809 1225 901 laqueus

147 925 229 996 alter
246 931 385 1004 manet,
401 919 480 1004 sed,
495 921 529 990 ni
546 922 650 1007 fallor,
669 923 802 993 facilius
820 922 1077 1000 dissolvendus.
1090 930 1224 1003 Parmae

147 1043 341 1141 superioris
376 1041 479 1114 amici
509 1045 607 1114 frena
638 1066 707 1115 non
740 1045 891 1117 habebo:
914 1057 1007 1121 tanta
1026 1050 1144 1124 brevis
1170 1077 1225 1125 re-

147 1191 224 1239 rum
244 1166 395 1238 mutatio
415 1164 567 1237 incessit.
590 1168 784 1240 incaeteris
806 1168 884 1240 inde
911 1172 1014 1244 totius
1035 1174 1104 1246 viae
1131 1175 1224 1247 urbi-

147 1288 214 1360 bus
240 1297 349 1381 atque
373 1286 522 1382 oppidis,
550 1287 677 1380 negotii
703 1290 797 1359 nibil.
821 1293 939 1384 ltaque
962 1296 1163 1381 confestim,
1192 1296 1222 1369 si

147 1414 219 1483 vita
240 1433 361 1483 comes
382 1409 499 1496 luerit,
525 1433 545 1482 e
566 1410 776 1507 transalpino
797 1437 878 1486 rure
904 1426 1023 1487 nostro
1043 1418 1087 1490 ad
1108 1428 1141 1489 te
1162 1418 1224 1491 ite·

148 1557 225 1606 rum
249 1532 415 1618 scribam,
437 1555 548 1627 neque
567 1534 728 1628 deinceps
742 1536 825 1607 alias
839 1536 935 1629 prius
957 1560 1003 1609 ex
1019 1561 1074 1609 rue
1091 1538 1221 1612 litteras

146 1664 327 1752 expectes,
343 1677 448 1748 quam
462 1677 542 1749 quae
562 1659 764 1752 pervenisse
781 1682 837 1732 me
853 1661 1027 1733 nuncient.
1047 1662 1117 1734 Illic
1135 1684 1220 1735 sane

147 1779 315 1874 quamdiu
333 1779 424 1873 ipsa,
438 1798 587 1872 quaeres
601 1791 636 1853 et
654 1783 797 1855 consilia
817 1792 936 1856 nostra
957 1797 1057 1870 rotat,
1080 1786 1221 1860 modum

147 1912 279 1974 statuet
300 1905 453 1986 fortuna,
475 1924 541 1993 ego
562 1903 715 1996 quidem,
739 1904 832 1998 qnod
848 1928 917 1977 non
937 1906 995 1976 tibi
1014 1915 1143 1980 tuntum
1164 1909 1221 1979 tali

147 2025 267 2108 amico,
285 2022 349 2095 sed
362 2026 468 2116 vulgo
485 2026 587 2097 etiam
605 2035 723 2097 notum
738 2049 829 2113 reor,
844 2030 1006 2101 excussis
1020 2030 1221 2125 libratisque

148 2144 325 2229 omnibus,
349 2146 378 2217 si
398 2169 446 2217 ex
467 2149 535 2219 alto
554 2147 673 2220 datum
699 2158 806 2236 esset,
833 2162 987 2246 optarem
1012 2152 1047 2223 in
1072 2176 1115 2226 co
1139 2177 1220 2228 rure

150 2266 316 2362 quidquid
333 2276 390 2340 est
410 2269 494 2341 vitae
514 2271 606 2363 quod
627 2281 736 2344 restat
754 2273 906 2366 exigere.
928 2275 1002 2347 Etsi
1028 2277 1119 2347 enim
1145 2280 1220 2350 loco

154 2388 203 2462 illi
223 2393 324 2463 multa
344 2390 462 2463 desint
480 2390 607 2485 quibus
630 2397 785 2489 voluptas
806 2407 888 2489 eget
907 2390 1061 2492 urbsque
1086 2400 1216 2485 affluit,

148 2510 207 2586 illa
225 2524 337 2588 amen
354 2514 484 2588 adsunt
499 2514 625 2610 quibus
639 2518 724 2591 urbs
735 2531 831 2592 caret
847 2520 1044 2614 quibusque
1061 2543 1128 2614 ogo
1145 2544 1219 2594 ma-

144 2636 239 2710 xime
255 2635 425 2723 delector,
444 2637 598 2727 libertae,
617 2640 737 2724 otium,
757 2641 944 2725 silentium,
965 2642 1123 2714 solitudo.
1142 2644 1218 2715 Duo

143 2757 192 2831 ibi
211 2770 308 2844 sunt,
329 2762 451 2844 fateor,
473 2757 623 2833 adversa
643 2763 773 2846 animo;
800 2771 835 2833 et
858 2760 952 2856 quod
977 2764 1022 2836 ab
1047 2764 1143 2834 ltalia
1167 2768 1217 2835 lo-

143 2905 209 2956 eus
229 2882 345 2968 abest,
364 2883 410 2955 ad
430 2907 534 2977 quarn
561 2909 616 2956 me
647 2885 815 2956 naturalis
847 2894 961 2956 rnotus
994 2885 1156 2967 attrahit,
1182 2895 1218 2958 et

144 3002 243 3098 quod
259 3005 372 3078 vicina
392 3015 448 3076 est
467 3005 569 3095 nlrpis
582 3004 738 3101 Babylon
752 3006 827 3075 haec
840 3005 1075 3089 occidentalis,
1097 3028 1214 3077 rerum

144 3128 297 3220 pessima
323 3126 508 3220 Ereboque
540 3126 726 3212 simillima,
753 3124 845 3198 unde
870 3148 926 3197 me
950 3131 1074 3197 natura
1098 3125 1215 3198 itidem

143 3246 348 3322 dehortatur
374 3272 416 3321 ac
449 3249 591 3322 retrahit
624 3271 716 3321 mea:
749 3250 872 3322 ferrem
893 3256 1009 3319 lemen
1031 3255 1215 3342 utrumque

144 3395 262 3445 amara
283 3370 443 3445 dulcibus
465 3372 606 3445 leniens.
635 3373 704 3446 Sed
735 3373 802 3445 alia
834 3372 994 3466 quaedam
1027 3384 1110 3445 sunt
1134 3393 1215 3464 quae

144 3494 321 3588 refugiunt
347 3498 477 3584 stilum,
498 3519 544 3568 ex
570 3495 698 3591 quibus
719 3493 801 3568 mibi
823 3497 890 3567 illic
909 3517 1041 3568 moram
1061 3497 1214 3589 profecto

143 3615 388 3689 brevissimam
410 3641 576 3710 auguror,
598 3618 665 3689 nisi
685 3618 769 3712 quid
789 3618 872 3690 novi
897 3621 1012 3689 forsan
1038 3617 1214 3691 inciderit:

143 3738 238 3832 quod
249 3740 364 3833 ipsum
379 3743 480 3834 quale
494 3742 649 3837 suspicer
666 3742 796 3834 ignoro.
817 3741 855 3812 ld
873 3741 952 3826 scio,
971 3740 1211 3812 nihilomnino

143 3883 212 3933 non
232 3885 337 3957 posse
358 3862 487 3935 bomini
511 3865 725 3956 contingere,
753 3864 889 3935 animali
914 3863 1044 3936 caduco
1069 3883 1213 3960 prorsus

142 4003 183 4056 ac
194 3986 345 4069 mortali,
361 3986 438 4057 licet
458 3987 546 4057 inter
564 3986 724 4059 miserias
745 3986 913 4057 insolenti.
936 3985 1033 4055 Latet
1052 4005 1138 4075 ergo
1158 4005 1212 4055 re-

143 4130 217 4179 rum
236 4109 369 4180 exitus:
390 4130 546 4201 praesens
567 4109 778 4205 propositum
799 4107 904 4179 animi
922 4128 989 4176 non
1008 4107 1098 4191 latet,
1118 4104 1212 4198 quod

141 4239 176 4301 et
195 4231 256 4304 tibi
276 4242 313 4302 et
331 4230 460 4304 nostris
483 4254 551 4303 non
571 4232 725 4324 ignotum
746 4231 861 4302 velim.
876 4232 1066 4301 Romanum
1087 4211 1211 4322 nempe

141 4356 349 4442 Pontificem,
373 4380 477 4451 quem
498 4356 543 4430 ad
564 4357 672 4450 ripam
690 4355 823 4426 Tiberis
840 4376 998 4448 quaerere
1017 4374 1211 4426 consueve-

141 4491 215 4552 rant
235 4491 352 4577 patres
371 4480 496 4564 nostri,
523 4502 586 4551 nos
612 4477 656 4551 ad
682 4476 789 4570 ripam
816 4476 971 4550 llhodani
997 4474 1208 4570 quaerimus:
