<?xml version="1.0" encoding="UTF-8"?>
<!DOCTYPE html PUBLIC "-//W3C//DTD XHTML 1.0 Transitional//EN"
    "http://www.w3.org/TR/xhtml1/DTD/xhtml1-transitional.dtd">
<html xmlns="http://www.w3.org/1999/xhtml" xml:lang="en" lang="en">
 <head>
  <title>
</title>
<meta http-equiv="Content-Type" content="text/html;charset=utf-8" />
  <meta name='ocr-system' content='tesseract 3.04.00' />
  <meta name='ocr-capabilities' content='ocr_page ocr_carea ocr_par ocr_line ocrx_word'/>
</head>
<body>
  <div class='ocr_page' id='page_1' title='image "./epistolaederebu02fracgoog_0395.png"; bbox 0 0 2738 5062; ppageno 0'>
   <div class='ocr_carea' id='block_1_1' title="bbox 140 686 883 747">
    <p class='ocr_par' dir='ltr' id='par_1_1' title="bbox 140 686 883 747">
     <span class='ocr_line' id='line_1_1' title="bbox 140 686 883 747; baseline -0.008 0"><span class='ocrx_word' id='word_1_1' title='bbox 140 686 200 747; x_wconf 77' lang='lat'>386</span> <span class='ocrx_word' id='word_1_2' title='bbox 477 694 518 742; x_wconf 81' lang='lat' dir='ltr'>nn</span> <span class='ocrx_word' id='word_1_3' title='bbox 540 693 641 742; x_wconf 83' lang='lat' dir='ltr'>nanus</span> <span class='ocrx_word' id='word_1_4' title='bbox 662 692 883 743; x_wconf 81' lang='lat' dir='ltr'>raurnmmnus</span> 
     </span>
    </p>
   </div>
   <div class='ocr_carea' id='block_1_2' title="bbox 143 814 1235 2021">
    <p class='ocr_par' dir='ltr' id='par_1_2' title="bbox 143 814 1235 2021">
     <span class='ocr_line' id='line_1_2' title="bbox 143 814 1235 922; baseline 0.004 -21"><span class='ocrx_word' id='word_1_5' title='bbox 143 831 283 912; x_wconf 88' lang='lat' dir='ltr'>tudinis,</span> <span class='ocrx_word' id='word_1_6' title='bbox 312 829 440 922; x_wconf 89' lang='lat' dir='ltr'>quibus</span> <span class='ocrx_word' id='word_1_7' title='bbox 461 850 528 920; x_wconf 79' lang='lat' dir='ltr'>ego</span> <span class='ocrx_word' id='word_1_8' title='bbox 550 850 626 899; x_wconf 91' lang='lat' dir='ltr'>sum</span> <span class='ocrx_word' id='word_1_9' title='bbox 649 828 808 919; x_wconf 81' lang='lat' dir='ltr'>cognitus</span> <span class='ocrx_word' id='word_1_10' title='bbox 830 826 994 900; x_wconf 92' lang='lat' dir='ltr'>omnibus</span> <span class='ocrx_word' id='word_1_11' title='bbox 1015 814 1140 900; x_wconf 87' lang='lat' dir='ltr'>notum</span> <span class='ocrx_word' id='word_1_12' title='bbox 1162 844 1235 905; x_wconf 88' lang='lat' dir='ltr'>est.</span> 
     </span>
     <span class='ocr_line' id='line_1_3' title="bbox 143 950 1233 1042; baseline 0.006 -21"><span class='ocrx_word' id='word_1_13' title='bbox 143 952 215 1023; x_wconf 90' lang='lat' dir='ltr'>Sivi</span> <span class='ocrx_word' id='word_1_14' title='bbox 236 950 432 1023; x_wconf 90' lang='lat' dir='ltr'>hominem:</span> <span class='ocrx_word' id='word_1_15' title='bbox 459 950 543 1020; x_wconf 94' lang='lat' dir='ltr'>abiit</span> <span class='ocrx_word' id='word_1_16' title='bbox 568 950 654 1019; x_wconf 90' lang='lat' dir='ltr'>hora</span> <span class='ocrx_word' id='word_1_17' title='bbox 679 950 813 1042; x_wconf 84' lang='lat' dir='ltr'>prandii</span> <span class='ocrx_word' id='word_1_18' title='bbox 835 951 1027 1033; x_wconf 91' lang='lat' dir='ltr'>rediturus;</span> <span class='ocrx_word' id='word_1_19' title='bbox 1050 955 1233 1027; x_wconf 89' lang='lat' dir='ltr'>necdum</span> 
     </span>
     <span class='ocr_line' id='line_1_4' title="bbox 143 1071 1235 1164; baseline 0 -18"><span class='ocrx_word' id='word_1_20' title='bbox 143 1074 244 1146; x_wconf 87' lang='lat' dir='ltr'>rediit</span> <span class='ocrx_word' id='word_1_21' title='bbox 267 1086 302 1143; x_wconf 88' lang='lat' dir='ltr'>et</span> <span class='ocrx_word' id='word_1_22' title='bbox 323 1073 389 1143; x_wconf 87' lang='lat' dir='ltr'>iam</span> <span class='ocrx_word' id='word_1_23' title='bbox 413 1071 517 1143; x_wconf 91' lang='lat' dir='ltr'>biduo</span> <span class='ocrx_word' id='word_1_24' title='bbox 543 1071 652 1141; x_wconf 87' lang='lat' dir='ltr'>abest.</span> <span class='ocrx_word' id='word_1_25' title='bbox 674 1071 766 1154; x_wconf 88' lang='lat' dir='ltr'>Quid</span> <span class='ocrx_word' id='word_1_26' title='bbox 793 1076 917 1163; x_wconf 81' lang='lat' dir='ltr'>agam?</span> <span class='ocrx_word' id='word_1_27' title='bbox 936 1071 1021 1164; x_wconf 92' lang='lat' dir='ltr'>quid</span> <span class='ocrx_word' id='word_1_28' title='bbox 1042 1094 1126 1144; x_wconf 87' lang='lat' dir='ltr'>esse</span> <span class='ocrx_word' id='word_1_29' title='bbox 1151 1097 1235 1146; x_wconf 91' lang='lat' dir='ltr'>cre-</span> 
     </span>
     <span class='ocr_line' id='line_1_5' title="bbox 144 1194 1233 1288; baseline 0.001 -22"><span class='ocrx_word' id='word_1_30' title='bbox 144 1196 250 1266; x_wconf 81' lang='lat' dir='ltr'>dam?</span> <span class='ocrx_word' id='word_1_31' title='bbox 266 1194 432 1286; x_wconf 86' lang='lat' dir='ltr'>quamdiu</span> <span class='ocrx_word' id='word_1_32' title='bbox 452 1195 545 1264; x_wconf 92' lang='lat' dir='ltr'>illum</span> <span class='ocrx_word' id='word_1_33' title='bbox 567 1196 772 1287; x_wconf 78' lang='lat' dir='ltr'>expectem?</span> <span class='ocrx_word' id='word_1_34' title='bbox 791 1216 846 1279; x_wconf 92' lang='lat' dir='ltr'>an,</span> <span class='ocrx_word' id='word_1_35' title='bbox 867 1217 982 1285; x_wconf 85' lang='lat' dir='ltr'>quove</span> <span class='ocrx_word' id='word_1_36' title='bbox 1001 1194 1099 1265; x_wconf 92' lang='lat' dir='ltr'>ilium</span> <span class='ocrx_word' id='word_1_37' title='bbox 1125 1198 1233 1288; x_wconf 88' lang='lat' dir='ltr'>sequi</span> 
     </span>
     <span class='ocr_line' id='line_1_6' title="bbox 144 1315 1232 1409; baseline 0.002 -24"><span class='ocrx_word' id='word_1_38' title='bbox 144 1315 304 1386; x_wconf 88' lang='lat' dir='ltr'>iubeam‘l</span> <span class='ocrx_word' id='word_1_39' title='bbox 317 1337 360 1384; x_wconf 92' lang='lat' dir='ltr'>an</span> <span class='ocrx_word' id='word_1_40' title='bbox 375 1315 420 1385; x_wconf 93' lang='lat' dir='ltr'>ad</span> <span class='ocrx_word' id='word_1_41' title='bbox 436 1326 468 1386; x_wconf 93' lang='lat' dir='ltr'>te</span> <span class='ocrx_word' id='word_1_42' title='bbox 485 1336 665 1385; x_wconf 88' lang='lat' dir='ltr'>reversum</span> <span class='ocrx_word' id='word_1_43' title='bbox 683 1315 855 1405; x_wconf 90' lang='lat' dir='ltr'>suspicer,</span> <span class='ocrx_word' id='word_1_44' title='bbox 875 1338 920 1386; x_wconf 93' lang='lat' dir='ltr'>an</span> <span class='ocrx_word' id='word_1_45' title='bbox 931 1315 1077 1406; x_wconf 79' lang='lat' dir='ltr'>longius</span> <span class='ocrx_word' id='word_1_46' title='bbox 1092 1317 1232 1409; x_wconf 84' lang='lat' dir='ltr'>proiec-</span> 
     </span>
     <span class='ocr_line' id='line_1_7' title="bbox 146 1436 1231 1528; baseline 0.002 -21"><span class='ocrx_word' id='word_1_47' title='bbox 146 1440 241 1507; x_wconf 84' lang='lat' dir='ltr'>tum‘?</span> <span class='ocrx_word' id='word_1_48' title='bbox 257 1436 306 1506; x_wconf 92' lang='lat' dir='ltr'>lbi</span> <span class='ocrx_word' id='word_1_49' title='bbox 325 1436 417 1507; x_wconf 91' lang='lat' dir='ltr'>enim</span> <span class='ocrx_word' id='word_1_50' title='bbox 436 1445 576 1508; x_wconf 91' lang='lat' dir='ltr'>nonest</span> <span class='ocrx_word' id='word_1_51' title='bbox 596 1457 666 1528; x_wconf 93' lang='lat' dir='ltr'>quo</span> <span class='ocrx_word' id='word_1_52' title='bbox 687 1458 724 1507; x_wconf 90' lang='lat' dir='ltr'>se</span> <span class='ocrx_word' id='word_1_53' title='bbox 743 1436 872 1507; x_wconf 84' lang='lat' dir='ltr'>iturum</span> <span class='ocrx_word' id='word_1_54' title='bbox 890 1437 1036 1520; x_wconf 77' lang='lat' dir='ltr'>dixerat,</span> <span class='ocrx_word' id='word_1_55' title='bbox 1053 1446 1090 1507; x_wconf 88' lang='lat' dir='ltr'>et</span> <span class='ocrx_word' id='word_1_56' title='bbox 1108 1440 1231 1511; x_wconf 86' lang='lat' dir='ltr'>nescio</span> 
     </span>
     <span class='ocr_line' id='line_1_8' title="bbox 144 1558 1232 1652; baseline 0.002 -23"><span class='ocrx_word' id='word_1_57' title='bbox 144 1558 230 1652; x_wconf 88' lang='lat' dir='ltr'>qnid</span> <span class='ocrx_word' id='word_1_58' title='bbox 254 1559 385 1651; x_wconf 88' lang='lat' dir='ltr'>opiner.</span> <span class='ocrx_word' id='word_1_59' title='bbox 408 1560 552 1629; x_wconf 85' lang='lat' dir='ltr'>Terreni</span> <span class='ocrx_word' id='word_1_60' title='bbox 574 1580 627 1629; x_wconf 91' lang='lat' dir='ltr'>me</span> <span class='ocrx_word' id='word_1_61' title='bbox 655 1570 746 1629; x_wconf 81' lang='lat' dir='ltr'>notae</span> <span class='ocrx_word' id='word_1_62' title='bbox 770 1558 917 1629; x_wconf 89' lang='lat' dir='ltr'>hominis</span> <span class='ocrx_word' id='word_1_63' title='bbox 950 1580 1057 1630; x_wconf 88' lang='lat' dir='ltr'>curae.</span> <span class='ocrx_word' id='word_1_64' title='bbox 1099 1560 1232 1631; x_wconf 86' lang='lat' dir='ltr'>llloesto</span> 
     </span>
     <span class='ocr_line' id='line_1_9' title="bbox 146 1680 1229 1753; baseline 0.002 -3"><span class='ocrx_word' id='word_1_65' title='bbox 146 1681 261 1750; x_wconf 88' lang='lat' dir='ltr'>animo</span> <span class='ocrx_word' id='word_1_66' title='bbox 280 1682 370 1751; x_wconf 91' lang='lat' dir='ltr'>male</span> <span class='ocrx_word' id='word_1_67' title='bbox 390 1681 614 1751; x_wconf 86' lang='lat' dir='ltr'>committitur</span> <span class='ocrx_word' id='word_1_68' title='bbox 640 1681 798 1752; x_wconf 92' lang='lat' dir='ltr'>solitudo.</span> <span class='ocrx_word' id='word_1_69' title='bbox 827 1682 878 1751; x_wconf 89' lang='lat' dir='ltr'>Tu</span> <span class='ocrx_word' id='word_1_70' title='bbox 899 1681 929 1751; x_wconf 91' lang='lat' dir='ltr'>si</span> <span class='ocrx_word' id='word_1_71' title='bbox 950 1681 995 1752; x_wconf 91' lang='lat' dir='ltr'>de</span> <span class='ocrx_word' id='word_1_72' title='bbox 1015 1682 1073 1752; x_wconf 92' lang='lat' dir='ltr'>illo</span> <span class='ocrx_word' id='word_1_73' title='bbox 1093 1680 1229 1753; x_wconf 84' lang='lat' dir='ltr'>certius</span> 
     </span>
     <span class='ocr_line' id='line_1_10' title="bbox 145 1802 1233 1897; baseline -0.001 -23"><span class='ocrx_word' id='word_1_74' title='bbox 145 1802 334 1896; x_wconf 90' lang='lat' dir='ltr'>quidquam</span> <span class='ocrx_word' id='word_1_75' title='bbox 353 1814 461 1887; x_wconf 74' lang='lat' dir='ltr'>tenes</span> <span class='ocrx_word' id='word_1_76' title='bbox 481 1803 546 1874; x_wconf 88' lang='lat' dir='ltr'>hac</span> <span class='ocrx_word' id='word_1_77' title='bbox 563 1825 618 1873; x_wconf 92' lang='lat' dir='ltr'>me</span> <span class='ocrx_word' id='word_1_78' title='bbox 644 1802 871 1895; x_wconf 77' lang='lat' dir='ltr'>perplexitate</span> <span class='ocrx_word' id='word_1_79' title='bbox 894 1802 1033 1897; x_wconf 81' lang='lat' dir='ltr'>expedi.</span> <span class='ocrx_word' id='word_1_80' title='bbox 1056 1803 1153 1873; x_wconf 89' lang='lat' dir='ltr'>Nihil</span> <span class='ocrx_word' id='word_1_81' title='bbox 1176 1812 1233 1875; x_wconf 87' lang='lat' dir='ltr'>est</span> 
     </span>
     <span class='ocr_line' id='line_1_11' title="bbox 146 1922 907 2021; baseline -0.007 -23"><span class='ocrx_word' id='word_1_82' title='bbox 146 1927 240 2017; x_wconf 89' lang='lat' dir='ltr'>quod</span> <span class='ocrx_word' id='word_1_83' title='bbox 259 1927 408 2021; x_wconf 91' lang='lat' dir='ltr'>amplius</span> <span class='ocrx_word' id='word_1_84' title='bbox 428 1925 558 2009; x_wconf 85' lang='lat' dir='ltr'>dicam,</span> <span class='ocrx_word' id='word_1_85' title='bbox 581 1925 647 1996; x_wconf 90' lang='lat' dir='ltr'>nisi</span> <span class='ocrx_word' id='word_1_86' title='bbox 669 1922 751 1994; x_wconf 91' lang='lat' dir='ltr'>illud</span> <span class='ocrx_word' id='word_1_87' title='bbox 770 1924 907 1994; x_wconf 89' lang='lat' dir='ltr'>Ovidii:</span> 
     </span>
    </p>
   </div>
   <div class='ocr_carea' id='block_1_3' title="bbox 387 2119 987 2293">
    <p class='ocr_par' dir='ltr' id='par_1_3' title="bbox 387 2119 987 2293">
     <span class='ocr_line' id='line_1_12' title="bbox 387 2119 987 2199; baseline 0.002 -17"><span class='ocrx_word' id='word_1_88' title='bbox 387 2120 444 2182; x_wconf 84' lang='lat' dir='ltr'>ltes</span> <span class='ocrx_word' id='word_1_89' title='bbox 462 2125 507 2181; x_wconf 88' lang='lat' dir='ltr'>cst</span> <span class='ocrx_word' id='word_1_90' title='bbox 524 2119 634 2182; x_wconf 78' lang='lat' dir='ltr'>soliciti</span> <span class='ocrx_word' id='word_1_91' title='bbox 650 2120 738 2199; x_wconf 85' lang='lat' dir='ltr'>plena</span> <span class='ocrx_word' id='word_1_92' title='bbox 753 2119 873 2183; x_wconf 84' lang='lat' dir='ltr'>timoris</span> <span class='ocrx_word' id='word_1_93' title='bbox 889 2134 987 2183; x_wconf 88' lang='lat' dir='ltr'>amor.</span> 
     </span>
     <span class='ocr_line' id='line_1_13' title="bbox 389 2220 829 2293; baseline -0.002 -11"><span class='ocrx_word' id='word_1_94' title='bbox 389 2220 447 2293; x_wconf 84' lang='lat' dir='ltr'>Qui</span> <span class='ocrx_word' id='word_1_95' title='bbox 464 2222 564 2283; x_wconf 89' lang='lat' dir='ltr'>maior</span> <span class='ocrx_word' id='word_1_96' title='bbox 580 2222 719 2284; x_wconf 85' lang='lat' dir='ltr'>absentes</span> <span class='ocrx_word' id='word_1_97' title='bbox 732 2220 829 2285; x_wconf 84' lang='lat' dir='ltr'>hahet.</span> 
     </span>
    </p>
   </div>
   <div class='ocr_carea' id='block_1_4' title="bbox 149 2400 860 2618">
    <p class='ocr_par' dir='ltr' id='par_1_4' title="bbox 149 2400 860 2618">
     <span class='ocr_line' id='line_1_14' title="bbox 149 2400 797 2474; baseline -0.005 0"><span class='ocrx_word' id='word_1_98' title='bbox 149 2414 187 2474; x_wconf 93' lang='lat' dir='ltr'>ut</span> <span class='ocrx_word' id='word_1_99' title='bbox 211 2400 339 2472; x_wconf 90' lang='lat' dir='ltr'>Nasoni</span> <span class='ocrx_word' id='word_1_100' title='bbox 361 2401 504 2471; x_wconf 79' lang='lat' dir='ltr'>Flaccus</span> <span class='ocrx_word' id='word_1_101' title='bbox 526 2403 675 2473; x_wconf 86' lang='lat' dir='ltr'>accedat.</span> <span class='ocrx_word' id='word_1_102' title='bbox 702 2404 797 2473; x_wconf 85' lang='lat' dir='ltr'>Vale.</span> 
     </span>
     <span class='ocr_line' id='line_1_15' title="bbox 291 2544 860 2618; baseline 0.004 -19"><span class='ocrx_word' id='word_1_103' title='bbox 291 2544 334 2599; x_wconf 79' lang='lat' dir='ltr'>Ad</span> <span class='ocrx_word' id='word_1_104' title='bbox 348 2544 452 2600; x_wconf 83' lang='lat' dir='ltr'>fontem</span> <span class='ocrx_word' id='word_1_105' title='bbox 468 2544 587 2615; x_wconf 73' lang='lat' dir='ltr'>Sergia,</span> <span class='ocrx_word' id='word_1_106' title='bbox 604 2544 735 2601; x_wconf 81' lang='lat' dir='ltr'>Kalendis</span> <span class='ocrx_word' id='word_1_107' title='bbox 748 2546 860 2618; x_wconf 84' lang='lat' dir='ltr'>Aprilis.</span> 
     </span>
    </p>
   </div>
   <div class='ocr_carea' id='block_1_5' title="bbox 557 2924 824 3024">
    <p class='ocr_par' dir='ltr' id='par_1_5' title="bbox 557 2924 824 3024">
     <span class='ocr_line' id='line_1_16' title="bbox 557 2924 824 3024; baseline -0.015 0"><span class='ocrx_word' id='word_1_108' title='bbox 557 2958 736 3024; x_wconf 78' lang='lat' dir='ltr'>arissam</span> <span class='ocrx_word' id='word_1_109' title='bbox 757 2924 824 3021; x_wconf 84' lang='lat' dir='ltr'>uu.</span> 
     </span>
    </p>
   </div>
   <div class='ocr_carea' id='block_1_6' title="bbox 321 3145 1055 3198">
    <p class='ocr_par' dir='ltr' id='par_1_6' title="bbox 321 3145 1055 3198">
     <span class='ocr_line' id='line_1_17' title="bbox 321 3145 1055 3198; baseline 0.003 -2"><span class='ocrx_word' id='word_1_110' title='bbox 321 3145 513 3196; x_wconf 74' lang='lat' dir='ltr'>ananciscus</span> <span class='ocrx_word' id='word_1_111' title='bbox 535 3146 703 3195; x_wconf 74' lang='lat' dir='ltr'>Parauaea</span> <span class='ocrx_word' id='word_1_112' title='bbox 724 3145 826 3195; x_wconf 81' lang='lat' dir='ltr'>LAELIO</span> <span class='ocrx_word' id='word_1_113' title='bbox 846 3146 905 3197; x_wconf 88' lang='lat' dir='ltr'>SUO</span> <span class='ocrx_word' id='word_1_114' title='bbox 927 3147 952 3195; x_wconf 92' lang='lat' dir='ltr'>S.</span> <span class='ocrx_word' id='word_1_115' title='bbox 974 3148 1002 3197; x_wconf 79' lang='grc' dir='ltr'>Ρ.</span> <span class='ocrx_word' id='word_1_116' title='bbox 1025 3150 1055 3198; x_wconf 82' lang='lat' dir='ltr'>li.</span> 
     </span>
    </p>
   </div>
   <div class='ocr_carea' id='block_1_7' title="bbox 180 3302 1200 3462">
    <p class='ocr_par' dir='ltr' id='par_1_7' title="bbox 180 3302 1200 3462">
     <span class='ocr_line' id='line_1_18' title="bbox 180 3302 1200 3376; baseline 0.008 -19"><span class='ocrx_word' id='word_1_117' title='bbox 180 3304 283 3358; x_wconf 84' lang='lat' dir='ltr'>Narrat</span> <span class='ocrx_word' id='word_1_118' title='bbox 298 3302 349 3358; x_wconf 87' lang='lat' dir='ltr'>sibi</span> <span class='ocrx_word' id='word_1_119' title='bbox 365 3303 612 3358; x_wconf 85' lang='lat' dir='ltr'>Carthusianorum</span> <span class='ocrx_word' id='word_1_120' title='bbox 627 3302 782 3359; x_wconf 84' lang='lat' dir='ltr'>eoenobium</span> <span class='ocrx_word' id='word_1_121' title='bbox 796 3306 899 3376; x_wconf 89' lang='lat' dir='ltr'>petenti</span> <span class='ocrx_word' id='word_1_122' title='bbox 913 3311 1054 3361; x_wconf 85' lang='lat' dir='ltr'>matronas</span> <span class='ocrx_word' id='word_1_123' title='bbox 1068 3324 1200 3365; x_wconf 77' lang='lat' dir='ltr'>romanas</span> 
     </span>
     <span class='ocr_line' id='line_1_19' title="bbox 204 3387 1182 3462; baseline 0.004 -18"><span class='ocrx_word' id='word_1_124' title='bbox 204 3387 298 3445; x_wconf 83' lang='lat' dir='ltr'>obvias</span> <span class='ocrx_word' id='word_1_125' title='bbox 312 3390 479 3457; x_wconf 86' lang='lat' dir='ltr'>occurrisse,</span> <span class='ocrx_word' id='word_1_126' title='bbox 495 3407 613 3462; x_wconf 75' lang='lat' dir='ltr'>quaeque</span> <span class='ocrx_word' id='word_1_127' title='bbox 626 3391 661 3445; x_wconf 88' lang='lat' dir='ltr'>ab</span> <span class='ocrx_word' id='word_1_128' title='bbox 674 3391 741 3462; x_wconf 85' lang='lat' dir='ltr'>ipsis</span> <span class='ocrx_word' id='word_1_129' title='bbox 755 3389 789 3444; x_wconf 89' lang='lat' dir='ltr'>de</span> <span class='ocrx_word' id='word_1_130' title='bbox 805 3389 919 3447; x_wconf 82' lang='lat' dir='ltr'>mbanis</span> <span class='ocrx_word' id='word_1_131' title='bbox 932 3391 1015 3446; x_wconf 88' lang='lat' dir='ltr'>rebus</span> <span class='ocrx_word' id='word_1_132' title='bbox 1029 3394 1182 3449; x_wconf 82' lang='lat' dir='ltr'>resciverit.</span> 
     </span>
    </p>
   </div>
   <div class='ocr_carea' id='block_1_8' title="bbox 151 3625 1232 4569">
    <p class='ocr_par' dir='ltr' id='par_1_8' title="bbox 151 3625 1232 4569">
     <span class='ocr_line' id='line_1_20' title="bbox 248 3625 1232 3723; baseline 0.006 -27"><span class='ocrx_word' id='word_1_133' title='bbox 248 3625 304 3698; x_wconf 79' lang='lat' dir='ltr'>Ad</span> <span class='ocrx_word' id='word_1_134' title='bbox 322 3625 460 3695; x_wconf 86' lang='lat' dir='ltr'>tertium</span> <span class='ocrx_word' id='word_1_135' title='bbox 479 3628 652 3700; x_wconf 88' lang='lat' dir='ltr'>decimum</span> <span class='ocrx_word' id='word_1_136' title='bbox 666 3628 839 3699; x_wconf 85' lang='lat' dir='ltr'>Kalendas</span> <span class='ocrx_word' id='word_1_137' title='bbox 858 3629 968 3698; x_wconf 86' lang='lat' dir='ltr'>Maias</span> <span class='ocrx_word' id='word_1_138' title='bbox 986 3628 1232 3723; x_wconf 78' lang='lat' dir='ltr'>inierdquen-</span> 
     </span>
     <span class='ocr_line' id='line_1_21' title="bbox 151 3746 1231 3843; baseline 0.004 -25"><span class='ocrx_word' id='word_1_139' title='bbox 151 3770 226 3818; x_wconf 90' lang='lat' dir='ltr'>sem</span> <span class='ocrx_word' id='word_1_140' title='bbox 251 3746 419 3819; x_wconf 89' lang='lat' dir='ltr'>coloniam</span> <span class='ocrx_word' id='word_1_141' title='bbox 445 3757 481 3817; x_wconf 86' lang='lat' dir='ltr'>et</span> <span class='ocrx_word' id='word_1_142' title='bbox 505 3749 693 3819; x_wconf 81' lang='lat' dir='ltr'>lilaximino</span> <span class='ocrx_word' id='word_1_143' title='bbox 715 3770 849 3819; x_wconf 89' lang='lat' dir='ltr'>sacram</span> <span class='ocrx_word' id='word_1_144' title='bbox 875 3751 1017 3821; x_wconf 92' lang='lat' dir='ltr'>domum</span> <span class='ocrx_word' id='word_1_145' title='bbox 1038 3750 1122 3821; x_wconf 92' lang='lat' dir='ltr'>dum</span> <span class='ocrx_word' id='word_1_146' title='bbox 1149 3773 1231 3843; x_wconf 77' lang='lat' dir='ltr'>ger-</span> 
     </span>
     <span class='ocr_line' id='line_1_22' title="bbox 152 3872 1229 3957; baseline 0.004 -18"><span class='ocrx_word' id='word_1_147' title='bbox 152 3891 293 3942; x_wconf 91' lang='lat' dir='ltr'>manum</span> <span class='ocrx_word' id='word_1_148' title='bbox 314 3891 441 3954; x_wconf 89' lang='lat' dir='ltr'>meum,</span> <span class='ocrx_word' id='word_1_149' title='bbox 463 3880 573 3952; x_wconf 88' lang='lat' dir='ltr'>tuum,</span> <span class='ocrx_word' id='word_1_150' title='bbox 593 3882 767 3955; x_wconf 86' lang='lat' dir='ltr'>nostrum,</span> <span class='ocrx_word' id='word_1_151' title='bbox 791 3873 861 3942; x_wconf 91' lang='lat' dir='ltr'>imo</span> <span class='ocrx_word' id='word_1_152' title='bbox 879 3872 1021 3957; x_wconf 87' lang='lat' dir='ltr'>Christi,</span> <span class='ocrx_word' id='word_1_153' title='bbox 1042 3882 1079 3943; x_wconf 88' lang='lat' dir='ltr'>ut</span> <span class='ocrx_word' id='word_1_154' title='bbox 1096 3872 1145 3943; x_wconf 90' lang='lat' dir='ltr'>ait</span> <span class='ocrx_word' id='word_1_155' title='bbox 1163 3872 1229 3957; x_wconf 88' lang='lat' dir='ltr'>illa,</span> 
     </span>
     <span class='ocr_line' id='line_1_23' title="bbox 152 3994 1231 4086; baseline 0.005 -24"><span class='ocrx_word' id='word_1_156' title='bbox 152 3994 334 4066; x_wconf 86' lang='lat' dir='ltr'>revisurus</span> <span class='ocrx_word' id='word_1_157' title='bbox 360 4016 552 4086; x_wconf 82' lang='lat' dir='ltr'>pergerem,</span> <span class='ocrx_word' id='word_1_158' title='bbox 574 3996 661 4066; x_wconf 81' lang='lat' dir='ltr'>sorte</span> <span class='ocrx_word' id='word_1_159' title='bbox 687 3995 767 4065; x_wconf 87' lang='lat' dir='ltr'>milri</span> <span class='ocrx_word' id='word_1_160' title='bbox 788 3995 857 4065; x_wconf 84' lang='lat' dir='ltr'>viae</span> <span class='ocrx_word' id='word_1_161' title='bbox 875 3994 988 4065; x_wconf 90' lang='lat' dir='ltr'>medio</span> <span class='ocrx_word' id='word_1_162' title='bbox 1007 4016 1231 4068; x_wconf 90' lang='lat' dir='ltr'>romanarum</span> 
     </span>
     <span class='ocr_line' id='line_1_24' title="bbox 151 4112 1230 4210; baseline 0.006 -30"><span class='ocrx_word' id='word_1_163' title='bbox 151 4112 275 4204; x_wconf 81' lang='lat' dir='ltr'>ingens</span> <span class='ocrx_word' id='word_1_164' title='bbox 295 4115 389 4186; x_wconf 89' lang='lat' dir='ltr'>acies</span> <span class='ocrx_word' id='word_1_165' title='bbox 411 4126 644 4188; x_wconf 90' lang='lat' dir='ltr'>matronarum</span> <span class='ocrx_word' id='word_1_166' title='bbox 666 4114 730 4186; x_wconf 86' lang='lat' dir='ltr'>luit</span> <span class='ocrx_word' id='word_1_167' title='bbox 749 4114 863 4187; x_wconf 89' lang='lat' dir='ltr'>obvia.</span> <span class='ocrx_word' id='word_1_168' title='bbox 886 4116 1030 4187; x_wconf 82' lang='lat' dir='ltr'>Mirum!</span> <span class='ocrx_word' id='word_1_169' title='bbox 1055 4119 1174 4210; x_wconf 91' lang='lat' dir='ltr'>procul</span> <span class='ocrx_word' id='word_1_170' title='bbox 1194 4116 1230 4187; x_wconf 91' lang='lat' dir='ltr'>in</span> 
     </span>
     <span class='ocr_line' id='line_1_25' title="bbox 151 4235 1230 4330; baseline 0.004 -27"><span class='ocrx_word' id='word_1_171' title='bbox 151 4236 321 4307; x_wconf 79' lang='lat' dir='ltr'>frontibus</span> <span class='ocrx_word' id='word_1_172' title='bbox 346 4235 379 4305; x_wconf 87' lang='lat' dir='ltr'>in</span> <span class='ocrx_word' id='word_1_173' title='bbox 407 4237 545 4309; x_wconf 87' lang='lat' dir='ltr'>incessu</span> <span class='ocrx_word' id='word_1_174' title='bbox 569 4258 682 4329; x_wconf 82' lang='lat' dir='ltr'>genus</span> <span class='ocrx_word' id='word_1_175' title='bbox 703 4258 743 4309; x_wconf 91' lang='lat' dir='ltr'>ac</span> <span class='ocrx_word' id='word_1_176' title='bbox 768 4238 911 4330; x_wconf 88' lang='lat' dir='ltr'>patriam</span> <span class='ocrx_word' id='word_1_177' title='bbox 933 4237 1027 4308; x_wconf 90' lang='lat' dir='ltr'>novi.</span> <span class='ocrx_word' id='word_1_178' title='bbox 1054 4236 1230 4308; x_wconf 88' lang='lat' dir='ltr'>Sciscitari</span> 
     </span>
     <span class='ocr_line' id='line_1_26' title="bbox 152 4354 1231 4429; baseline 0.006 -6"><span class='ocrx_word' id='word_1_179' title='bbox 152 4363 268 4424; x_wconf 85' lang='lat' dir='ltr'>tamen</span> <span class='ocrx_word' id='word_1_180' title='bbox 294 4354 392 4427; x_wconf 86' lang='lat' dir='ltr'>libuit</span> <span class='ocrx_word' id='word_1_181' title='bbox 417 4357 446 4426; x_wconf 89' lang='lat' dir='ltr'>si</span> <span class='ocrx_word' id='word_1_182' title='bbox 473 4359 590 4426; x_wconf 87' lang='lat' dir='ltr'>lorsan</span> <span class='ocrx_word' id='word_1_183' title='bbox 609 4357 788 4428; x_wconf 80' lang='lat' dir='ltr'>fefellisset</span> <span class='ocrx_word' id='word_1_184' title='bbox 812 4355 1007 4428; x_wconf 68' lang='lat' dir='ltr'>aestimatio.</span> <span class='ocrx_word' id='word_1_185' title='bbox 1029 4357 1116 4427; x_wconf 88' lang='lat' dir='ltr'>Cum</span> <span class='ocrx_word' id='word_1_186' title='bbox 1143 4378 1231 4429; x_wconf 87' lang='lat' dir='ltr'>vero</span> 
     </span>
     <span class='ocr_line' id='line_1_27' title="bbox 152 4474 1228 4569; baseline 0.006 -28"><span class='ocrx_word' id='word_1_187' title='bbox 152 4474 220 4547; x_wconf 91' lang='lat' dir='ltr'>iam</span> <span class='ocrx_word' id='word_1_188' title='bbox 242 4477 340 4547; x_wconf 83' lang='lat' dir='ltr'>iuxta</span> <span class='ocrx_word' id='word_1_189' title='bbox 358 4498 473 4548; x_wconf 90' lang='lat' dir='ltr'>essem</span> <span class='ocrx_word' id='word_1_190' title='bbox 490 4490 527 4548; x_wconf 85' lang='lat' dir='ltr'>et</span> <span class='ocrx_word' id='word_1_191' title='bbox 546 4497 650 4549; x_wconf 88' lang='lat' dir='ltr'>voces</span> <span class='ocrx_word' id='word_1_192' title='bbox 666 4478 931 4569; x_wconf 87' lang='lat' dir='ltr'>colloquentium</span> <span class='ocrx_word' id='word_1_193' title='bbox 954 4478 1122 4561; x_wconf 90' lang='lat' dir='ltr'>audirem,</span> <span class='ocrx_word' id='word_1_194' title='bbox 1141 4477 1228 4548; x_wconf 88' lang='lat' dir='ltr'>nihil</span> 
     </span>
    </p>
   </div>
   <div class='ocr_carea' id='block_1_9' title="bbox 0 0 1384 5062">
    <p class='ocr_par' dir='ltr' id='par_1_9' title="bbox 0 0 1384 5062">
     <span class='ocr_line' id='line_1_28' title="bbox 0 0 1384 5062; baseline 0 0"><span class='ocrx_word' id='word_1_195' title='bbox 0 0 1384 5062; x_wconf 95' lang='lat' dir='ltr'> </span> 
     </span>
    </p>
   </div>
  </div>
 </body>
</html>
