2738 5062
347 739 440 789 urnun
461 737 942 790 saurusnnoruus.-nr1srons
964 738 1016 786 ιιι.
1164 724 1223 786 385

542 1021 731 1086 'nPtsTonn
753 1020 808 1083 Vll.

298 1215 492 1266 Funuctscus
513 1214 681 1264 Perfluunt
702 1212 838 1262 socam
858 1211 917 1262 SUO
938 1213 964 1261 S.
986 1213 1014 1261 Ρ.
1036 1213 1065 1261 D.

233 1368 353 1426 Nuntiat
367 1372 516 1426 adventum
529 1369 581 1424 sibi
595 1372 773 1440 pergratum,
789 1368 919 1439 doletque
934 1366 1039 1423 abitum
1054 1367 1134 1422 amici

370 1460 404 1514 de
419 1476 475 1531 quo
491 1459 578 1513 nescit
593 1459 706 1513 omnino
718 1473 774 1530 quo
789 1474 819 1512 se
834 1457 991 1512 contulerit.

243 1725 346 1794 Venit
365 1724 497 1795 amicus
523 1731 643 1794 noster
662 1720 707 1795 ad
732 1747 787 1795 me
807 1746 909 1817 quem
934 1732 1114 1795 venturum
1139 1743 1219 1815 pro-

144 1845 302 1916 miseras.
329 1848 415 1917 Data
434 1868 474 1918 ao
500 1845 633 1917 reddita
656 1848 779 1929 salute,
800 1846 950 1938 quaesivi
970 1868 1013 1917 an
1035 1867 1055 1916 a
1076 1854 1109 1916 te
1130 1844 1220 1915 litte·

144 1970 295 2038 rularum
318 1968 457 2059 aliquid.
480 1967 523 2038 Ul
544 1966 627 2036 nihil
653 1967 710 2051 ait,
731 1967 886 2059 cogitare
907 1967 994 2059 ooepi
1016 1968 1145 2038 trustra
1164 1966 1219 2036 lit-

144 2100 234 2160 teras
259 2088 369 2180 quaeri
391 2087 449 2158 ubi
476 2087 559 2159 viva
579 2109 652 2159 vox
678 2088 829 2160 adesset.
850 2088 1009 2159 Breviter
1029 2098 1145 2157 autem
1168 2085 1218 2159 sio

142 2209 246 2292 habe,
274 2211 321 2279 nil
350 2209 434 2280 mihi
467 2211 600 2302 gratius
630 2210 721 2282 illius
748 2210 896 2282 hominis
929 2208 1093 2282 adventu.
1120 2208 1217 2281 Nosti

143 2331 272 2422 'quibus
304 2331 467 2402 delectari
500 2334 640 2405 soleam.
671 2335 808 2416 Quanto
840 2333 885 2404 illi
920 2333 1039 2406 durior
1067 2334 1216 2415 fortuna,

142 2461 237 2524 tanto
262 2452 336 2546 ipse
362 2453 442 2543 mihi
464 2453 612 2538 dulcior,
636 2465 799 2548 tantoque
824 2455 935 2527 carior
961 2454 1059 2538 mihi,
1086 2462 1218 2547 quanto

143 2574 197 2644 ille
220 2577 276 2645 vel
303 2573 368 2645 sibi
401 2575 597 2666 despectior
623 2578 680 2647 vel
706 2576 877 2670 superbis.
904 2573 1036 2666 Excepi
1061 2595 1140 2645 eum
1179 2583 1218 2643 nt

142 2697 248 2790 potui,
269 2707 305 2767 et
329 2717 457 2790 passus
476 2707 533 2769 est
550 2699 668 2768 locus:
692 2698 821 2768 rustico
839 2718 965 2778 rerum,
981 2692 1085 2764 animi
1100 2705 1215 2765 autem

141 2831 309 2912 apparatu
342 2818 446 2909 regio,
478 2812 686 2910 ostendique
716 2817 782 2888 sibi
816 2826 988 2887 montanae
1022 2813 1216 2886 solitudinis

142 2959 240 3022 meae,
279 2949 447 3030 quantum
484 2950 600 3010 tamen
640 2961 702 3031 pro
742 2949 896 3032 tempore
937 2936 1096 3019 dabatur,
1132 2935 1217 3027 qnid

143 3079 203 3149 per
221 3058 286 3129 hos
304 3056 379 3128 dies
401 3058 434 3126 in
455 3057 603 3148 ingenio,
625 3056 709 3149 quid
730 3058 764 3127 in
786 3055 923 3128 hortulo
943 3053 1027 3148 quid
1048 3054 1083 3123 in
1103 3056 1216 3146 agello

142 3177 293 3249 severim
318 3178 447 3270 quidve
471 3178 690 3251 messuerim.
723 3181 812 3250 Dum
843 3180 893 3250 sie
920 3198 1080 3249 essemus
1107 3186 1145 3247 ut
1169 3177 1216 3247 nil

142 3299 241 3370 uobis
263 3300 402 3373 omnino
423 3311 550 3394 praeter
572 3302 621 3374 tui
641 3300 861 3393 praesentiam
882 3300 1007 3372 deesse
1028 3296 1214 3382 videretur,

141 3431 176 3491 et
196 3422 230 3490 in
251 3422 398 3513 singulis
416 3422 521 3494 rebus
543 3432 638 3495 tuum
656 3422 757 3494 nobis
774 3444 899 3494 nomen
919 3430 1126 3505 occurreret,
1145 3442 1217 3493 coe-

141 3541 192 3632 pit
206 3563 285 3612 eum
302 3541 515 3614 familiariter
530 3542 640 3614 affecti
657 3541 762 3613 animi
779 3542 950 3635 cupiditas
970 3541 1219 3634 aliquantisper

141 3664 324 3752 evagandi.
351 3664 446 3735 Dixit
469 3685 549 3737 esse
576 3666 641 3736 sibi
667 3664 762 3738 cordi
789 3665 937 3738 insulam
963 3664 1129 3746 invisere,
1158 3664 1218 3754 qui

142 3785 238 3854 loeus
259 3785 370 3857 tribus
391 3807 534 3881 passum
556 3789 709 3861 millibus
730 3789 840 3872 abest,
863 3787 985 3879 Surgia
1005 3784 1166 3856 illabente
1183 3796 1219 3856 et

141 3905 408 3998 praeterlabente
424 3907 650 3981 delectabilis.
669 3910 793 3994 Annui,
812 3932 859 3981 ex
877 3907 995 4002 pueris
1008 3906 1096 3976 meis
1111 3929 1217 3976 unum

141 4026 293 4118 aliquem
327 4028 396 4098 viae
430 4028 590 4099 comitem
623 4039 662 4099 ut
695 4031 867 4121 acciperet
899 4029 1071 4097 hortatus.
1099 4026 1219 4098 Oravit

140 4146 196 4216 ille
213 4168 257 4216 ne
270 4149 515 4245 profectionem
532 4170 640 4232 suam,
657 4147 691 4216 in
704 4169 773 4239 qua
789 4168 914 4237 magna
928 4146 995 4217 sibi
1006 4147 1219 4219 exonerandi

141 4266 246 4337 animi
274 4291 356 4361 spes
382 4279 490 4350 esset,
533 4269 627 4340 socio
660 4290 867 4360 gravarem
907 4267 991 4338 nihil
1022 4268 1118 4340 'enim
1152 4269 1218 4340 sibi

140 4387 176 4459 in
196 4410 239 4461 eo
256 4400 350 4462 statu
369 4390 506 4463 dulcius
525 4408 630 4479 quam
650 4400 689 4461 ut
706 4391 802 4462 solus
819 4410 900 4461 esse
916 4402 1046 4486 posset.
1066 4391 1140 4462 Non
1157 4413 1220 4461 au-

141 4519 210 4580 tem
232 4512 376 4585 miratus
398 4534 499 4596 sum;
522 4532 601 4582 nam
622 4510 760 4599 etmihi
783 4518 936 4604 quantus
955 4514 1000 4584 sit
1020 4532 1117 4584 amor
1138 4509 1218 4581 soli-

268 4642 294 4681 ιι.
1034 4628 1065 4677 25
