2738 5062
147 616 203 677 1-84
478 629 518 676 ns
539 627 640 677 annus
661 626 882 676 sustentamus

144 766 307 859 nendum,
321 763 414 856 quod
431 785 510 834 cum
528 764 616 834 inter
633 771 773 835 sanctos
790 772 825 834 et
842 761 1040 844 historicos,
1059 760 1210 854 interque

142 888 364 983 philosophos
385 896 421 958 et
440 895 561 981 poetas
583 884 836 958 nobilissimum
862 885 946 957 illud
971 894 1069 956 tuum
1095 904 1211 955 versa-

143 1015 239 1076 retur
257 1003 432 1097 ingenium
447 1002 553 1097 (tanta
575 1002 628 1072 vis
647 1002 776 1074 amoris
792 1000 868 1096 est),
887 1003 1065 1095 opuscula,
1085 1001 1161 1072 sive
1177 1010 1212 1071 ut

143 1126 254 1197 dicam
274 1125 407 1210 verius
426 1146 538 1216 nugas
560 1145 656 1195 meas
677 1121 845 1214 singulari
864 1122 1016 1215 quodam
1040 1119 1212 1194 desiderio

142 1247 326 1338 flagitares.
348 1247 477 1318 Verum
504 1247 549 1317 ita
574 1254 629 1317 est
653 1254 789 1329 natura,
821 1255 859 1315 ut
889 1242 1136 1315 vehementius
1155 1264 1212 1314 aa

142 1380 233 1442 stros
254 1370 442 1453 deiormcS,
462 1391 566 1462 quam
583 1368 715 1439 alienos
733 1370 902 1438 formosos
916 1364 1004 1436 filios
1017 1365 1211 1458 diligamus,

141 1515 204 1564 nec
224 1491 337 1585 inepte
367 1490 411 1563 ab
435 1492 599 1564 illaudato
624 1491 702 1562 licet
734 1498 834 1584 poeta
867 1489 997 1562 dictum
1023 1499 1101 1560 est:
1121 1511 1213 1558 suom

142 1617 255 1707 cuique
275 1636 441 1708 sponsam,
463 1616 545 1683 olibi
563 1635 687 1695 mcom;
706 1635 802 1682 suum
823 1614 938 1706 cuiqam
958 1634 1113 1696 amorem,
1135 1611 1215 1681 milti

140 1759 257 1807 marm.
276 1737 327 1809 Tu
347 1757 486 1830 quoque
507 1759 609 1820 nuno,
629 1744 726 1828 pater
742 1734 884 1827 optime,
904 1734 938 1804 iu
955 1733 1082 1807 iudicio
1099 1755 1214 1805 rerum

140 1883 295 1932 mearum
316 1882 385 1931 nou
404 1858 485 1953 quis
502 1880 567 1951 ego
585 1858 665 1943 sim,
689 1859 751 1929 sed
771 1879 876 1950 quem
897 1868 935 1928 tu
953 1856 1145 1940 coniectas,
1164 1867 1215 1928 at·

23 1960 26 1967 ¹
142 1983 266 2055 tendis.
289 1985 379 2053 Saue
399 1981 494 2074 quod
514 1983 647 2074 aliquos
668 2002 716 2052 ex
736 1978 859 2052 libellis
878 1979 1077 2050 memoratis
1095 1988 1215 2074 optare

143 2117 186 2186 te,
210 2103 270 2174 sed
292 2103 427 2174 iniussu
455 2124 531 2174 meo
551 2105 643 2174 nolle
663 2124 724 2174 eos
742 2112 933 2195 asportare,
955 2101 1095 2173 villicus
1115 2120 1215 2185 meus

142 2224 258 2308 rciert,
280 2223 520 2317 nescioquem
543 2232 715 2317 torporem
737 2224 850 2297 ardori
875 2234 933 2294 tuo
958 2223 1108 2295 mixtum
1128 2222 1216 2297 indi-

141 2356 206 2416 cat.
232 2345 342 2428 Utere,
364 2365 495 2437 quaeso,
518 2344 553 2415 in
573 2366 641 2427 me,
663 2345 768 2438 inque
789 2346 876 2417 meis
896 2345 1022 2417 reculis
1048 2344 1125 2417 iure
1147 2356 1214 2419 tuo.

141 2470 319 2539 Postremo
337 2468 495 2552 noveris,
524 2488 580 2539 me
603 2488 821 2538 communem
841 2468 1020 2540 domiuum
1041 2465 1216 2543 Albanen·

141 2613 214 2663 sem
233 2613 311 2662 cum
330 2590 399 2662 tuis
423 2590 545 2662 litteris
562 2588 700 2661 adiisse.
719 2590 826 2662 Cuius
848 2591 1029 2685 responsio
1045 2601 1117 2664 est:
1137 2612 1216 2687 gra·

143 2726 215 2787 tum
249 2737 287 2788 se
318 2713 446 2786 babere
467 2713 561 2807 quod
588 2712 728 2796 scribis;
760 2723 926 2785 caeterum
952 2737 995 2786 eo
1029 2736 1069 2786 se
1101 2716 1216 2787 animo

139 2862 233 2924 esse,
249 2850 287 2911 ut
303 2860 456 2931 uuquam
475 2859 655 2909 romanum
677 2834 872 2930 pontificem
890 2838 924 2906 iu
941 2836 1048 2909 rebus
1067 2838 1214 2934 propriis

140 2986 208 3036 non
229 2963 356 3056 fatiget.
378 2960 524 3033 Videtur
546 2960 628 3031 mihi
649 2959 810 3031 humanis
831 2958 1078 3054 cupiditatibus
1098 2960 1216 3033 excel·

140 3088 210 3159 sior
230 3088 320 3158 votis
343 3086 416 3156 suis
438 3084 579 3155 modum
601 3084 773 3178 posuisse,
798 3105 861 3156 nec
880 3095 948 3156 tam
970 3085 1119 3157 fortunae
1141 3078 1216 3159 susc

140 3232 245 3301 quam
266 3207 381 3277 animo
402 3205 656 3297 gratulandum.
690 3207 861 3278 Rumores
893 3206 979 3276 alios
1008 3208 1112 3278 nosti.
1139 3208 1216 3280 Rex

141 3331 271 3400 siculus
308 3328 450 3399 dilatum
484 3327 643 3399 diadema
677 3330 841 3422 percepit,
877 3329 1036 3423 interque
1071 3353 1154 3402 eum
1180 3341 1216 3402 ct

141 3449 367 3542 hungaricum
386 3458 602 3540 regnatorem
616 3470 696 3542 pax,
712 3460 748 3521 ut
765 3461 904 3534 aeterua,
917 3451 1110 3523 conveniet.
1124 3453 1215 3545 Papa

140 3583 258 3644 noster
283 3593 302 3641 a
329 3582 437 3641 morte
470 3570 669 3656 revertitur,
696 3572 857 3664 quamvis
887 3573 1066 3646 redeundo
1091 3574 1213 3647 eodem

141 3702 312 3789 properet.
346 3690 517 3761 Ostiensis
551 3700 680 3776 autem,
715 3693 798 3763 dum
826 3693 902 3766 baec
927 3694 986 3766 tibi
1013 3695 1212 3778 scriberem,

140 3818 288 3887 animam
303 3813 441 3912 agebat;
461 3834 575 3906 quam,
591 3813 673 3884 dum
689 3814 763 3887 baec
776 3816 881 3907 leges,
894 3815 1128 3902 exhalaverit;
1145 3817 1211 3912 qui,

141 3951 176 4010 ut
202 3939 286 4010 mihi
313 3939 462 4022 videtur,
498 3945 633 4008 matura
660 3938 792 4010 sibiae
820 3949 966 4024 naturae,
995 3941 1059 4012 sed
1089 3941 1213 4014 acerba

141 4065 338 4157 reipublicae
360 4073 468 4135 morte
490 4061 699 4154 defungitur.
722 4064 821 4146 Vale,
844 4063 973 4156 presul
995 4063 1147 4155 egregie.

279 4211 426 4265 llicnionc.
445 4212 506 4268 Kal.
525 4212 676 4267 Februarii.
