2738 5062
190 743 247 806 548
529 751 570 835 uc
591 751 692 802 ancus
713 749 932 802 rtuuunurus

190 911 253 965 sus
278 889 432 961 calamus
454 885 666 979 requiescat,
688 894 726 956 et
744 906 838 969 vere,
867 883 1087 978 ut'auguror,
1114 885 1270 976 fatigatis

189 1011 332 1086 auribus
353 1009 596 1103 detquietcm.
619 1009 772 1079 Salutem
799 1005 881 1078 mihi
911 1008 1040 1080 Laelius
1073 1030 1173 1081 meus
1198 1011 1269 1082 tuis

188 1134 308 1210 verbis
329 1131 557 1226 attulitque
583 1131 666 1202 mibi
692 1129 841 1203 iaculum
862 1152 990 1226 anceps
1015 1141 1052 1202 et
1070 1132 1173 1202 ietaie
1192 1133 1271 1202 vui-

188 1281 256 1330 nus
273 1259 350 1342 fuit‚
378 1254 550 1347 simulque
572 1255 765 1326 Caesaream
791 1252 939 1345 effigiem
966 1254 1160 1347 pervetusti
1185 1275 1271 1345 ope-

189 1383 252 1464 ris
275 1401 355 1473 quae
377 1379 407 1450 si
426 1380 483 1450 uei
501 1377 577 1471 ipsa
596 1374 688 1468 ioqui
711 1385 843 1468 posset,
862 1377 919 1446 vei
945 1386 981 1446 tu
1001 1373 1092 1446 iilam
1113 1386 1269 1448 contem-

188 1504 291 1598 plari,
314 1501 358 1573 ab
382 1503 447 1572 hcc
470 1511 502 1572 te
524 1521 668 1594 prorsus
688 1499 853 1590 inglorio,⁴
872 1522 916 1570 ne
936 1500 1051 1572 dicam
1073 1499 1190 1569 infami
1212 1499 1270 1572 iti-

187 1647 287 1709 uere,
311 1624 524 1695 retraxisset.
552 1623 649 1706 Vale,
678 1624 807 1706 Caesar,
825 1631 861 1694 et
881 1622 965 1717 quid
983 1620 1110 1713 linquis
1130 1620 1268 1713 etquid

189 1748 278 1840 petis
295 1747 420 1837 cogita.

597 2153 772 2220 EPISTOLA
792 2153 862 2218 xtu.

268 2345 460 2394 Funuclscus
481 2346 650 2396 Pnrntuct
671 2348 849 2399 rutuctsco
871 2348 985 2399 Putout'
998 2349 1188 2403 sauctorum

536 2450 770 2501 trosrotottunt
790 2453 816 2502 S.
837 2453 866 2502 P.
888 2454 919 2503 Ι).

281 2624 316 2679 Sc
332 2623 461 2695 legationi
476 2624 549 2696 apud
564 2621 702 2679 Caesarem
721 2624 869 2696 fungendae
884 2625 1061 2681 Germaniam
1076 2645 1175 2684 versus

434 2716 489 2774 iter
502 2714 664 2787 propediem
678 2720 873 2787 suscepturum
888 2717 1010 2772 nunciat.
1047 2733 1049 2737 ¹

285 2968 330 3037 0!
352 2967 514 3060 praedura
533 2989 609 3038 sors
626 2968 838 3053 mortaiium,
857 2971 895 3041 0!
917 2989 1001 3040 vere
1018 2970 1140 3061 iugum
1159 2993 1267 3064 grave

187 3113 294 3186 super
314 3088 404 3163 fitius
425 3088 549 3175 Adam,
571 3101 609 3163 ut
626 3090 681 3162 iile
702 3091 763 3177 ait,
786 3114 805 3164 a
829 3070 888 3164 die
917 3093 1036 3166 exitus
1067 3093 1112 3165 de
1144 3107 1267 3168 ventre

186 3215 310 3288 matris
331 3236 452 3286 eorum
469 3236 583 3309 usque
602 3215 637 3285 in
658 3213 752 3287 diem
772 3216 962 3308 sepulturae
980 3215 1017 3286 in
1029 3226 1178 3288 matrem
1195 3239 1268 3288 om-

186 3337 294 3409 nium.
312 3339 402 3409 Ecce
421 3359 487 3431 ego
507 3337 592 3409 dum
612 3336 767 3409 maxime
786 3335 1011 3417 solitudinem
1043 3350 1079 3412 et
1111 3340 1266 3432 requiem

187 3461 398 3545 meditarer,
424 3483 552 3554 magno
578 3482 696 3533 rerum
716 3472 751 3533 et
783 3459 923 3541 familire
959 3461 1118 3554 strepitu,
1146 3471 1268 3533 contra

188 3605 303 3655 meum
324 3601 456 3652 morem
478 3605 518 3655 ac
538 3593 660 3656 votum
682 3605 788 3677 prope
810 3605 902 3655 nunc
922 3583 967 3655 ad
990 3581 1160 3656 Arctoum
1192 3582 1270 3656 mit-

189 3719 241 3780 tor
257 3706 443 3775 Oceanum.
462 3692 548 3786 Quis
567 3703 726 3777 crederet
739 3717 777 3778 ut
797 3704 963 3800 deinceps
976 3707 1149 3792 Rhenum,
1165 3729 1268 3802 quem

186 3827 325 3901 iuvenis
348 3846 468 3898 senem
490 3825 577 3908 vidi,
596 3827 747 3901 eundem
768 3827 931 3900 iuvenem
962 3829 1036 3921 ipse
1062 3827 1131 3901 iam
1154 3830 1271 3904 senior

187 3951 376 4025 viderem?
396 3948 573 4044 Siquidem
594 3950 804 4034 elimandis
825 3951 913 4022 meis
939 3951 1055 4023 adhuc
1083 3953 1270 4026 crescenti-

186 4070 267 4155 bus,
281 4075 373 4145 circa
390 4073 541 4146 divortia
561 4074 672 4145 amnis
694 4074 786 4146 iliius
804 4070 865 4145 ubi
885 4071 1089 4145 decrescere
1105 4086 1142 4148 et
1157 4073 1270 4146 bicor-

187 4190 243 4262 nis
263 4214 344 4264 esse
364 4195 495 4288 incipit,
515 4197 579 4268 fui:
597 4218 690 4268 nunc
707 4196 751 4268 ad
773 4195 923 4268 radicem
944 4199 1115 4269 montium
1141 4196 1198 4270 ubi
1214 4197 1269 4268 iiie

186 4312 312 4385 crescit
335 4327 371 4384 et
390 4319 558 4402 nascitur,
580 4318 648 4390 iem
674 4319 890 4415 decrescenti
924 4319 989 4393 iter
1020 4332 1076 4393 est
1106 4319 1207 4417 mihi,
1235 4330 1269 4391 et

188 4436 269 4507 inde
289 4434 426 4527 longius
444 4438 487 4508 ad
507 4451 664 4512 extrema
685 4452 871 4514 terrarum:
893 4422 1042 4534 magnus
1062 4442 1160 4516 tabor
1180 4463 1269 4536 prae-

189 4556 308 4642 sertim
330 4557 364 4626 in
386 4568 481 4629 tanto
502 4562 662 4630 contrarii
685 4564 846 4655 appetitu.
870 4564 952 4648 Sed,
968 4564 1035 4636 nisi
1049 4564 1184 4652 irritus,
1199 4586 1266 4638 non
