2738 5062
214 652 273 713 366
554 664 594 711 on
614 663 715 713 uenus
734 663 955 713 rasnrnnmus
1019 678 1022 685 ·

214 797 381 882 venisset,
401 807 437 868 et
454 807 568 868 castra
586 798 619 867 in
640 798 769 890 quibus
792 797 929 869 Christo
949 796 1077 867 militas
1093 796 1310 883 invasisset,

214 919 378 1013 priorque
399 929 494 1003 tuus,
518 917 573 988 vir
592 918 743 1010 alioquin
770 927 809 990 ut
828 918 902 1011 ipse
922 918 1003 989 novi
1031 917 1143 988 sancti
1169 919 1308 993 arden-

216 1040 331 1134 tisque
354 1039 533 1133 propositi,
563 1049 678 1109 tamen
698 1039 837 1132 inopino
857 1041 947 1111 malo
969 1040 1111 1111 territus
1138 1040 1307 1113 hortare·

217 1173 272 1233 tur
284 1164 412 1253 lugam,
427 1173 459 1232 te
472 1161 518 1230 illi
531 1159 719 1231 christiano
733 1160 835 1232 simul
849 1181 890 1231 ac
903 1159 1141 1254 philosophice
1151 1182 1307 1256 respon·

215 1281 324 1353 disse:
338 1284 475 1377 placere
492 1282 683 1363 consilium,
698 1282 801 1353 modo
818 1280 1068 1353 inaccessibilis
1083 1283 1187 1354 morti
1202 1285 1304 1357 locus

216 1403 340 1495 aliquis
361 1424 510 1495 usquam
535 1411 641 1473 esset.
663 1403 707 1473 Et
731 1424 809 1473 cum
838 1403 893 1472 ille
914 1401 1138 1473 nibilominus
1164 1402 1304 1476 abeun-

215 1522 298 1595 dum
324 1522 466 1607 diceret,
495 1522 720 1616 respondisse
745 1523 882 1594 acrius:
909 1524 1064 1615 iretque
1090 1544 1130 1594 se
1149 1524 1300 1617 dignum

215 1642 394 1716 crederet:
417 1655 451 1716 te
471 1645 505 1714 in
526 1644 684 1715 custodia
705 1643 766 1714 tibi
787 1665 807 1714 a
825 1643 962 1714 Christo
981 1642 1115 1715 credita
1134 1664 1301 1737 perman-

217 1780 357 1839 surum.¹
372 1768 529 1860 Cumque
546 1766 673 1837 iterum
693 1775 728 1835 et
748 1766 873 1836 iterum
891 1764 1046 1849 instaret
1067 1775 1105 1837 et
1119 1764 1211 1837 inter
1226 1772 1297 1837 ter-

216 1910 314 1962 rores
334 1890 421 1961 alios
442 1889 664 1982 sepulchrum
684 1909 826 1980 quoque
845 1887 906 1958 tibi
926 1887 1127 1959 defuturum
1146 1886 1298 1961 minare-

219 2022 285 2095 tur,
308 2011 445 2083 dixisse
471 2020 505 2081 te
529 2010 622 2081 illam
649 2007 708 2081 tibi
733 2031 781 2079 ex
805 2007 966 2081 omnibus
994 2007 1152 2079 ultimam
1177 2028 1297 2081 euram

218 2152 322 2202 esse:
343 2153 457 2222 neque
478 2131 570 2201 enim
593 2140 651 2202 tua
672 2131 843 2202 interesse
865 2129 928 2203 sed
949 2129 1180 2222 superstitum
1205 2128 1298 2223 quati

218 2252 334 2323 iaceas
360 2253 549 2345 sepultura.
576 2252 675 2322 lllum
696 2261 872 2345 postremo
896 2251 1050 2323 cessisse
1079 2250 1127 2323 ad
1152 2262 1298 2347 penates

134 2355 141 2373 ⁸
219 2372 355 2467 patrios,
377 2392 441 2442 nee
461 2372 508 2441 ita
528 2374 637 2443 multo
656 2382 736 2466 post
760 2383 870 2444 morte
889 2375 969 2445 illuc
987 2394 1067 2444 eum
1090 2374 1299 2467 insequente

219 2493 443 2575 subtractum,
463 2503 496 2563 te
513 2513 598 2565 vcro
614 2491 830 2578 incolumem,
849 2515 893 2565 eo
909 2493 1003 2589 apud
1023 2516 1129 2588 quem
1146 2504 1206 2568 est
1221 2496 1297 2570 fons

217 2616 303 2687 vitae
319 2624 530 2709 protegente,
549 2615 739 2688 mansisse:
758 2623 890 2687 etcum
908 2614 1034 2688 diebus
1052 2616 1187 2711 paucis,
1206 2636 1299 2689 mors

218 2750 367 2832 quatuor
385 2749 422 2812 et
441 2739 579 2832 triginta
599 2739 658 2832 qui
679 2737 746 2811 illic
770 2750 870 2811 erant
889 2739 1105 2824 abstulisset,
1129 2742 1246 2814 solum
1264 2742 1298 2813 in

219 2860 431 2935 monasterio
455 2861 642 2933 resedisse.
677 2861 764 2935 lllud
791 2861 966 2935 addebant
999 2871 1032 2933 te
1056 2864 1151 2935 nullo
1186 2862 1297 2937 morbi

217 2984 379 3075 maugio
397 2984 601 3058 deterritum
622 2983 799 3056 adstitisse
824 2984 990 3056 fratribus
1010 2986 1080 3058 tuis
1104 2986 1298 3081 expiranti·

217 3104 301 3190 bns,
335 3118 371 3179 et
397 3128 558 3200 suprema
584 3106 692 3177 verba
725 3117 829 3198 atque
860 3108 980 3178 oscula
1005 3106 1244 3200 excipientem
1264 3119 1299 3181 et

218 3229 333 3321 gelida
358 3250 502 3323 corpora
524 3230 709 3311 lavantem,
739 3247 834 3320 saepe
860 3250 930 3300 uno
956 3227 1013 3298 die
1038 3236 1109 3299 tres
1131 3230 1299 3321 pluresve

218 3348 288 3418 tuis
318 3348 478 3419 manibus
504 3350 678 3422 indefesso
703 3348 841 3441 pietatis
865 3349 1033 3442 obsequio
1062 3351 1237 3443 sepelisse
1263 3361 1300 3424 et

218 3479 425 3561 asportasse
447 3469 514 3541 tuis
536 3470 704 3554 humeris,
726 3493 804 3541 cum
827 3468 895 3540 ium
915 3471 975 3563 qui
1000 3471 1133 3545 foderet
1151 3484 1216 3546 aut
1238 3474 1299 3568 qui

219 3582 317 3660 iuxta
342 3589 570 3661 morientibus
591 3592 773 3664 exhiberet
797 3613 900 3663 nemo
920 3603 1026 3665 esset.
1048 3595 1166 3668 Solum
1194 3608 1229 3669 te
1252 3596 1299 3671 ad

220 3711 378 3781 ultimum
400 3732 478 3781 cum
499 3731 586 3783 cane
606 3712 708 3783 unico
729 3715 941 3786 remansisse
961 3716 1043 3788 totis
1064 3717 1226 3793 noctibus
1246 3718 1299 3793 vi-

219 3835 398 3925 gilantem,
427 3833 560 3905 modica
588 3834 673 3906 lucis
701 3847 797 3928 parte
827 3839 1035 3912 necessariae
1060 3839 1168 3932 quieti
1192 3841 1297 3914 data:

217 3977 296 4027 cum
324 3954 459 4027 interim
493 3955 677 4047 praedones
703 3957 877 4043 nocturni,
904 3980 1053 4051 quorum
1081 3959 1299 4033 feracissima

218 4088 274 4149 est
294 4079 405 4171 regio,
432 4098 527 4172 saepe
554 4100 616 4171 per
639 4078 858 4173 intempestae
885 4079 996 4151 noetis
1021 4080 1158 4152 silentia
1182 4080 1319 4154 locum.

220 4199 422 4271 invadentes
444 4222 464 4270 a
485 4211 528 4285 te,
551 4201 656 4272 immo
677 4224 698 4272 a
718 4202 856 4274 Christo
880 4204 938 4295 qui
961 4214 1074 4275 tecum
1095 4212 1182 4285 erat
1204 4222 1300 4273 nunc

219 4327 369 4419 pacificis
386 4351 479 4400 nunc
497 4330 689 4402 acrioribus
710 4329 828 4402 verbis
844 4331 989 4414 exclusi,
1011 4329 1096 4401 nibil
1108 4329 1230 4402 damni
1243 4348 1300 4401 so·

219 4451 288 4521 cris
320 4450 457 4522 aedibus
489 4449 613 4524 interro
645 4451 829 4547 potuerint.
865 4454 951 4524 Cum
987 4472 1074 4524 vero
1111 4450 1302 4524 transisset
