2738 5062
142 642 180 702 88
476 648 518 696 nn
538 648 639 696 REBUS
660 648 883 699 Fluminenses

141 787 272 880 saepius
303 807 357 856 me
387 785 568 856 Silvanum
600 806 705 877 qnam
738 784 963 854 Franciscum
993 792 1139 869 vocant;
1163 806 1220 859 se-

140 908 246 980 cundi
266 917 381 980 autem
405 906 500 1001 quia,
525 926 605 979 cnm
626 929 735 978 unum
755 927 802 976 ex
823 905 1024 1001 cyclopibus
1044 907 1220 981 Monionm

143 1031 259 1104 dicant
278 1030 378 1124 quasi
399 1031 634 1113 monoculum,
662 1027 697 1099 id
721 1026 873 1121 quodam
899 1036 1061 1124 respectu
1080 1031 1221 1125 proprie

144 1153 205 1223 tibi
224 1154 410 1225 convenire
435 1152 550 1231 visum
576 1162 645 1236 cst,
672 1152 731 1245 qni
752 1173 772 1221 e
791 1150 931 1222 dnobus
957 1153 1067 1223 oculis
1091 1152 1221 1246 quibus

144 1297 267 1349 omnes
298 1275 527 1349 communiter
560 1273 691 1345 utimur
724 1275 903 1360 mortales,
936 1294 1086 1366 quorum
1111 1278 1221 1349 altem

144 1398 274 1475 scilieet
304 1398 474 1482 coelestia,
497 1398 605 1467 altero
631 1407 769 1468 terrena
789 1397 1003 1490 respicimus,
1026 1405 1063 1468 tn
1084 1408 1222 1471 terrena

142 1531 340 1595 cernentem
370 1520 540 1605 abiecisti,
563 1522 663 1592 oculo
682 1519 822 1591 meliore
841 1530 1035 1591 contentus.
1055 1519 1219 1610 Antrum,

144 1644 204 1715 nbi
229 1643 382 1716 solitarie
402 1643 498 1735 degit
513 1643 684 1728 Monicus,
707 1644 807 1714 Mons
824 1642 903 1713 Rivi
922 1651 979 1715 est
998 1642 1057 1714 nbi
1076 1654 1113 1716 tu
1129 1666 1222 1717 nunc

144 1768 373 1839 monasticam
393 1766 501 1838 vitam
523 1766 600 1858 agis
621 1766 711 1837 inter
732 1768 915 1860 speluncas
935 1776 970 1838 et
990 1788 1143 1854 nemora,
1163 1771 1222 1841 vel

143 1891 259 1987 ipsum
290 1902 427 1962 antrum
459 1890 582 1983 inquo
611 1889 718 1960 Maria
747 1888 953 1980 Magdalena
984 1888 1221 1982 poenitantiam

143 2015 229 2106 egit,
250 2014 345 2107 quod
366 2013 576 2084 monasterio
597 2022 657 2083 tuo
674 2013 826 2084 vicinum
842 2023 909 2084 est.
928 2012 980 2084 lbi
994 2013 1088 2085 enim
1104 2015 1141 2085 in
1157 2015 1224 2089 boo

145 2140 264 2200 sancto
284 2130 469 2221 proposito,
491 2129 619 2222 dequo
632 2132 740 2200 multa
754 2149 888 2200 mecum
903 2128 1000 2223 prius
1012 2128 1222 2221 agitavems,

143 2253 215 2323 Deo
235 2273 295 2322 cor
315 2250 485 2322 lubricum
507 2252 726 2336 sublevante,
749 2249 907 2325 firmatus
925 2273 976 2323 es.
994 2253 1067 2323 Rus
1085 2274 1128 2325 ac
1144 2275 1224 2346 gre-

147 2397 240 2467 gem,
264 2397 412 2468 quorum
435 2375 614 2468 sprevisse
633 2395 753 2445 curam
779 2373 917 2458 dicitur,
939 2396 1003 2467 pro
1022 2374 1165 2448 civitate
1188 2386 1225 2447 et

144 2498 345 2570 bominibus
366 2498 526 2591 intellige,
545 2519 635 2591 quos
647 2497 682 2568 in
696 2497 917 2568 solitudinem
930 2497 1071 2589 fugiens
1084 2498 1226 2592 reliqui·

145 2622 199 2692 sti.
227 2622 337 2693 Unam
358 2623 467 2694 luisse
487 2622 687 2714 genitricem
713 2619 908 2705 amborum,
930 2620 1016 2714 quin
1036 2631 1224 2716 utrumque

144 2744 286 2838 insuper
309 2756 501 2838 parentem,
524 2766 593 2815 non
614 2744 780 2837 allegoria
807 2745 870 2817 sed
891 2742 1021 2816 veritas
1042 2745 1137 2817 nuda
1157 2755 1223 2817 est

143 2870 209 2940 Pro
230 2869 387 2961 sepulcro
409 2868 529 2940 ultima
548 2868 652 2940 sedes
675 2867 890 2959 intelligitur:
917 2876 950 2937 ta
971 2866 1064 2938 enim
1086 2870 1222 2955 coelum,

144 3013 214 3074 me,
241 2990 309 3063 nisi
334 2991 570 3065 misericordia
598 2991 813 3074 subvenerit,
842 2998 993 3061 tartarus
1012 3001 1139 3062 manet.
1160 2992 1225 3071 Vel

144 3113 343 3207 simpliciter
363 3116 458 3206 quod
473 3113 620 3186 verbum
639 3124 739 3184 sonat
752 3113 895 3204 intelligi
909 3121 1040 3208 potest:
1056 3112 1117 3184 tibi
1131 3115 1225 3187 enim

144 3236 212 3306 iam
238 3245 335 3306 certa
367 3236 483 3319 sedes,
514 3256 626 3326 eoque
660 3236 785 3306 certior
822 3258 904 3330 spes
942 3238 1106 3331 sepulcri:
1139 3236 1224 3308 mibi

143 3367 260 3427 autem
278 3356 393 3429 adbuc
414 3381 527 3450 vagus
547 3380 645 3430 error
657 3371 693 3431 et
712 3360 841 3431 incerta
855 3361 979 3432 omnia.
1002 3362 1224 3434 inaccessum

144 3502 325 3565 cacumen,
347 3481 392 3553 ad
409 3482 503 3576 quod
525 3472 633 3555 multo
652 3484 780 3556 sudore
801 3484 945 3554 Silvium
967 3484 1134 3555 anhelare
1150 3485 1225 3558 Mo

145 3605 243 3676 nicus
263 3606 508 3698 exprobrando
528 3605 660 3689 obiicit,
682 3609 785 3677 samae
805 3606 959 3691 rarioriS,
987 3616 1024 3677 et
1047 3607 1093 3679 ad
1117 3630 1224 3702 quam

144 3726 244 3818 pauci
261 3727 475 3820 perveniunt,
510 3728 655 3800 altitudo
678 3738 743 3800 est.
765 3731 908 3800 Deserta
938 3729 1066 3823 quibus
1100 3730 1223 3824 vagari

145 3848 274 3919 Silvius
295 3847 429 3934 dicitur,
453 3860 534 3920 sunt
555 3851 686 3933 studia;
713 3852 789 3922 baec
809 3875 894 3925 vere
914 3854 1056 3926 deserta
1072 3854 1225 3929 bodieet

144 3969 201 4040 vel
222 3971 307 4042 lucri
327 3972 487 4068 cupidine
509 3974 626 4046 relicta
647 3979 705 4046 vel
725 3975 942 4066 ingeniorum
960 3977 1148 4069 desperata
1169 4002 1224 4053 se-

144 4093 261 4187 gnitie.
283 4098 435 4168 ltluscosi
458 4098 588 4192 scopuli
611 4108 693 4169 sunt
713 4108 870 4193 potentes
891 4109 927 4169 et
952 4097 1095 4185 divites,
1118 4103 1224 4196 patri-

145 4217 259 4288 monio
280 4221 377 4290 volut
397 4235 518 4292 musco
537 4221 651 4293 obsiti.
679 4224 805 4293 Fontes
832 4234 995 4296 sonantes
1020 4225 1163 4298 litterati
1190 4236 1224 4298 et

143 4341 346 4432 eloquentes
366 4342 524 4415 homines
545 4346 612 4417 dici
638 4357 804 4439 possunt:
832 4370 981 4440 quorum
1014 4370 1061 4420 ex
1094 4347 1223 4443 ingenii

146 4463 312 4537 scatebris
351 4464 609 4561 disciplinarum
647 4469 747 4542 rivuli
785 4470 957 4563 prodeunt
992 4495 1070 4543 cum
1108 4473 1222 4546 sonitu
