2738 5062
151 656 210 719 258
490 667 531 717 ns
553 666 654 715 nunus
675 665 896 716 rauruuuruus

152 817 283 881 tantum
305 828 349 878 ne
369 805 502 877 animos
519 803 680 876 habeatis
700 801 745 874 ab
766 802 928 876 amicitiae
947 802 1074 876 studiis
1100 803 1227 876 abbor-

151 941 278 1003 rentes.
318 931 493 1007 Revooate
525 926 570 998 ad
599 927 814 1012 memoriam,
855 918 1079 1020 ponite'anta
1108 931 1227 1002 oculos

150 1052 320 1149 quidquid
347 1053 523 1124 intervos
544 1073 605 1144 per·
629 1072 767 1121 omnem
788 1050 895 1122 vitam
918 1052 1036 1136 dulce,
1057 1052 1227 1146 quidquid

150 1176 257 1249 fidum
279 1185 339 1247 aut
360 1175 546 1247 iucundum
566 1173 640 1256 fuit,
660 1171 770 1244 sicubi
791 1180 888 1264 grat-a
906 1173 1157 1267 peregrinatio,
1181 1173 1226 1245 si-

150 1298 229 1373 cubi
245 1302 384 1393 placens
405 1297 595 1375 rusticatio,
631 1295 741 1367 sicubi
770 1296 886 1368 iocosa
919 1295 1161 1380 contabulatio,
1181 1296 1226 1367 si-

148 1423 228 1496 cubi
258 1444 340 1516 pax,
376 1419 487 1493 sicubi
517 1418 649 1503 militia,
681 1417 711 1489 si
736 1440 807 1511 qua
832 1418 1009 1513 expeditio
1035 1417 1174 1499 bellica,
1196 1419 1226 1490 si

148 1545 226 1640 quis
245 1544 367 1618 diesin
384 1545 541 1637 pulvere,
558 1541 587 1613 si
601 1563 669 1635 qua
683 1562 754 1611 nox
770 1550 846 1611 acta
863 1540 931 1611 sub
947 1539 1020 1625 dio,
1040 1539 1226 1635 siquando

148 1689 291 1740 somnus
317 1666 413 1738 humi
438 1675 560 1759 captus
584 1674 620 1735 et
643 1684 780 1757 eaespes
806 1663 842 1735 in
863 1663 995 1736 deliciis
1015 1662 1172 1751 habitus,
1195 1666 1225 1737 si

146 1789 286 1884 quando
306 1789 498 1861 militariter
527 1788 688 1858 inversus
717 1788 862 1882 clypeus
890 1809 953 1881 pro
986 1787 1132 1859 tentorio
1151 1788 1222 1870 init,

147 1915 176 1987 si
194 1915 273 2008 quis
290 1914 442 2007 denique
461 1910 653 1984 communis
675 1909 784 1994 labor,
805 1908 921 2001 siqua
940 1909 1135 1982 communis
1152 1912 1225 2004 glo-

146 2040 212 2122 ria,
233 2037 373 2129 siquod
393 2056 575 2108 commune
592 2033 798 2127 periculum,
820 2031 946 2125 siquid
965 2034 1055 2104 ultro
1071 2032 1225 2127 citroque

146 2171 348 2253 opportunae
368 2158 456 2253 cpia,
481 2158 509 2229 si
527 2158 611 2250 quid
628 2155 828 2251 tempestivi
846 2156 973 2240 solatii,
994 2156 1023 2228 si
1040 2157 1126 2250 quid
1142 2177 1225 2229 con-

146 2279 212 2351 silii
230 2279 402 2350 salutaris.
421 2281 546 2351 Contra
563 2289 688 2364 autem,
712 2277 843 2372 siquid
862 2282 977 2350 forsan
996 2279 1155 2372 asperius
1172 2280 1224 2351 in-

145 2402 306 2486 tervenit,
333 2401 427 2494 quod
453 2400 643 2472 teneriores
673 2401 778 2472 animi
809 2403 878 2495 pati
910 2402 1032 2486 solent,
1065 2402 1162 2496 qnod
1189 2404 1224 2475 in

145 2526 248 2616 longa
278 2522 426 2595 amicitia
457 2522 568 2594 vitare
598 2523 750 2595 felicitati
779 2524 894 2617 potius
924 2548 1029 2619 quam
1058 2525 1223 2599 hnmanae

144 2646 339 2740 prudentiae
361 2646 554 2729 tribuerim,
581 2645 665 2719 illud
690 2647 828 2740 penitus
850 2671 896 2719 ex
922 2648 1000 2720 imis
1022 2649 1223 2742 praecordiis

144 2766 289 2842 abolete.
311 2771 387 2842 Duo
406 2770 482 2842 baec
501 2782 582 2843 sunt
600 2793 681 2864 quae
702 2781 737 2843 et
752 2781 939 2866 perpetuas
957 2773 1090 2845 faciunt
1106 2774 1231 2861 amici,

143 2892 209 2964 tias
228 2902 264 2964 ct
283 2914 489 2986 magnorum
507 2895 610 2965 claris
631 2893 755 2966 animis
775 2895 889 2966 lumen
909 2894 1089 2981 adiiciunt;
1115 2897 1221 2970 bene-

142 3014 299 3088 ficiorum
334 3017 501 3089 memoria
538 3028 573 3088 et
608 3015 739 3088 oblivio
775 3017 997 3089 offensarum.
1032 3020 1222 3114 Utrumque

142 3164 233 3214 nunc
253 3165 274 3214 a
293 3140 394 3213 vobis
419 3140 539 3232 exigm
565 3140 659 3232 quod
681 3140 710 3211 si
731 3140 975 3234 praestiteritis,
1004 3141 1074 3214 voti
1101 3142 1221 3236 optimi

141 3286 283 3357 compos
305 3264 468 3346 evadam,
484 3272 520 3335 ct
535 3262 683 3335 dextero
703 3264 804 3356 pede,
824 3274 862 3335 ut
880 3265 989 3349 aiunt,
1005 3264 1047 3336 ad
1067 3265 1222 3339 scriben-

141 3386 224 3457 dum
242 3407 384 3456 venero.
404 3387 462 3456 Sin
476 3385 628 3457 omniurn
645 3386 843 3459 meminisse
861 3388 1061 3473 malueritis,
1080 3391 1222 3484 pluscu-

140 3509 210 3578 lum
229 3508 329 3590 mibi,
347 3531 416 3579 non
437 3507 580 3592 inficior,
610 3507 744 3601 negocii
765 3509 881 3580 datur:
904 3511 951 3581 ita
972 3522 1088 3583 tamen
1109 3522 1149 3584 ut
1172 3514 1222 3585 la·

121 3630 205 3702 ‚cile
232 3651 366 3724 sperem
400 3629 568 3701 offensam
599 3633 720 3723 gratiae
752 3641 787 3702 et
821 3656 965 3704 numero
988 3643 1024 3704 ct
1055 3636 1220 3728 qualitate

141 3752 377 3826 succumbere.
399 3751 518 3845 Neque
543 3754 634 3824 enirn
661 3754 745 3825 estis
767 3777 856 3847 quos
878 3757 980 3828 unius
1001 3758 1084 3831 dicti
1111 3761 1220 3833 ranci-

140 3873 245 3946 dioris
267 3873 453 3945 acrimonia
481 3875 591 3967 magis
613 3885 703 3960 urat,
725 3899 830 3971 quam
861 3883 1048 3952 multorum
1073 3882 1219 3955 dulcedo

139 4007 277 4069 actuum
305 4007 457 4092 spectata
484 4000 704 4091 permulceat.
732 4000 840 4092 lgitnr
864 4002 929 4072 etsi
952 4026 1010 4075 res
1036 4004 1081 4075 ad
1105 4007 1217 4077 calcu-

139 4121 210 4191 lum
228 4120 357 4205 rodeat,
374 4121 484 4193 victor
502 4142 579 4201 ero;
599 4119 747 4192 sednon
766 4122 878 4194 redire
897 4124 1089 4196 maluerim.
1112 4128 1216 4199 lllulta

82 4286 85 4293 ·
140 4249 222 4313 sunt
237 4243 377 4334 quidem
392 4267 472 4337 quae
487 4267 550 4317 vos
564 4246 597 4316 in
611 4245 798 4318 amicitiam
814 4249 960 4320 trabant.
977 4250 1097 4335 Pauca,
1113 4252 1215 4322 immo

140 4367 353 4448 veronulla,
375 4388 456 4457 quac
477 4368 664 4439 retrabant.
687 4370 857 4463 Colligam
878 4393 941 4443 vos
958 4374 1139 4466 praevalidi
1156 4394 1215 4443 ne-

140 4511 223 4574 xus,
246 4498 345 4574 antae,
368 4489 474 4572 natio,
498 4489 631 4575 militia,
654 4491 781 4577 virtus,
804 4496 926 4585 gloria,
949 4494 1122 4582 nobilitas
1143 4507 1211 4567 stu-
