2738 5062
366 670 457 718 arsen
479 668 972 726 cururusuacruus.-urrsr0na
995 675 1014 721 ι.
1167 663 1225 724 309

149 804 231 875 mibi
253 803 454 875 familiarius
475 815 579 876 notus
600 826 650 876 es.
680 807 798 899 ltaque
824 828 892 876 non
920 816 1052 878 tantum
1081 809 1126 880 ad
1151 810 1226 882 baec

146 948 258 1020 pauca
291 947 372 1019 quae
407 927 595 999 insolentes
629 929 765 999 animos
795 928 973 1001 offendunt
1003 951 1138 1017 eorum,
1164 933 1224 1025 qui

145 1047 231 1118 nibil
249 1047 416 1119 iniustum
434 1049 499 1120 nisi
517 1048 611 1142 quod
627 1049 873 1144 cupiditatibus
887 1052 1107 1138 adversatur,
1123 1053 1225 1124 nibil-

147 1192 215 1262 que
235 1169 302 1240 nisi
316 1170 411 1271 quod
427 1170 661 1266 voluptatibus
683 1173 757 1243 suis
777 1171 991 1266 obsequitur,
1013 1174 1142 1246 iustum
1160 1199 1224 1270 pu-

146 1301 236 1377 tant,
261 1291 446 1365 sedetiam
468 1293 512 1366 ad
532 1292 752 1366 attollendam
773 1294 879 1365 humo
903 1297 1090 1389 collapsam
1112 1297 1225 1368 iacen-

146 1427 286 1508 temque
309 1415 556 1507 rempublicam
579 1415 783 1487 suffecturos
804 1415 968 1488 humeros
995 1426 1073 1489 tuos
1100 1439 1221 1512 spero,

145 1537 250 1610 modo
265 1546 301 1607 et
315 1538 389 1630 ipsa
411 1537 608 1629 respublica
627 1537 803 1609 credulam
819 1559 857 1609 se
870 1539 1022 1610 consiliis
1045 1540 1112 1611 tuis
1133 1559 1224 1634 prae-

146 1643 227 1744 stet,
255 1666 290 1730 et
316 1667 362 1742 tn,
388 1659 549 1752 proiectis
571 1658 750 1730 affectibus
780 1659 943 1754 propriis,
970 1661 1016 1732 ad
1040 1680 1223 1732 commune

146 1781 274 1853 bonum
297 1792 330 1852 te
352 1787 549 1852 convertas.
571 1782 610 1851 ln
632 1782 698 1854 boc
717 1781 839 1854 differo
856 1781 901 1852 ab
917 1783 1077 1875 opinione
1100 1785 1222 1855 multo·

145 1911 345 1996 sumatque
365 1913 587 1992 magnorum,
602 1901 696 1995 quod
717 1901 808 1974 unde
828 1903 875 1974 illi
894 1903 953 1975 tibi
975 1905 1097 1996 ingens
1115 1903 1222 1975 dede·

144 2046 221 2108 cus,
252 2046 319 2117 ego
347 2024 408 2095 tibi
442 2044 616 2096 summum
642 2022 750 2096 decus
776 2034 912 2118 partum
941 2047 1030 2098 reor:
1057 2026 1149 2097 unde
1175 2026 1220 2095 illi

146 2148 211 2219 iarn
230 2147 393 2239 ambiguo
407 2168 584 2217 murmure
599 2149 787 2240 temporale
805 2149 1009 2243 supplicium
1027 2149 1219 2230 minantur,
1248 2174 1264 2203 ν

145 2290 211 2361 ego
232 2267 292 2340 tibi
312 2267 558 2363 sempiternam
580 2270 706 2340 lamam
726 2269 895 2361 spondeo,
914 2271 949 2340 in
965 2293 1070 2363 quam
1092 2270 1220 2341 utinam

147 2395 262 2465 lessus
287 2404 323 2464 et
342 2403 529 2487 occupatus
555 2392 610 2464 bio
635 2395 790 2465 calamus
815 2394 945 2487 aliquid
969 2406 1098 2490 posset.
1126 2395 1220 2465 lllam

147 2535 245 2597 sane,
268 2515 298 2585 si
320 2515 436 2608 pergis
463 2526 501 2586 ut
523 2515 674 2608 coepisti,
700 2518 838 2611 propria
863 2517 990 2589 virtute
1009 2515 1219 2597 mereberis,

144 2655 212 2706 non
232 2634 326 2728 quod
346 2636 449 2706 lamae
469 2637 651 2730 praemium
671 2635 782 2709 virtus
801 2646 931 2730 poscat,
955 2636 1019 2708 sed
1039 2658 1158 2708 carere
1179 2658 1221 2709 ea

143 2757 209 2830 etsi
231 2758 347 2853 cupiat
368 2778 437 2828 non
456 2767 583 2848 potest;
602 2766 641 2828 ut
655 2758 747 2828 enim
765 2779 891 2852 corpus
910 2755 1032 2828 umbra
1054 2756 1219 2849 sequitur,

145 2881 197 2951 sic
215 2879 378 2951 virtutem
401 2879 520 2969 gloria.
554 2877 656 2961 Quod
680 2878 724 2951 ad
757 2879 843 2950 istos
876 2880 997 2952 attinet
1022 2879 1056 2947 in
1083 2898 1221 2949 summa

145 2999 229 3070 nibil
249 3001 417 3093 estquod
443 3009 476 3072 te
497 3000 780 3072 moneam1n0sti
804 3001 934 3072 omnia:
954 2999 1058 3071 unius
1077 3007 1111 3071 te
1131 3021 1222 3070 nun-

144 3143 248 3214 quam
268 3121 424 3196 oblivisci
446 3122 566 3207 velim,
588 3121 683 3216 quod
712 3142 807 3216 saepe
839 3143 886 3194 ex
918 3143 978 3194 ore
1012 3120 1118 3206 illins,
1142 3122 1221 3193 licet

142 3242 276 3315 consilii
309 3244 463 3329 adversi,
498 3243 709 3336 magnanimi
743 3255 857 3315 tumen
889 3240 1220 3338 prudentissimique

143 3365 238 3438 senis
256 3365 425 3451 auditum,
444 3387 513 3438 non
531 3375 671 3462 propter
698 3365 796 3438 verbi
816 3364 1024 3456 elegantiam
1052 3363 1114 3436 sed
1139 3386 1220 3459 pro-

143 3497 221 3581 pter
240 3487 422 3560 sententiae
458 3488 638 3561 veritatem
672 3485 897 3560 memorabile
924 3488 1041 3558 visum
1072 3498 1136 3559 est.
1164 3487 1219 3558 Sic

140 3609 232 3682 euim
253 3609 367 3681 aiebat
379 3620 547 3705 expertus
567 3609 709 3683 eximie:
731 3609 885 3682 Ecclesia
911 3629 1052 3680 romana
1073 3628 1220 3681 consue-

145 3730 195 3802 vit
213 3731 357 3822 diligere
382 3743 550 3825 potentes.
583 3731 674 3803 Nibil
707 3730 865 3818 brevius,
892 3733 976 3803 nibil
1009 3731 1128 3803 verius
1153 3729 1220 3802 dici

142 3862 267 3946 potest.
288 3853 408 3946 ltaque
428 3855 459 3926 si
478 3854 561 3926 olari
581 3855 674 3948 apud
695 3863 831 3948 gentes,
853 3866 890 3927 et
904 3854 999 3948 quod
1017 3864 1073 3925 est
1088 3851 1222 3948 optabi-

142 3975 219 4058 lius,
241 3977 270 4047 si
291 3976 362 4049 Deo
379 3972 449 4049 cari
469 3997 551 4047 esse
571 3976 706 4070 cupitis,
729 3977 886 4058 Romani,
909 3976 1070 4046 virtutem
1097 3975 1215 4056 colite,

140 4107 256 4168 amate
281 4100 501 4190 religionem,
537 4107 676 4169 servate
709 4097 890 4168 iustitiam:
924 4096 1056 4166 utimini
1088 4096 1221 4167 artibus

140 4220 271 4291 vestris
292 4221 457 4314 antiquis:
476 4219 605 4314 parcite
623 4216 790 4290 subiectis
802 4227 839 4289 et
850 4216 1019 4289 debellate
1040 4217 1220 4314 superbos.

140 4338 187 4411 At
211 4341 241 4413 si
267 4342 349 4415 huic
374 4342 539 4413 Ecclesiae
564 4338 677 4412 dilecti
711 4360 793 4411 esse
826 4338 947 4424 vultis,
974 4341 1047 4411 sola
1072 4337 1222 4432 potentia

140 4482 232 4558 opus
250 4474 319 4547 est,
343 4464 419 4535 sine
453 4484 536 4555 qua,
573 4458 654 4532 mibi
688 4460 830 4548 credite,
862 4461 1076 4556 quiantalibet
1096 4462 1224 4532 virtute
