2738 5062
340 629 430 678 alneu
453 628 733 678 oucluvsraltrlus
745 648 781 660 -
793 629 945 677 arlsroua
967 630 1008 678 ll'.
1154 620 1207 681 2⁸2¹

136 765 234 837 ribus
249 776 439 836 exerceret.
454 763 640 847 Quieseere
662 774 793 857 poterat
810 766 954 861 Ulysses
975 766 1039 837 nisi
1059 767 1212 860 inexple-

134 887 204 962 bile
223 886 438 959 desiderium
460 889 565 958 multa
586 887 751 959 noscendi
773 887 907 959 cunctis
933 887 1027 959 illurn
1054 887 1211 959 litoribus

135 1012 310 1105 terrisque
343 1021 517 1103 raptaret:
545 1010 718 1083 laboriosa
742 1011 855 1084 virtus
881 1033 962 1104 quae
987 1033 1212 1108 possessores

135 1154 218 1206 snos
238 1133 421 1226 quiescere
445 1155 512 1204 non
534 1132 628 1217 sinit,
644 1134 824 1218 laboriosa,
842 1135 996 1228 inquam,
1011 1136 1132 1219 virtus,
1148 1135 1211 1207 sed

134 1255 300 1348 gloriosa,
325 1255 387 1327 sed
412 1258 521 1341 clara,
544 1268 579 1327 et
607 1278 702 1350 quaa,
726 1269 764 1329 ut
784 1257 952 1340 laborem,
979 1259 1030 1330 sic
1056 1281 1209 1332 amorem

133 1377 469 1471 admirationemque
485 1379 650 1451 conciliat.
665 1381 748 1450 Haec
765 1390 820 1451 est
835 1403 916 1475 quar
932 1391 968 1452 et
984 1383 1145 1477 Ulyssem
1165 1383 1212 1452 si-

135 1501 255 1572 mulati
274 1501 413 1585 luroris,
437 1501 467 1572 si
487 1522 529 1572 ea
553 1504 643 1574 lama
663 1524 747 1572 vera
768 1515 835 1589 est,
855 1515 891 1575 et
906 1504 1074 1576 Achillem
1092 1505 1210 1577 furtivi

134 1623 261 1695 amoris
281 1623 422 1695 latebris
441 1623 585 1696 eductos
606 1625 771 1720 perduxit
787 1626 832 1697 ad
851 1627 996 1698 Troiam.
1017 1627 1069 1698 Nil
1088 1638 1148 1698 aut
1164 1627 1211 1701 illi

134 1745 311 1842 proprium
331 1758 392 1818 aut
417 1745 497 1817 huie
522 1758 718 1820 maternum
743 1748 870 1840 proluit
894 1748 1086 1840 ingenium3
1109 1751 1211 1820 lentis

134 1868 246 1940 virtus
282 1868 431 1940 adversa
466 1869 619 1941 consiliis
653 1870 855 1963 figmentum
889 1894 990 1943 omne
1032 1872 1208 1945 discussit.

133 1991 206 2064 Non
220 2003 368 2088 possunt
379 1992 445 2063 viri
459 1993 625 2084 insignes,
644 1994 712 2065 nisi
730 2006 768 2066 ut
779 1996 911 2067 excelsi
929 2006 1078 2081 montes,
1096 1999 1210 2069 occul-

134 2114 207 2187 tari.
229 2116 293 2186 Cui
315 2114 492 2207 singulare
512 2116 653 2208 aliquod
673 2126 810 2189 naturae
834 2116 963 2190 donum
985 2127 1048 2203 est,
1072 2117 1106 2190 in
1131 2141 1209 2213 per-

132 2238 244 2333 petuis
265 2237 441 2309 laboribus
462 2247 600 2310 atatem
621 2252 716 2331 aget:
752 2240 781 2310 si
815 2242 1031 2334 negotiorum
1053 2242 1208 2314 turbines

130 2359 301 2453 effugerit,
325 2360 370 2430 illi
391 2382 470 2432 euin
498 2361 533 2430 in
557 2361 691 2434 medias
712 2363 916 2435 solitudines
943 2377 1204 2459 persequentur.

130 2480 242 2554 Parvo
275 2504 401 2574 magna
422 2504 490 2553 non
511 2495 688 2556 constant:
721 2486 880 2580 quisquis
904 2509 943 2557 es
977 2488 1035 2580 qui
1064 2487 1204 2559 virtutis

131 2604 243 2697 specie
264 2605 396 2676 illectus
416 2606 493 2676 eius
513 2618 686 2699 comptum
707 2609 936 2702 concupiscis
965 2608 1051 2679 seito
1073 2632 1143 2679 rem
1172 2619 1204 2680 te

131 2727 320 2800 maximam
353 2737 491 2821 optare,
522 2751 635 2821 nequo
669 2751 778 2822 parvo
804 2730 1002 2821 parabilem,
1031 2731 1095 2801 sed
1121 2755 1201 2824 quae

131 2859 238 2922 totum
259 2861 292 2922 te
310 2862 439 2944 poscat.
466 2851 627 2934 Proinde,
651 2859 698 2934 ut,
719 2850 848 2942 quibus
870 2850 981 2940 magis
1002 2852 1088 2921 lorte
1109 2852 1205 2923 dele-

129 2974 292 3059 ctaberis,
311 2974 480 3068 exemplis
501 2994 602 3065 agam
620 2983 655 3044 et
671 2971 876 3044 certioribus
892 2980 928 3042 et
946 2971 1089 3056 nostris,
1110 2986 1206 3066 pote-

128 3097 370 3173 ratFabricius
382 3097 475 3170 dorni
494 3119 684 3181 senescere,
705 3096 866 3189 quamvis
884 3104 978 3167 esset
995 3095 1204 3179 arctissima;

127 3222 252 3297 Curius
273 3220 309 3291 in
328 3221 464 3292 bortulo
486 3221 644 3291 manibus
679 3219 752 3290 suis
777 3222 885 3305 culto,
920 3218 953 3289 in
986 3218 1108 3312 agellis
1131 3221 1204 3291 suis

127 3348 311 3428 SerranuS,
334 3344 509 3429 Quintius,
535 3342 688 3425 Attilius3
714 3353 849 3435 poterat
872 3343 1033 3415 Camillus
1060 3342 1093 3412 in
1120 3365 1203 3436 pace

125 3468 270 3562 degere,
293 3489 358 3538 nee
375 3469 539 3560 praeclara
557 3467 665 3557 gloria
678 3465 842 3538 invidiam
861 3467 987 3537 civium
1008 3477 1113 3560 atque
1126 3467 1203 3539 exi-

124 3590 207 3663 lium
221 3589 360 3669 mereri,
376 3587 442 3658 nisi
455 3611 516 3661 eos
531 3598 684 3682 spectata
701 3588 813 3661 virtus
831 3591 1003 3663 adversus
1017 3590 1201 3685 Pyrrhum,

124 3712 307 3794 Samnites,
320 3713 455 3795 Poenos,
469 3713 591 3796 Gallos,
609 3724 715 3806 atque
728 3712 879 3807 undique
894 3714 1111 3804 ingruentem
1130 3711 1202 3783 bel-

123 3836 235 3909 lorum
251 3837 375 3906 melem
390 3835 497 3905 duces
512 3847 695 3928 perpetuos
709 3837 919 3930 Reipublicae
932 3835 1067 3907 debitos
1085 3858 1126 3907 ac
1142 3859 1203 3907 ne-

123 3957 297 4030 cessarios
315 3958 480 4049 elegisset
491 3957 732 4048 coegissetque
750 3957 817 4026 sub
834 3957 940 4027 armis
954 3977 1071 4028 aarum
1086 3980 1200 4049 agere.

123 4078 284 4153 Poterant
308 4081 483 4172 Scipiones
509 4082 627 4151 Romae
648 4078 804 4149 suaviter
829 4100 869 4148 ac
894 4079 1044 4150 fraterne
1065 4081 1199 4162 vivere,

122 4199 280 4293 interque
304 4222 444 4270 suorum
467 4200 568 4271 busta
590 4194 740 4294 sepeliri,
763 4199 829 4270 nisi
850 4198 928 4270 illos
952 4199 1105 4273 studium
1131 4203 1202 4272 vir-

123 4324 217 4406 tutis,
240 4332 318 4396 octo
340 4323 438 4393 annis
460 4324 611 4415 gloriose
632 4320 717 4393 aclis
735 4321 769 4391 in
788 4324 966 4417 Hispania,
987 4337 1065 4418 post
1082 4324 1201 4395 claris-

123 4444 228 4518 simos
247 4445 384 4517 labores
404 4446 586 4538 peregrina
605 4446 726 4515 tellure
744 4446 1011 4537 procumbentes
1025 4446 1197 4518 obrueret.
