2738 5062
469 846 657 913 suanense}
687 846 892 913 PETRARCAE

275 1060 350 1139 DE
403 1058 590 1141 REBUS
648 1061 1077 1143 FAMILIARIBUS

429 1277 578 1349 LIBER
617 1276 928 1349 UNDECIMUS.

567 1755 745 1820 nelsronn
772 1756 792 1819 1.

201 1947 406 1999 snnncmcus
426 1949 595 1999 perennet
616 1950 749 2000 IOHANNI
771 1952 811 2000 DE
833 1951 1002 2001 CERTALDO
1023 1953 1049 2000 S.
1072 1952 1099 2000 P.
1122 1954 1151 2000 D.

174 2134 269 2191 letum
282 2135 359 2190 ealce
374 2135 440 2207 equi
455 2151 541 2206 prope
555 2134 714 2189 Vulsinium
729 2152 794 2189 erus
809 2135 860 2189 sihi
875 2150 953 2208 pmne
967 2135 1085 2190 fractum
1099 2134 1184 2190 fuisse

368 2228 478 2293 narrat,
495 2239 586 2294 neque
601 2223 692 2279 adhuc
706 2224 803 2280 Romae
816 2227 996 2281 convaluisse.

246 2443 432 2539 Sperabam
449 2444 512 2516 ioci
531 2454 635 2538 atque
648 2446 753 2518 animi
768 2447 958 2519 mutatione
974 2448 1099 2518 mutari
1115 2469 1225 2540 posse

140 2569 327 2650 fortunam
342 2566 406 2639 sed
424 2566 582 2649 fallebar,
606 2577 644 2639 ut
662 2568 779 2639 video:
801 2591 1022 2662 quocumque
1040 2570 1144 2659 sugi0,
1167 2570 1225 2638 ilia

140 2712 198 2761 me
217 2689 388 2782 sequitur.
410 2690 480 2759 Seu
499 2711 555 2759 me
575 2712 681 2761 curru
703 2688 860 2774 volubili,
884 2712 946 2761 seu
966 2690 1125 2761 frementi
1145 2712 1223 2760 eor-

140 2812 278 2906 nipede,
300 2833 366 2883 sen
386 2813 516 2885 volanti
542 2812 695 2903 navigio,
718 2833 782 2881 seu
802 2811 952 2904 deniqne
971 2812 1137 2883 dedalicis
1163 2811 1227 2881 alis
1310 2812 1321 2843 ⁸

142 2934 334 3019 abstulero,
356 2936 540 3028 profugum
563 2943 662 3003 torva
683 2930 887 3023 praeveniet.
908 2933 1154 3023 Nequidquam
1177 2941 1228 3002 ta-

145 3078 240 3128 men:
260 3055 424 3127 vellicare
448 3055 542 3127 enim
564 3063 679 3147 potest
710 3062 745 3123 et
778 3051 971 3145 impellere,
992 3062 1225 3144 prosternere,

143 3180 214 3255 iam
240 3182 313 3251 Deo
340 3202 485 3272 gressus
518 3199 616 3250 meos
650 3183 885 3261 sustentante,
907 3196 977 3245 non
1002 3184 1127 3268 potest.
1157 3175 1227 3244 lam

144 3326 226 3377 eum
246 3303 421 3375 Demetrio
441 3302 545 3375 didici
577 3310 614 3373 et
647 3299 814 3372 mandare
845 3301 1009 3393 laqueum
1042 3297 1167 3369 minaei
1195 3307 1230 3368 et

145 3424 301 3497 medinm
334 3448 487 3517 unguem
513 3425 734 3516 indignanter
759 3423 955 3497 ostendere.
983 3423 1146 3493 Retentat
1169 3421 1227 3491 iila

147 3570 205 3620 me
224 3559 342 3620 tanmn
359 3547 493 3619 artibus
515 3549 603 3633 suis,
625 3557 662 3618 et
680 3569 702 3619 a
722 3568 793 3641 quo
814 3566 910 3639 saepe
928 3545 997 3618 sub
1013 3545 1113 3617 annis
1135 3555 1231 3617 tene-

147 3671 300 3745 rioribus
314 3671 407 3742 vieta
423 3682 490 3756 est,
505 3693 587 3743 eum
605 3671 745 3755 vincere
764 3669 950 3742 meditatur
967 3680 1070 3741 aetate
1088 3671 1155 3740 iam
1174 3690 1231 3741 so-

150 3793 222 3866 lida
239 3806 275 3865 et
295 3793 490 3886 tranquilla,
512 3793 615 3886 qnasi
636 3792 769 3864 saeiiius
791 3792 937 3864 situum
959 3795 1096 3865 seniore
1120 3803 1232 3863 oerta-

151 3936 242 4000 men,
263 3924 381 4008 atque,
404 3926 443 3986 nt
458 3916 611 4009 corporis
633 3915 747 4008 vigor,
767 3916 818 3987 sie
835 3915 940 3986 animi
961 3917 1056 3988 vires
1079 3914 1231 3986 vivendo

152 4035 387 4119 decreverint3
401 4059 481 4130 quae
495 4038 562 4108 nisi
576 4038 784 4125 crevissent,
797 4039 925 4110 frustra
939 4060 994 4109 me
1008 4038 1143 4108 vixisse
1156 4038 1233 4130 qui-

152 4159 233 4232 dem
254 4158 453 4231 arbitrarer.
469 4161 614 4233 Perinde
631 4183 720 4254 quos
734 4162 791 4232 illa
805 4160 887 4230 mihi
902 4182 1012 4253 nuper
1026 4161 1169 4252 laqueos
1184 4172 1233 4232 te-

154 4283 312 4369 tenderit,
327 4306 371 4355 ne
387 4306 463 4355 mes
478 4294 510 4355 te
525 4284 560 4355 in
573 4284 835 4356 admirationem
850 4305 946 4355 mora
959 4284 1094 4375 longior
1108 4284 1231 4361 trahat,

154 4406 278 4479 dicam.
300 4408 445 4479 Romam
465 4430 544 4500 ego,
568 4418 606 4478 ut
627 4407 710 4492 seis,
738 4409 885 4478 salutato
910 4406 1050 4500 quidem
1072 4416 1114 4488 te,
1137 4416 1231 4497 peto-

154 4528 249 4616 bam,
265 4553 336 4624 qno
352 4553 465 4604 annus
483 4531 551 4615 hie,
569 4553 675 4623 quem
693 4530 782 4601 votis
799 4530 998 4623 optavimus
1019 4538 1228 4622 peccatores,
