2738 5062
413 39 1366 263 ψ

174 594 232 655 ota
513 604 553 651 ua
574 604 674 652 uanus
695 604 917 654 annullamus

175 741 276 815 audis
295 742 422 810 almam
446 737 568 810 urbem
590 749 628 809 ut
647 738 785 811 nomine
803 737 992 835 Babylonis
1014 739 1192 827 infamem,
1213 744 1274 817 sic

175 887 281 937 causa
294 861 437 955 originis
450 871 486 932 et
498 860 698 951 dignatione
715 862 889 956 praeeipua
901 862 1055 934 ooelestis
1072 863 1273 957 providen-

176 987 235 1058 tiae
268 984 471 1078 gloriosam:
493 981 576 1054 dum
602 982 686 1054 dicit
704 1005 767 1075 per
785 1007 883 1075 quum
902 983 971 1053 Deo
997 988 1126 1077 placuit
1151 989 1271 1061 orbem
1317 1054 1322 1065 ,

177 1107 336 1178 debellare
367 1118 539 1175 terrarum.
566 1106 703 1175 Poterat
735 1126 860 1198 nempe
880 1112 942 1198 p'er
962 1106 1078 1193 aliam,
1110 1109 1176 1182 sed
1198 1133 1270 1206 per

177 1228 268 1301 bano
289 1227 409 1310 voluit,
431 1249 534 1319 quarn
558 1227 688 1298 seilicet
709 1236 802 1298 lanto
823 1228 918 1319 operi
935 1249 1009 1321 prae
1029 1231 1164 1301 cunctis
1185 1231 1270 1304 ido-

179 1372 279 1423 neam
301 1349 346 1421 ab
365 1359 498 1421 aeterno
520 1349 737 1442 praeviderat.
758 1348 879 1441 Neque
896 1349 987 1420 enim
1007 1349 1183 1423 mediocre
1198 1374 1268 1425 ne-

180 1475 313 1565 gotium
333 1482 408 1545 erat
427 1471 502 1545 orbi
523 1471 689 1544 indomito
708 1480 743 1543 et
762 1469 892 1541 effraeni
912 1483 1016 1564 eaput
1034 1471 1139 1558 dare,
1166 1476 1268 1567 quod

180 1598 398 1691 Augustinus
416 1598 491 1693 ipse
513 1616 581 1666 non
605 1592 802 1667 dissimulat
826 1593 965 1687 quando
990 1595 1196 1669 sententiam
1224 1598 1266 1671 il-

181 1725 248 1793 lam
271 1743 371 1794 suam
394 1720 526 1791 ratione
546 1716 772 1790 confirmans:
800 1729 896 1788 erum
920 1720 1020 1802 euitat,
1044 1718 1167 1813 inquit,
1196 1720 1266 1791 ium

175 1847 295 1941 populi
312 1842 418 1915 oult'di
436 1854 466 1912 et
482 1846 583 1937 sortes
596 1852 626 1910 et
639 1844 741 1911 armis
759 1851 870 1931 genter
890 1843 1093 1924 amaritate,
1107 1864 1266 1933 quoenou

178 1970 276 2057 facila
296 1964 460 2047 oederent,
475 1986 556 2055 quos
576 1986 657 2056 opus
677 1975 756 2034 esset
774 1964 961 2053 ingentibus
978 1964 1138 2056 perieulis
1154 1975 1187 2033 et
1202 1986 1267 2035 ou-

179 2091 319 2160 stotioue
343 2089 497 2179 utrinque
518 2109 586 2157 aon
602 2110 713 2179 purae
735 2098 831 2179 utque
856 2083 1016 2156 borram
1037 2088 1147 2157 labore
1166 2108 1267 2180 supe-

180 2233 266 2280 rare.
297 2208 387 2279 Ecce
408 2207 536 2301 quibus
561 2207 742 2279 effectibus
767 2208 888 2281 divina
912 2207 1133 2301 providentia
1150 2230 1267 2282 roma·

181 2353 264 2403 num
284 2329 467 2424 imperium
485 2329 650 2403 fabricata
670 2341 739 2413 est,
756 2343 794 2403 ut
806 2342 901 2403 esset
915 2331 1043 2403 scilioet
1056 2332 1188 2405 mundo
1206 2356 1267 2407 ca·

183 2463 256 2551 put.
265 2453 308 2523 Et
320 2472 429 2544 regno
442 2450 582 2544 quidem
589 2450 743 2547 Assyrio
752 2453 827 2525 sive
841 2452 960 2526 linium
971 2454 1265 2547 spatiobreviore,

181 2577 258 2649 sive
279 2574 355 2647 rudi
377 2583 413 2645 et
432 2572 561 2645 imbelli
581 2574 832 2647 domandarum
854 2574 1007 2665 gentium
1028 2573 1203 2661 barbarie,
1226 2585 1267 2649 ut

181 2697 400 2791 Augustinus
421 2696 512 2769 idom
533 2695 692 2789 pluribus
712 2696 829 2769 verbis
849 2696 1015 2779 ostendit,
1037 2696 1135 2769 facile
1153 2698 1265 2770 conti-

181 2835 279 2915 gerat
303 2844 373 2894 non
399 2832 438 2893 ut
462 2819 556 2892 orbis
583 2821 648 2894 sed
674 2830 712 2892 ut
736 2819 832 2893 Asiae
852 2830 958 2916 eaput
981 2830 1088 2890 esset.
1110 2818 1267 2893 Romano

181 2955 296 3018 autem
319 2944 464 3038 imperio
490 2943 572 3037 quia
594 2943 724 3016 maiora
744 2943 906 3036 quaedam
932 2952 967 3012 et
993 2938 1188 3013 difficiliora
1209 2964 1267 3013 re-

181 3065 329 3152 stabant,
346 3068 412 3139 tale
427 3067 511 3139 illud
525 3067 616 3138 Deus
629 3087 711 3139 esse
725 3064 847 3149 voluit,
860 3065 963 3157 quale
975 3062 1151 3156 quantitas
1167 3063 1266 3139 labo·

183 3213 259 3262 rum
280 3203 316 3263 et
332 3187 659 3284 complanandarum
681 3209 796 3260 rerum
813 3187 986 3279 asperitas
1006 3186 1186 3279 exigebat.
1203 3189 1266 3263 His

182 3308 344 3380 omnibus
365 3311 480 3383 adhuc
500 3309 597 3395 nihil,
621 3320 658 3383 ut
683 3320 780 3403 puto,
808 3318 937 3402 praeter
963 3330 1088 3381 nornen
1114 3309 1268 3408 Babylo·

182 3431 238 3503 nis
258 3430 445 3503 obscurum
472 3446 541 3515 est;
562 3456 632 3526 quo
658 3433 770 3517 multi,
798 3428 862 3503 sed
888 3431 923 3502 in
948 3431 1069 3527 primis
1095 3431 1268 3525 Augusti-

184 3577 266 3625 num
288 3574 441 3644 sequens
475 3554 509 3624 in
544 3554 685 3626 historia
720 3555 826 3626 utitur
859 3553 915 3625 ille
948 3553 1067 3627 mundi
1094 3558 1265 3630 malorum

182 3686 406 3749 ooaoervator
442 3673 597 3747 Orosius.
636 3676 736 3747 Certe
768 3675 1002 3772 Hieronymus
1041 3676 1078 3748 in
1114 3676 1265 3770 epistola

182 3796 333 3890 quadam
358 3797 465 3870 otium
492 3819 594 3870 suum
615 3796 960 3891 Bethlemitioumque
987 3796 1163 3869 silentium
1190 3801 1266 3873 lau-

182 3917 286 4007 dans,
308 3922 564 4014 gratioremque
581 3922 651 3993 Deo
669 3922 791 3993 volens
808 3917 992 3993 ostendere
1011 3920 1149 4014 inopem
1167 3920 1264 3993 illum

183 4042 295 4113 locum
317 4066 420 4137 quam
455 4043 610 4137 Capitolii
642 4065 757 4115 arcem
792 4052 841 4115 tot
872 4041 1056 4136 triumphis
1077 4042 1262 4133 insignem,

181 4162 263 4234 dicit
283 4186 397 4236 arcem
426 4166 536 4260 ipsam
572 4186 666 4261 saepe
699 4165 898 4239 fulminibus
930 4164 976 4237 de
1008 4167 1097 4237 ooelo
1124 4174 1263 4238 tactam

181 4284 251 4356 Neo
272 4286 412 4357 fallitur:
435 4288 531 4380 quod
556 4288 719 4361 historias
745 4287 960 4383 percurrenti
985 4298 1181 4381 promptum
1207 4299 1266 4361 est

182 4427 384 4500 agnoscere.
407 4410 530 4502 Neque
556 4410 646 4483 illam
673 4411 788 4497 modo,
812 4410 876 4483 sad
908 4420 944 4481 et
976 4411 1128 4503 reliquas
1160 4430 1263 4483 ames
