2738 5062
400 658 492 708 mneu
514 660 701 712 annuemus.
714 663 915 711 -urrsrum
938 664 976 711 rr.
1169 654 1221 716 121

139 812 303 885 quosque
329 793 588 866 consentientes
621 796 653 865 in
684 796 978 889 peregrinationes
1004 796 1225 889 longissimas

141 937 280 986 meeum
303 913 412 998 duco,
442 918 579 989 salvere
611 918 731 989 iubeas
764 940 823 989 oro
850 928 919 1003 tuo,
952 919 1039 990 meis
1067 920 1222 993 vocibus.

139 1038 237 1108 t'ale.

288 1182 425 1239 Kalendis
441 1183 528 1254 lunii,
542 1185 665 1243 Veronae.

561 1686 737 1751 Ertsrola
758 1688 813 1750 Vll.

303 1882 498 1933 raldulscus
520 1884 686 1931 paratarma
709 1883 843 1932 SOCllrlTl
864 1883 922 1931 st'o
943 1886 969 1931 S.
992 1885 1019 1932 Ρ.
1043 1884 1071 1933 ll.

157 2067 357 2127 deneratam
371 2084 429 2122 sure
444 2067 611 2121 calamitates
625 2066 757 2135 insignes,
774 2066 874 2137 quibus
888 2074 968 2122 terra
982 2074 1073 2123 motus
1089 2069 1117 2123 in
1133 2069 1204 2125 Urbe

249 2164 444 2226 accesserunt,
459 2159 577 2211 rrraiores
591 2174 728 2211 aerumnas
742 2159 897 2230 reipublicae
911 2158 1115 2231 portendentes.

250 2400 336 2485 Quid
357 2399 529 2493 primum?
547 2420 674 2492 querar
691 2410 750 2472 aut
767 2400 928 2473 timeam?
949 2402 1106 2498 Undique
1126 2404 1223 2477 dolo-

147 2546 224 2597 mm
245 2543 375 2607 causae,
394 2543 459 2591 nee
479 2522 587 2591 ullum
608 2544 762 2617 praeseus
783 2528 911 2597 malum
931 2548 1001 2597 non
1019 2527 1123 2598 laturi
1142 2551 1222 2620 gra-

144 2646 254 2719 vioris
275 2645 357 2716 mali
379 2644 517 2735 signum
540 2649 690 2737 praefert.
712 2648 927 2740 Quamquam
949 2649 1033 2741 quid
1054 2650 1121 2720 iam
1143 2673 1223 2740 gra-

142 2768 226 2841 vius
246 2767 426 2861 expectari
447 2778 552 2859 queat
572 2768 633 2837 vix
655 2768 852 2858 intelligam.
880 2771 1030 2842 ltlnndus
1056 2771 1135 2839 hine
1161 2768 1222 2839 lio-

145 2892 280 2962 minum
304 2889 414 2973 rabie,
449 2890 529 2959 hine
558 2912 663 2962 mauu
692 2891 753 2959 Dei
786 2891 906 2961 ultrice
939 2901 1167 2983 consumptus
1187 2901 1223 2961 ot

146 3013 343 3085 exhaustus
361 3022 429 3097 est,
444 3033 556 3105 eoque
575 3011 724 3083 miseriae
748 3033 959 3104 processum,
984 3027 1020 3084 ut
1039 3017 1134 3084 nulla
1155 3016 1220 3085 iam

146 3135 382 3228 cogitantibus
403 3156 493 3206 nova
514 3137 682 3207 malorum
704 3134 808 3207 laeies
826 3144 992 3206 occurrat.
1011 3138 1055 3208 Et
1071 3138 1222 3228 prolecto

145 3259 308 3353 quisquis
328 3258 422 3330 hunc
442 3270 569 3332 statum
597 3282 711 3330 rerum
738 3259 967 3331 humanarum
995 3259 1163 3354 posteris,
1191 3264 1221 3333 si

146 3384 206 3477 qui
233 3383 338 3455 modo
374 3397 559 3476 supersunt
584 3383 725 3478 posteri,
754 3384 958 3469 narraverit,
984 3385 1118 3457 fabulas
1143 3406 1222 3456 nar-

148 3528 248 3578 rasse
265 3506 454 3577 vidobitur.
475 3506 545 3577 Nec
565 3506 733 3598 indignari
756 3508 946 3593 conveniet,
966 3510 1080 3581 minus
1097 3531 1139 3580 ea
1159 3532 1220 3581 no-

147 3628 204 3701 bis
224 3629 321 3700 credi
342 3649 423 3722 quae
444 3631 538 3699 nullo
572 3629 675 3701 modo
708 3652 773 3702 nos
804 3630 879 3702 aliis
913 3633 1144 3704 crederemus.
1167 3633 1222 3704 ΜΘ

148 3752 306 3846 quidem,
328 3754 445 3836 fateor,
466 3753 511 3824 ad
528 3753 739 3824 eredendum
754 3756 860 3826 multa
874 3755 1067 3847 proniorem
1084 3765 1220 3849 tempus

147 3876 215 3947 hoe
234 3877 365 3961 lecerit,
388 3897 457 3969 quo
478 3876 557 3947 mali
579 3876 662 3947 nihil
684 3879 903 3973 inexpertum
925 3880 1077 3948 humano
1103 3877 1222 3967 generi

145 4010 210 4070 est.
233 4000 278 4071 Ut
297 3999 388 4070 enim
418 3999 476 4070 illa
509 4010 715 4091 praeteream
735 4001 882 4084 diluvia,
906 4008 1147 4094 tempestates,
1170 3999 1222 4068 in-

145 4121 284 4205 cendia,
306 4121 435 4214 quihus
460 4123 606 4214 integrae
633 4124 735 4195 modo
765 4123 867 4194 urbes
894 4123 1049 4193 funditus
1069 4122 1218 4217 periere,

144 4243 235 4317 bella
253 4267 396 4338 quoque
415 4255 485 4317 toto
502 4246 585 4318 orbe
601 4248 769 4317 feruentia
787 4267 1007 4337 magnacum
1028 4258 1144 4337 strage
1161 4268 1221 4339 po-

144 4372 323 4461 pulorum,
347 4369 393 4439 ad
414 4371 489 4441 haee
509 4370 696 4441 inauditam
720 4368 857 4439 saeculis
879 4379 1010 4462 pestem
1031 4369 1117 4452 omli,
1140 4389 1221 4461 quae

145 4503 225 4567 nola
248 4503 335 4565 sunt
355 4493 530 4579 omnibus,
552 4515 632 4586 quae
649 4492 808 4564 civitates
826 4515 948 4566 vacuae
965 4493 1127 4583 nudaque
1147 4491 1219 4559 eul-
