2738 5062
21 598 24 603 ‘
144 617 201 677 rut
474 629 514 676 us
539 628 638 675 ussus
661 625 881 700 nurrnmmnus

141 765 200 837 lud
240 766 379 837 siluisse
413 765 601 835 noluerim:
642 765 736 858 quod
779 763 814 833 in
852 763 1028 859 Babylone
1069 773 1107 837 ιιι
1148 786 1216 836 non

142 891 244 962 altius
257 888 459 972 ascendisti,
481 909 644 979 magnum
663 885 722 959 tibi
740 886 872 958 divinae
888 885 1020 977 gratiae,
1041 884 1073 957 si
1090 886 1215 972 nescis,

142 1012 314 1085 indicium.
330 1009 561 1082 Ascendisscs
579 1009 679 1087 enim,
699 1008 765 1080 uisi
784 1008 1048 1103 praesidentium
1062 1008 1218 1081 moribus

141 1136 320 1208 dissimilis
346 1135 531 1218 videreris,
554 1155 622 1228 quo
649 1132 789 1227 quidem
816 1140 899 1224 puto
927 1129 1010 1201 nihil
1037 1150 1121 1201 esse
1145 1130 1217 1201 teti-

141 1260 227 1331 cius.
250 1259 285 1328 Si
306 1279 390 1349 ergo
410 1257 456 1329 ad
477 1261 622 1327 salutem
646 1265 794 1350 spectas,
823 1252 968 1325 libenter
994 1252 1076 1324 hinc
1095 1254 1218 1324 exula-

141 1380 211 1452 bis:
232 1380 337 1452 immo
358 1402 441 1451 vero
463 1379 608 1450 libenter
627 1379 662 1450 in
679 1379 823 1473 patriam
841 1377 886 1448 ab
903 1376 969 1448 boc
984 1376 1091 1448 exilio
1107 1376 1218 1450 redte

142 1503 205 1573 ris:
223 1512 260 1572 et
276 1501 434 1593 quisquis
456 1499 501 1572 ad
525 1521 710 1593 supernam
733 1507 864 1594 spectat
882 1498 1112 1581 Hierusalem,
1132 1497 1216 1570 dum

140 1624 300 1718 captivus
319 1622 492 1693 detinetur
513 1643 618 1713 super
639 1620 780 1691 flumina
794 1617 994 1714 Babylonis,
1017 1617 1064 1689 ad
1081 1640 1219 1693 amaras

142 1745 264 1818 salices
285 1745 466 1839 suspensis
487 1744 642 1836 organis,
661 1744 749 1814 flens
770 1765 811 1814 ac
828 1741 955 1813 sedens
968 1752 1122 1815 montem
1136 1743 1217 1816 Sion

141 1892 219 1941 cum
240 1869 416 1941 desiderio
437 1869 651 1941 recordatur:
674 1868 793 1959 siqua
816 1888 902 1937 vcro
927 1867 1074 1939 facultas
1101 1868 1220 1940 adiue-

142 1994 199 2076 rit,
221 1993 345 2087 cupide
365 1992 444 2063 inde
465 2013 503 2061 se
525 1991 681 2087 proripit,
703 2000 741 2061 ut
761 1989 966 2081 redeatque
985 1990 1150 2082 suspirat
1171 1991 1218 2063 oe

143 2116 274 2206 reliquo
287 2123 404 2183 autem
418 2114 502 2206 quid
519 2115 586 2185 nisi
603 2125 638 2184 et
655 2113 729 2207 ipsc
748 2123 825 2207 post
842 2123 876 2185 te
891 2112 1014 2184 tacitus
1034 2113 1216 2207 suspirem,

143 2236 236 2328 quod
254 2256 331 2318 nos,
351 2235 410 2327 qui
429 2236 478 2306 tui
496 2258 618 2307 sumus
631 2261 765 2322 omnes,
781 2237 943 2331 praesenti
966 2239 1101 2309 solutos
1120 2259 1218 2330 erga-

145 2359 236 2427 stulo
257 2357 354 2450 cupis
381 2357 415 2426 in
443 2358 538 2429 ltalia
567 2359 709 2431 videre?
728 2362 772 2430 Et
797 2362 958 2454 proiecto,
982 2359 1012 2430 si
1039 2368 1124 2431 voto
1143 2380 1218 2433 meo

144 2479 302 2551 Christus
324 2491 506 2563 annueret,
529 2481 563 2553 in
585 2482 679 2552 ltalia
701 2482 855 2553 viverem
876 2505 917 2555 ac
937 2504 1108 2556 morerer:
1130 2506 1219 2557 nunc

143 2603 331 2696 veroquid
352 2603 397 2675 sit
417 2604 717 2700 futurumnescio.
742 2605 801 2688 llli,
824 2605 882 2697 qui
904 2605 998 2697 quod
1022 2607 1163 2699 cupiam
1185 2618 1219 2680 et

142 2727 226 2819 quid
246 2725 409 2820 expediat
433 2726 542 2810 videt,
564 2737 600 2798 ct
616 2738 735 2820 potens
753 2738 808 2798 est
829 2738 1014 2821 utrumque
1035 2740 1217 2823 praestarc.

145 2849 191 2919 illi
212 2871 268 2920 res
290 2851 516 2943 fortunasque
533 2872 628 2921 meas
646 2849 813 2922 commisi.
833 2851 904 2921 Hoc
922 2860 955 2919 te
972 2873 1041 2922 non
1059 2851 1217 2942 ignorare

144 2995 212 3044 non
234 2995 312 3043 sum
335 2973 485 3057 nescius,
509 2975 597 3043 male
619 2973 703 3043 mibi
734 2995 814 3044 esse
844 2972 926 3043 dum
957 2973 1125 3044 hiesum.
1153 2972 1218 3045 Sed

143 3095 227 3189 quid
247 3097 372 3168 iterum
395 3097 537 3166 iaciam‘.l
561 3096 678 3186 Magni
710 3118 802 3167 nnnc
829 3106 956 3178 motus,
979 3105 1018 3166 ut
1038 3094 1162 3180 vides,
1186 3097 1220 3167 in

145 3220 240 3290 ltalia
261 3228 435 3311 parantur.
459 3216 527 3286 Sed
548 3216 632 3287 illud
652 3238 792 3309 quoque
812 3240 935 3289 verum
956 3228 1026 3302 est,
1046 3221 1150 3291 malle
1167 3240 1221 3291 me

145 3343 178 3409 in
196 3340 292 3410 ltalia
311 3340 479 3423 laborare,
498 3361 601 3433 quam
620 3338 679 3410 ubi
698 3339 984 3432 sumquiescerc.
1003 3341 1062 3411 lsti
1081 3341 1220 3435 quidem

145 3463 331 3546 Arsacidae,
343 3483 490 3555 quorum
505 3463 677 3535 nonnullis
691 3486 746 3535 me
759 3462 935 3536 beneficiis
946 3464 1137 3537 obnoxium
1152 3487 1221 3538 non

150 3608 253 3678 nego,
275 3589 332 3658 vel
351 3585 527 3681 Babylone
550 3587 605 3657 vel
626 3586 659 3655 in
679 3587 816 3659 Parthia
835 3590 955 3658 saltem
979 3589 1128 3660 retinere
1149 3610 1220 3661 mo-

146 3714 288 3781 liuntur:
310 3709 480 3792 obluctor,
504 3721 539 3780 et
558 3709 672 3781 adbuc
691 3708 769 3781 finis
787 3710 822 3781 in
839 3711 944 3784 dubio
964 3721 1029 3784 cst.
1048 3712 1085 3783 Si
1104 3713 1218 3797 vinco,

146 3855 211 3902 non
239 3843 318 3902 ante
343 3843 572 3903 revertentem
599 3832 721 3904 audies
746 3857 850 3928 quam
873 3857 1066 3908 reversum.
1089 3839 1124 3908 Si
1146 3839 1222 3910 vin·

146 3979 217 4038 cor,
239 3955 333 4049 quod
351 3954 488 4027 nonnisi
509 3954 657 4045 negandi
679 3955 888 4029 verecundia
909 3969 991 4050 puto
1011 3981 1118 4054 posse
1142 3981 1221 4032 oon-

149 4078 293 4168 tingere,
318 4088 434 4151 tamon
454 4088 554 4150 extra
573 4078 804 4151 Semirameos
825 4102 943 4152 muros
967 4104 1038 4154 ero.
1059 4082 1220 4168 Ubinam,

149 4201 312 4293 inquies?
350 4200 449 4272 Nulla
495 4202 719 4295 topographia
757 4224 846 4295 opus
883 4214 953 4286 est3
990 4205 1222 4277 diversorium

149 4345 264 4394 meum
285 4323 388 4393 nosti:
412 4325 480 4395 scis
503 4324 559 4393 ubi
581 4325 721 4415 gallicas
744 4334 885 4398 {estates
902 4350 1020 4420 agere,
1039 4328 1099 4400 ubi
1116 4328 1223 4401 lenire

150 4450 278 4519 soleam
302 4447 509 4540 transalpina
544 4447 704 4541 suspiria.
737 4449 915 4522 Postremo
947 4450 1012 4522 viri
1047 4453 1138 4524 illius
1162 4449 1220 4544 qui
