2738 5062
160 629 214 691 ttb
498 641 538 688 nu
560 641 660 689 nunus
681 640 901 691 rnrrruranrnus

155 782 272 855 sierirn
293 789 328 850 et
347 779 485 850 fortiora
504 798 559 847 me
576 787 750 849 scrutatus
766 779 889 848 fuerim
904 803 911 860 ;
930 800 990 850 seu
1008 779 1225 875 indignanter

155 905 287 987 audiar,
309 901 402 996 quod
423 923 564 973 romana
598 900 738 972 libertas
772 901 829 996 pio
861 900 999 995 quidem
1021 904 1086 975 sed
1105 902 1223 978 humili

154 1048 298 1122 prorsus
319 1034 354 1096 et
375 1022 490 1095 subito
522 1046 563 1094 ao
587 1022 738 1116 pedestri
767 1035 804 1095 et
831 1025 974 1096 forsitan
995 1025 1224 1120 impertinenti

152 1149 290 1241 eloquio
310 1147 523 1220 defendatur.
545 1147 669 1238 Magna
691 1167 762 1231 res,
778 1148 895 1232 fateor,
910 1156 945 1217 et
958 1168 1076 1219 coram
1090 1151 1223 1241 magnis

153 1275 276 1366 agitur,
297 1273 397 1345 etad
417 1273 607 1343 Maximum
629 1272 818 1344 referenda.
840 1274 916 1364 Ego
936 1294 1022 1345 vero
1041 1273 1224 1368 parvitatis

154 1419 241 1468 rneae
259 1395 342 1466 rnibi
360 1419 437 1467 sum
455 1395 629 1476 oonsoins;
645 1395 709 1466 sed
724 1394 769 1466 ad
786 1395 996 1487 loquendum
1015 1395 1150 1469 animos
1166 1398 1224 1471 dat
1265 1450 1268 1455 -

154 1518 270 1589 innata
291 1517 439 1588 devotio.
462 1516 589 1607 ltaque,
625 1524 742 1609 patres
775 1517 907 1608 optimi,
929 1516 1057 1609 quibus
1079 1518 1223 1593 huiusne

152 1641 200 1711 rei
218 1661 301 1710 eura
324 1637 484 1709 mandata
503 1649 571 1719 est,
597 1637 626 1706 si
646 1659 667 1707 a
695 1638 807 1720 vobis,
842 1649 881 1709 ut
914 1660 1031 1730 spero,
1054 1639 1223 1713 haetenus

151 1784 239 1833 meae
265 1760 480 1854 procacitatis
505 1761 686 1831 excusatio
711 1760 909 1832 faventibus
934 1763 1057 1833 animis
1084 1773 1141 1835 est
1164 1766 1222 1839 ad·

150 1884 273 1968 missa,
299 1883 375 1976 pias
407 1904 469 1955 oro
493 1882 619 1953 dehinc
644 1903 748 1953 aures
773 1880 935 1953 fidelibus
961 1883 1124 1957 adhibete
1151 1908 1223 1959 ser·

149 2005 324 2088 monibuS,
347 2027 415 2076 non
435 2006 513 2096 quis
535 2027 613 2097 ego,
638 2003 700 2075 sed
720 2026 883 2097 quaenam
904 2005 1048 2079 intentio
1071 2030 1149 2080 mea
1167 2009 1219 2095 sit,

149 2151 262 2221 neque
283 2138 352 2197 tarn
373 2128 532 2220 qualiter,
556 2151 658 2220 quarn
673 2127 758 2221 quid
775 2128 900 2211 dicam,
922 2128 1028 2199 immo
1048 2150 1135 2203 vero
1155 2153 1222 2204 non

150 2261 217 2321 tarn
239 2271 320 2341 quae
341 2249 463 2333 dicam,
487 2271 591 2341 quarn
618 2271 697 2342 quae
721 2250 838 2323 dicere
858 2250 976 2336 velim,
998 2252 1139 2345 etquid
1164 2276 1221 2327 su-

148 2395 209 2464 per
242 2383 335 2441 tanta
368 2373 510 2441 materia
543 2372 608 2442 dici
639 2383 768 2464 potest,
808 2371 1074 2447 misericorditer
1111 2386 1220 2449 atten-

147 2496 281 2566 denes.

244 2619 396 2692 Primum
417 2621 540 2690 animis
567 2621 695 2690 vestris
721 2642 797 2691 reor
822 2621 975 2703 insitum,
1003 2624 1131 2695 nullius
1157 2624 1220 2696 bu-

148 2762 259 2813 rnnnae
280 2741 329 2812 rei
350 2765 473 2814 nomen
495 2766 575 2815 esse
596 2744 789 2829 sonantius,
808 2766 912 2837 quarn
932 2745 1133 2838 reipublice
1153 2749 1218 2819 aa

147 2881 341 2930 manorum.
363 2862 433 2932 Hoc
454 2861 539 2932 rnibi
555 2864 648 2934 nulla
666 2862 776 2954 regio,
799 2864 894 2932 uuila
914 2861 1094 2934 barbaries
1116 2884 1219 2957 nega-

147 2978 210 3065 bit,
234 2982 296 3054 sed
316 2982 410 3054 orbis
431 2983 507 3077 ipse
528 2994 710 3068 terrarum,
735 2983 765 3053 si
790 2981 883 3076 loqui
909 2993 1041 3074 posset,
1065 3006 1136 3057 uno
1161 3006 1217 3058 ore

143 3104 320 3190 fatebitur,
336 3118 368 3177 ot
383 3130 485 3177 suum
499 3117 603 3200 caput
615 3107 765 3197 ingenue
786 3117 1024 3199 recognoscet,
1040 3106 1216 3202 impexum

143 3227 221 3299 licet
240 3230 507 3319 neglectumque
525 3223 767 3298 miserabiliter
787 3241 823 3301 et
838 3231 1015 3301 incultum.
1038 3230 1152 3314 Quam
1172 3230 1215 3305 ob

145 3373 218 3422 rem
239 3350 305 3420 etsi
331 3351 416 3421 nibil
448 3350 541 3422 atiud
571 3360 666 3422 esset
697 3353 806 3423 Roma
826 3376 930 3445 quarn
950 3376 1097 3440 nomeu,
1125 3368 1216 3429 esset

144 3485 259 3543 tamen
280 3474 412 3563 reginae
432 3472 512 3543 olim
533 3495 658 3544 nornen
681 3475 797 3559 urbis,
820 3487 859 3546 ut
878 3476 1039 3561 arbitror,
1061 3480 1211 3573 quadarn

142 3618 221 3667 curu
238 3597 433 3666 reverentia
452 3597 683 3683 tractandum3
703 3599 801 3683 iltius,
822 3599 970 3692 inquam,
994 3601 1091 3673 urbis
1112 3626 1213 3698 quarn

142 3719 235 3788 Deus
256 3719 472 3812 omnipotens
494 3730 544 3790 tot
565 3723 737 3814 tantisque
758 3724 1000 3814 prerogativae
1019 3726 1213 3821 temporalis

142 3852 177 3912 et
215 3842 402 3933 spiritualis
435 3842 630 3935 insignibus
662 3844 878 3931 adornasset,
913 3868 1020 3941 penes
1052 3870 1159 3941 quam
1181 3860 1215 3921 ot

141 3986 238 4035 verae
260 3964 340 4035 fidei
363 3964 471 4037 basim
501 3977 536 4037 et
565 3969 730 4040 Eeefesiae
759 3969 1018 4042 fundamentum
1038 3981 1074 4042 et
1094 3994 1214 4069 supre-

142 4110 236 4157 mum
260 4089 363 4161 fotius
385 4089 480 4162 orbis
501 4089 682 4183 imperium
705 4093 894 4164 statuisset.
921 4095 1018 4165 Nunc
1043 4116 1150 4182 vero,
1179 4108 1214 4167 ut

140 4211 219 4303 plus
240 4214 367 4305 aliquid
389 4235 493 4305 quarn
514 4236 638 4285 nonren
657 4218 765 4287 Roma
784 4217 841 4300 sit,
865 4219 957 4289 unde
979 4219 1112 4313 sperari
1135 4240 1215 4313 pos—

141 4333 187 4404 sit
213 4335 266 4405 vel
294 4337 416 4421 tirneri,
451 4339 534 4410 illud
567 4362 613 4410 ex
646 4342 766 4414 ordino
791 4341 1022 4434 cogitantibus
1050 4343 1211 4427 occurrit,

139 4480 207 4530 non
228 4460 356 4531 frustra
378 4482 441 4532 uec
462 4474 591 4534 temere
618 4465 680 4536 sed
701 4467 868 4539 divinitus
894 4469 1019 4539 facturn
1044 4492 1148 4554 esse,
1175 4478 1216 4541 ut
