2738 5062
353 703 446 752 crosa
468 701 946 752 ssxrusoecmus-arrsroua
967 703 1009 750 xr.
1159 691 1219 753 399

145 841 229 910 Nam
247 848 283 908 et
302 837 393 909 bona
410 859 490 929 pars
512 838 675 928 temporis
697 858 717 906 a
735 847 833 927 tergo
848 846 911 917 est,
929 814 967 906 et
986 836 1129 909 affectus
1146 841 1220 908 ani-

145 961 189 1030 mi
218 962 434 1045 lentescunt,
460 980 572 1052 eoque
598 960 693 1028 lucro
725 957 862 1047 fugitivi
896 958 1059 1051 temporis
1092 959 1220 1030 damna

144 1102 343 1172 compenso.
365 1081 451 1164 Quae
472 1102 551 1151 cum
570 1080 616 1150 ita
638 1080 715 1162 sint,
730 1091 767 1149 et
778 1077 956 1150 breviores
971 1080 1135 1172 deinceps
1148 1081 1221 1174 epi-

145 1206 265 1285 stolas,
288 1212 324 1273 ct
349 1203 610 1274 submissiorem
633 1201 758 1285 stilum,
779 1210 816 1271 et
836 1201 984 1272 leniores
1008 1201 1110 1272 decet
1138 1224 1220 1273 esse

146 1324 345 1395 sententias.
367 1324 518 1395 Primum
546 1323 710 1414 temporis
729 1322 903 1404 brevitati,
927 1324 1058 1415 reliqua
1079 1324 1220 1415 latigato

145 1445 259 1517 animo
279 1444 469 1516 adscribes.
488 1445 584 1515 Neve
602 1466 659 1515 me
675 1446 802 1515 lruslra
819 1444 922 1516 hodie
940 1445 1219 1539 philosophatum

145 1577 255 1659 putes.
273 1565 361 1636 Novi
379 1587 445 1655 ego
464 1565 619 1636 animum
638 1587 824 1658 moresque
846 1578 933 1648 tuos,
952 1567 1010 1658 qui
1032 1568 1076 1638 de
1092 1567 1220 1639 amico·

145 1712 221 1759 rum
252 1687 476 1760 successibus
509 1696 602 1757 totus
636 1686 788 1779 pendes;
821 1710 927 1779 quem
960 1709 1045 1758 vero
1070 1688 1163 1779 apud
1188 1699 1220 1758 te

145 1812 304 1881 amicitiae
323 1809 470 1902 gradum
494 1817 627 1880 teneam
649 1808 731 1880 scio.
754 1809 881 1893 UreriS,
904 1810 1051 1900 angeris,
1074 1818 1217 1893 aestuas,

145 1931 329 2014 afflictaris,
351 1941 387 2001 et
406 1930 491 2001 dum
509 1928 661 1999 maxime
679 1928 771 2008 siles,
791 1932 915 2000 clamat
933 1929 1131 2002 humanitas
1149 1939 1217 2013 tua,

145 2074 268 2144 meque
284 2051 329 2123 de
348 2052 453 2123 rebus
474 2051 561 2122 meis
578 2050 706 2121 invicta
726 2049 835 2141 pietas
854 2050 1052 2144 interrogat,
1072 2053 1221 2145 qualiter

144 2183 247 2266 atque
264 2174 322 2244 ubi
344 2175 419 2258 sim,
438 2174 522 2266 quid
542 2173 701 2264 cogitem,
720 2172 805 2266 quid
821 2174 953 2245 moliar.
972 2173 1099 2267 Accipe
1114 2174 1220 2266 igitur

144 2296 293 2387 epitoma
317 2295 578 2376 brevissimum,
611 2295 679 2366 sub
709 2316 779 2387 quo
805 2297 926 2387 ingens
952 2299 1036 2369 latet
1063 2297 1217 2368 historia.

144 2417 297 2510 Corpore
320 2419 422 2489 valeo
445 2427 612 2511 quantum
639 2419 753 2489 solent
783 2440 804 2490 e
832 2419 1013 2492 contrariis
1042 2427 1220 2511 compacta

144 2540 369 2630 corpuscula3
392 2539 555 2633 equidem
576 2552 615 2613 ut
633 2550 669 2612 et
688 2540 805 2612 animo
824 2544 958 2612 valeam
980 2543 1116 2631 maguis
1136 2540 1219 2610 viri-

142 2657 209 2730 bus
229 2659 351 2731 enitor:
381 2659 511 2730 utinam
531 2660 739 2732 efficaciter!
768 2659 920 2753 alioquin
941 2662 1103 2731 voluntas
1125 2660 1218 2730 nuda

142 2780 347 2853 laudabitur.
369 2782 502 2853 Morem
531 2803 614 2853 saue
640 2804 755 2853 meum
783 2782 896 2851 nosti:
921 2782 1076 2851 animum
1103 2801 1220 2853 rerum

142 2903 275 2971 fessum
295 2904 448 2974 locorum
468 2903 694 2974 allematioue
714 2901 841 2972 reficio.
860 2904 978 2993 ltaque
995 2900 1133 2971 biennio
1150 2901 1219 2971 iam

144 3018 178 3088 in
195 3020 312 3091 Galliis
329 3033 453 3094 exacto
471 3022 684 3105 revertebar,
704 3012 833 3093 etcum
852 3021 1082 3094 Mediolanum
1096 3043 1221 3114 perve-
1320 3110 1325 3119 ⁸

143 3141 283 3225 nissem,
306 3143 480 3217 maximus
501 3146 569 3216 iste
589 3146 693 3216 italus
715 3144 832 3215 iniecit
850 3166 990 3216 manum
1015 3152 1081 3215 tam
1101 3144 1220 3214 suavi-

144 3271 203 3346 ter,
238 3274 402 3357 tautoque
434 3289 514 3338 cum
548 3267 693 3351 honore,
729 3278 896 3359 quantum
930 3287 992 3337 neo
1018 3265 1127 3336 merui
1155 3286 1219 3338 nec
1278 3334 1289 3357 ,

144 3385 293 3476 speravi,
315 3407 509 3480 verumque
531 3397 568 3458 ut
589 3389 710 3470 laoear,
738 3410 802 3458 nec
827 3389 956 3482 optavi.
981 3389 1216 3460 Excusassem

143 3508 385 3600 occupat-iones
407 3498 589 3600 turbaeque
614 3508 731 3579 odium
753 3518 789 3578 et
807 3509 936 3602 quietis
956 3509 1095 3581 avidam
1118 3518 1218 3580 natu-

126 3648 230 3712 ram,
261 3629 327 3699 nisi
360 3639 539 3722 parantem
572 3630 680 3722 loqui,
714 3632 810 3702 velut
833 3642 957 3705 cuncta
987 3631 1215 3727 praesagiens,

141 3749 380 3840 praevenisset,
401 3762 436 3821 et
455 3751 490 3820 io
512 3754 664 3824 maxima
683 3752 1034 3846 frequentissimoque
1055 3752 1140 3824 urbe
1161 3774 1218 3824 so-

141 3867 322 3942 litudinem
340 3871 396 3942 ille
412 3873 496 3942 mihi
510 3874 545 3942 io
563 3874 682 3966 primis
694 3883 731 3944 et
747 3875 853 3947 otium
869 3875 1093 3968 promisisset,
1113 3886 1217 3966 atque

142 3988 321 4077 hactenus
342 4003 509 4084 quantum
530 3992 566 4062 io
586 4014 629 4063 eo
646 4004 710 4078 est,
725 3996 897 4089 promissa
911 4004 1104 4088 praestaret.
1119 3996 1216 4067 Cessi

141 4112 249 4203 igitur
269 4114 334 4184 hac
355 4115 446 4205 lege,
470 4125 508 4185 ut
528 4114 572 4186 de
595 4114 666 4183 vita
687 4114 786 4195 nihil,
808 4114 854 4185 de
872 4113 1068 4186 habitaculo
1088 4116 1218 4208 aliquid
1273 4174 1278 4184 .

140 4231 359 4304 immutatum
378 4235 431 4316 sit,
451 4235 555 4326 idque
572 4255 642 4304 non
658 4233 816 4327 amplius,
838 4256 941 4326 quam
959 4246 1127 4328 quantum
1142 4235 1216 4306 lieri

140 4361 255 4443 potest
274 4355 380 4425 illaese
402 4354 568 4439 libertate,
588 4356 689 4425 salvo
708 4357 786 4440 otio,
805 4358 900 4449 quod
919 4356 1023 4451 quam
1037 4359 1106 4430 ‘diu
1124 4361 1217 4429 lutu-

142 4493 217 4543 rum
240 4474 285 4544 sit
304 4475 432 4565 ignoro.
453 4473 611 4566 Augurio
628 4475 736 4548 breve
755 4476 835 4559 erit,
859 4479 889 4550 si
910 4501 1003 4562 eum,
1032 4483 1061 4553 si
1090 4502 1157 4560 me,
1186 4481 1214 4548 si
