2738 5062
338 717 430 765 srnnn
450 714 920 765 concensemus-smmum
943 715 1027 763 xrrrr.
1164 702 1220 764 obl
1316 736 1324 747 -

143 862 288 940 illorum,
310 857 385 950 qui,
414 866 451 928 ul
480 856 528 928 ait
553 858 753 929 Psalmista:
780 862 1007 946 copitooerunt
1034 857 1224 948 iniquitates

141 984 177 1049 ia
198 977 307 1062 corde,
331 988 396 1048 toto
415 975 467 1048 die
491 981 729 1051 constituebant
748 981 881 1074 proelio.
909 979 1018 1072 quue
1045 979 1222 1063 uidete,

140 1103 304 1197 quamvis
318 1103 353 1171 in
366 1101 474 1173 aciem
496 1123 565 1172 noo
582 1102 745 1196 prodeas,
761 1101 964 1197 perproprie
975 1101 1107 1175 dictum
1120 1103 1221 1183 scias,

143 1226 302 1317 sequitur
318 1246 385 1295 non
397 1223 494 1316 quod
511 1234 587 1295 erat
603 1225 780 1317 proprium
798 1224 1020 1308 bellatorum,
1035 1224 1225 1297 induerunt

142 1370 251 1432 arma,
279 1346 560 1419 conscenderunt
581 1366 706 1439 equos,
740 1345 947 1417 ordinarunt
977 1346 1133 1438 agmina,
1159 1345 1225 1419 sed

142 1470 249 1563 quid‘l
268 1478 430 1538 acuerunt
451 1469 600 1558 linquam
623 1490 719 1537 suom
742 1470 826 1538 sieut
851 1480 1035 1561 tepentem
1060 1477 1225 1541 cenenum

143 1593 293 1687 aspidum
316 1591 375 1661 sad
405 1593 497 1661 labus
529 1612 651 1661 eorum.
686 1591 762 1662 llau
794 1590 893 1675 mihi,
927 1593 1052 1663 frater!
1088 1592 1225 1676 Quanto

144 1716 268 1787 melius
288 1725 490 1807 quantoque
509 1714 724 1808 professione
746 1722 805 1785 tua
824 1713 967 1806 dignius
987 1716 1052 1786 luit
1071 1716 1225 1806 linguam

144 1840 215 1909 Deo
239 1837 388 1909 dicatam
414 1834 613 1907 divinarum
648 1835 790 1909 laudum
823 1856 992 1930 occupare
1025 1837 1224 1930 pmconiis,

143 1980 248 2052 quam
267 1959 503 2031 delinimentis
521 1958 684 2044 anilibus,
698 1972 735 2031 et
750 1960 908 2032 ventosis
926 1960 1225 2035 adhortationibus

145 2082 366 2175 populorum,
384 2079 513 2171 quibus
533 2090 565 2150 te
582 2103 652 2153 non
669 2101 740 2152 uno
756 2091 817 2153 aut
833 2084 943 2153 altero
960 2092 998 2154 ut
1017 2085 1146 2166 eaeteri,
1161 2081 1226 2155 sed

144 2202 306 2274 omnibus
327 2203 482 2272 omnium
504 2201 643 2293 flagitiis
664 2204 883 2297 inquinasse,
905 2205 1131 2298 omniumque
1149 2205 1229 2297 qni-

145 2325 211 2395 bns
236 2323 416 2395 abundare
441 2325 572 2395 bellum
606 2328 695 2398 solet
720 2327 891 2421 particeps
917 2327 1140 2413 delictorum,
1163 2347 1229 2398 nec

146 2456 279 2520 tuntum
300 2447 474 2540 particeps
494 2446 610 2533 fieres
633 2449 696 2521 sed
716 2451 894 2543 magister.
922 2453 971 2521 lta
995 2474 1039 2521 ne
1063 2450 1122 2522 libi
1143 2471 1228 2519 cura

145 2569 683 2662 eonscientiaeposthabita,lama
695 2570 880 2641 dumtaxat
895 2571 1008 2642 inanis
1018 2569 1228 2660 eloquentiae

145 2697 231 2768 satis
251 2705 319 2777 est,
342 2703 379 2764 ut
399 2703 541 2787 propter
562 2693 653 2762 banc
676 2715 778 2762 unam
804 2693 882 2762 lons
906 2702 942 2762 et
966 2691 1173 2786 principium
1192 2704 1229 2763 el

145 2838 251 2888 causa
272 2817 398 2887 horum
423 2816 594 2885 malorum
620 2812 774 2884 omnium
800 2813 868 2884 dici
894 2815 1009 2884 velis?
1034 2813 1122 2885 Nam
1147 2815 1228 2906 quis

147 2943 215 3011 ulla
236 2950 340 3010 aetate
359 2938 489 3008 bellum
511 2936 577 3008 hoe
596 2948 657 3007 aul
679 2938 876 3008 meminerit
897 2947 958 3007 ant
979 2935 1145 3020 narrabit,
1167 2937 1229 3028 qui

146 3084 216 3133 non
237 3072 334 3132 tuum
356 3060 390 3130 in
412 3059 601 3152 primordio
621 3058 748 3131 flebilis
769 3059 926 3132 historia}
946 3081 1074 3131 nomen
1100 3062 1229 3155 ponat?

146 3185 232 3267 Quis
253 3182 343 3254 banc
363 3181 484 3277 pinget
504 3181 702 3265 historiam,
724 3202 805 3273 quae
826 3181 895 3252 iam
917 3204 978 3274 per
997 3183 1096 3253 aulas
1121 3181 1228 3274 porti-

147 3328 281 3398 cusque
302 3316 505 3396 magnatum
527 3304 621 3398 pingi
641 3305 775 3399 incipit,
798 3305 857 3399 qui
883 3327 953 3376 non
977 3317 1013 3377 et
1038 3305 1127 3377 inter
1147 3326 1229 3377 con·

148 3429 298 3500 siliarios
332 3439 368 3499 ct
400 3427 491 3500 inter
522 3429 618 3523 ipsos
651 3428 756 3499 'etiam
785 3427 969 3500 bellatores
1000 3440 1095 3501 tuam
1121 3427 1230 3521 fingat

148 3550 324 3640 effigiem?
360 3549 488 3622 Mirum
524 3570 670 3645 prorsus
706 3570 772 3622 nec
809 3572 961 3643 unquam
994 3552 1080 3622 alias
1112 3551 1229 3621 risum

150 3674 401 3767 spectaculum,
423 3675 512 3742 inter
533 3675 655 3764 galeas
673 3675 886 3770 clypeosque
906 3685 940 3745 et
962 3676 1131 3745 micantes
1156 3674 1230 3764 gla-

148 3796 225 3867 dios
243 3806 279 3865 ct
295 3798 362 3866 tela
382 3794 574 3877 trementia,
589 3819 769 3868 venenoso
786 3801 905 3869 asslatu
921 3801 1054 3869 animos
1073 3795 1229 3865 inficiens

150 3930 185 3986 et
205 3916 321 3987 verbis
343 3913 526 3984 intendens
546 3902 677 4009 bellum
703 3917 804 4006 nigra
825 3920 1021 3988 succinctus
1044 3927 1142 3988 vesle
1160 3919 1230 3988 lra-

150 4040 313 4108 tcroulus.
348 4035 467 4106 Gaude
501 4035 617 4125 igitur,
652 4041 771 4108 exulta
803 4040 864 4129 qui
896 4061 917 4109 c
948 4038 1058 4109 tribus
1088 4040 1230 4111 Catonis

150 4160 267 4251 magni
289 4170 323 4230 et
344 4180 363 4228 e
384 4155 554 4249 Scipionis
577 4157 751 4228 AEmiliani
774 4157 934 4229 laudibus
955 4172 1164 4233 consecutus
1188 4183 1230 4233 es

152 4284 252 4366 duaS,
272 4292 312 4353 ut
331 4280 461 4352 scilicet
485 4289 521 4350 et
547 4280 733 4374 imperator
759 4280 822 4361 εἰς,
853 4291 898 4352 ol·
915 4291 1032 4352 orator
1059 4285 1228 4375 optimuS,

153 4406 279 4498 quippo
303 4404 363 4497 qui
383 4401 575 4474 exercitum
602 4412 689 4473 nutu
714 4406 798 4485 solo,
822 4404 987 4497 populum
1010 4426 1095 4476 voce
1116 4424 1229 4494 regas.
1262 4433 1271 4445 ·

156 4527 291 4617 Neque
317 4537 432 4600 alutem
453 4526 487 4595 in
521 4547 558 4597 rc
592 4525 737 4599 summis
763 4524 830 4596 illis
857 4525 942 4596 viris
968 4527 1082 4609 cedas,
1109 4547 1229 4598 eorum
