2738 5062
349 730 440 777 umun
462 730 956 786 oururusnuornus.-arrsrour
980 733 1018 779 u.
1164 719 1219 781 ιιι

142 887 250 947 mum,
273 865 302 933 si
325 885 362 933 se
380 864 464 936 vetit
481 864 614 947 ulcisci,
636 885 702 935 non
721 866 859 957 impune
880 867 1014 936 tentari.
1035 867 1092 936 ille
1107 876 1220 942 autem

142 989 256 1058 mallet
279 994 315 1057 ut
336 986 483 1058 arbitror
505 1007 572 1057 non
592 987 757 1079 coepisse;
785 986 848 1056 sod
870 989 1046 1079 praeterita
1067 1010 1128 1081 per
1148 1011 1222 1082 pm-

140 1107 318 1180 nitentiam
339 1130 408 1179 non
428 1117 618 1179 mutantur:
640 1107 766 1178 cedere
783 1118 899 1179 autem
919 1109 1036 1202 pudet,
1059 1111 1222 1204 pigetque

140 1232 358 1303 contendere.
381 1233 500 1324 Itaque
520 1230 690 1324 trepidum
717 1240 822 1324 atque
848 1232 1030 1304 sollicitum
1055 1235 1150 1305 ilium
1172 1235 1223 1303 vi·

139 1355 236 1426 deas.
251 1355 338 1440 Quia
357 1354 448 1425 onim
463 1353 625 1448 loquendi
640 1357 779 1427 nescius
793 1365 860 1439 est,
876 1357 1034 1428 circumit
1046 1356 1222 1428 civitatem

139 1478 317 1550 dictatoris
338 1476 449 1573 plebei
477 1477 664 1568 precariam
691 1498 792 1569 opem
819 1497 992 1570 quaerens.
1015 1479 1100 1549 Nam
1126 1477 1222 1570 qnod

141 1622 253 1694 nuper
273 1599 389 1683 didici,
412 1600 558 1691 epistola
581 1598 636 1669 iila
662 1620 766 1692 quam
794 1599 928 1685 vidisti,
951 1614 985 1672 et
1012 1601 1046 1670 in
1072 1623 1141 1694 qna
1166 1600 1223 1673 ille

141 1743 196 1792 me
234 1722 384 1814 primum
423 1720 735 1813 impudentissimis
768 1721 888 1793 verbis
922 1745 1112 1816 aggressus
1150 1735 1220 1808 est,

141 1828 376 1916 nesciocuius
399 1843 549 1916 montani
571 1840 713 1913 artificis
735 1865 823 1938 opus
849 1855 914 1916 est.
937 1845 1105 1917 Misereor
1130 1848 1224 1917 insa·

141 1968 219 2039 niae.
247 1967 348 2059 Saepe
380 1964 500 2046 etiam,
535 1966 657 2049 fateor,
696 1965 729 2034 in
762 1965 914 2038 animum
953 1967 1046 2039 venit
1079 1967 1223 2039 amicius

141 2097 258 2181 agere,
281 2098 316 2159 et
336 2087 479 2159 omissis
500 2087 622 2178 iurgiis
642 2089 826 2160 ostendere
848 2089 943 2160 iilum
971 2089 1051 2161 sibi:
1073 2089 1166 2182 quod
1193 2088 1223 2161 si

143 2232 298 2304 possem,
314 2211 417 2282 simul
438 2209 655 2281 insolentiam
675 2209 825 2281 bominis
842 2212 1144 2306 compressissem3
1161 2212 1223 2284 sed

142 2331 381 2403 difficillimum
400 2341 456 2402 est
476 2351 603 2402 novam
625 2330 816 2403 doctrinam
837 2332 963 2406 durato
981 2335 1110 2426 pectori
1131 2335 1225 2406 inse-

143 2478 230 2526 rere.
252 2456 353 2526 Prius
373 2454 535 2548 equidem
556 2454 791 2528 dediscendus
805 2467 860 2528 est
877 2479 987 2541 error,
1003 2466 1041 2529 ut
1059 2457 1092 2529 in
1109 2460 1224 2530 animo
1304 2510 1307 2516 ,

143 2588 308 2671 occupato
329 2578 469 2649 tandem
490 2597 575 2650 vero
595 2581 691 2652 locus
714 2578 782 2652 fiat.
805 2580 924 2673 Itaque
950 2558 1143 2675 desperans
1162 2582 1225 2654 de-

143 2700 224 2772 stiti.
247 2701 493 2792 ignoraveram
514 2701 664 2796 primum
686 2724 756 2795 quo
777 2702 859 2772 mihi
878 2724 956 2773 cunr
975 2701 1076 2773 hoste
1096 2701 1224 2774 bertum

141 2833 252 2905 esset,
274 2831 310 2893 et
336 2823 434 2894 velut
465 2822 500 2892 in
533 2823 684 2894 tenebris
708 2845 896 2915 percussus
929 2845 949 2893 a
981 2825 1076 2906 Niso,
1107 2824 1224 2896 stricto

142 2946 275 3017 calamo
294 2945 329 3014 in
350 2945 529 3015 Euriatum
551 2948 601 3014 irc
623 2953 777 3036 poteram
806 2945 981 3037 ignorans.
1004 2943 1226 3016 Vaticinabar

144 3079 272 3150 tamen,
287 3088 351 3138 nec
371 3066 515 3138 satiabar
532 3066 693 3159 augurio,
717 3066 809 3137 unde
831 3066 865 3137 in·
884 3088 939 3137 me
957 3068 1012 3137 ilia
1034 3065 1222 3140 verborum

144 3189 254 3260 iacula
287 3190 522 3270 mitterentur;
556 3190 697 3261 demum
732 3188 909 3283 patefactis
944 3190 1077 3261 insidiis
1106 3212 1222 3261 coram

142 3309 215 3382 vidi
236 3310 325 3382 male
345 3309 555 3391 dissimulati
583 3309 693 3381 bostis
719 3310 883 3400 effigiem,
906 3320 942 3380 et
962 3310 1147 3401 diiigenter
1172 3312 1224 3380 in-

143 3429 302 3523 spiciens
326 3432 425 3524 signa
445 3432 607 3526 qnaedam
630 3431 814 3524 pertinacis
834 3439 940 3524 atque
956 3431 1224 3529 arrogantis-in-

143 3553 313 3646 scitiaein
339 3556 441 3627 vultu
466 3553 615 3625 hominis
649 3554 728 3644 legi.
763 3553 835 3624 lam
860 3575 967 3626 nosse
992 3554 1076 3625 mihi
1104 3553 1224 3628 videor

144 3677 228 3750 ittud
260 3678 412 3748 ferreum
445 3688 561 3773 capnt,
595 3687 631 3748 et
665 3677 736 3748 scio
774 3677 946 3769 quosdam
981 3680 1090 3749 multo
1122 3678 1224 3749 citius

143 3802 254 3894 frangi
276 3822 381 3894 posse
401 3823 505 3895 quam
527 3803 627 3875 flecti.
650 3802 786 3894 Linquo
806 3802 912 3895 igitur
933 3803 1027 3872 iilum
1046 3800 1122 3872 sibi.
1149 3803 1225 3893 Ego

144 3944 258 3995 meum
285 3945 418 3995 morem
446 3925 597 3997 servabo
623 3947 666 3997 ne
692 3923 777 4017 quid
802 3933 934 3995 temere
960 3925 1143 4003 affirmem3
1169 3921 1225 3993 iile

144 4066 261 4130 suom,
286 4058 323 4117 ut
343 4048 468 4139 cupide
485 4047 600 4137 'litiget
632 4058 668 4117 et
701 4045 848 4117 fidenter
873 4047 918 4117 de
939 4046 1066 4136 ignotis
1087 4045 1224 4116 iudicet.

143 4169 235 4252 Quid
256 4169 310 4241 vis
331 4170 445 4240 enim‘?
464 4169 517 4238 An
544 4168 638 4239 aliud
666 4166 866 4238 temeritatis
888 4175 1130 4257 argumentum
1152 4168 1226 4238 oxi-

143 4288 223 4382 gis‘?
243 4291 372 4383 Scripsi
393 4290 453 4360 tibi
474 4312 587 4384 nuper
607 4289 803 4382 epistolam,
832 4301 867 4360 et
891 4288 1056 4381 exigente
1083 4289 1226 4360 materia

145 4412 179 4482 iu
201 4411 270 4484 fine
289 4413 379 4484 dixi:
401 4432 559 4501 magnam
585 4422 632 4479 est
656 4413 692 4479 ia
714 4408 786 4480 aedo
808 4409 914 4493 Petri,
937 4432 1093 4503 magorum
1119 4421 1164 4478 est
1190 4412 1225 4477 in

117 4612 120 4616 ,
144 4537 224 4603 sotio
244 4535 385 4605 Censoris
405 4531 523 4602 sedere.
547 4531 607 4603 Hic
628 4530 684 4602 iiie
704 4553 783 4620 cum
810 4531 876 4604 sibi
901 4531 1083 4624 epistotam
1109 4543 1226 4600 osten-
