2738 5062
366 649 459 701 smne
480 647 946 701 uouususcruus-srrsronr
966 651 1009 701 ur.
1165 639 1224 702 519

148 789 249 863 ntitas
268 797 478 868 accesserat,
497 796 533 857 et
552 782 704 856 solitudo
724 783 880 867 horrida,
901 787 1039 879 qualem
1058 807 1129 858 non
1148 787 1225 858 lllu·

147 915 198 985 sis
218 922 254 984 et
269 909 429 1002 Apollini,
444 908 507 982 scd
523 907 625 979 Marti
644 907 832 980 convenire
848 906 985 980 diceres
1001 930 1043 981 ae
1059 910 1222 982 Bellonae.

145 1036 273 1106 Stratm
285 1031 416 1123 passim
429 1029 565 1113 domus,
580 1030 753 1103 habitator
765 1034 898 1116 nullus,
913 1033 1121 1124 lumosaque
1133 1042 1225 1104 tecta

146 1158 307 1228 villarum
328 1163 363 1225 et
381 1151 529 1224 dumosa
555 1152 709 1236 novalia,
729 1164 766 1225 et
784 1152 866 1223 hinc
886 1155 980 1224 illinc
999 1165 1222 1246 erumpentes

144 1300 166 1349 e
185 1274 329 1348 latebris
348 1275 488 1359 armati,
508 1297 722 1367 quamquam
742 1276 818 1347 sine
842 1298 952 1359 noxa,
974 1287 1014 1347 ul
1032 1278 1093 1369 qui
1111 1277 1224 1348 nostri

144 1411 285 1482 essent,
319 1419 390 1469 non
421 1407 537 1468 tamen
570 1398 647 1469 sine
678 1398 823 1471 horrore
850 1397 1003 1490 quodam
1036 1398 1223 1490 praesentis

144 1521 261 1595 adhuc
285 1516 366 1590 belli
397 1518 547 1608 vestigia
572 1516 815 1610 praeferebant.
836 1517 905 1590 Sed
926 1519 1037 1590 veteri
1056 1519 1126 1589 late
1145 1540 1224 1590 meo

144 1662 223 1715 mos
248 1639 425 1733 gerendus
458 1640 536 1721 luit,
570 1641 730 1732 interque
749 1639 970 1712 difficultates
1002 1651 1038 1712 et
1068 1641 1223 1732 pericula

143 1761 386 1837 incedendum.
412 1759 608 1832 Mediolano
639 1770 756 1832 autem
781 1761 964 1854 digressus
985 1771 1109 1869 quarta
1130 1764 1220 1844 luce,

145 1887 218 1958 imo
234 1906 322 1958 vero
338 1883 473 1976 quartis
494 1905 557 1955 seu
576 1894 669 1955 certe
685 1886 858 1956 continuis
878 1883 1032 1957 tenebris
1044 1885 1222 1956 Mantuam

144 2007 242 2092 veni,
264 2007 326 2079 ubi
344 2005 389 2077 eh
409 2006 468 2076 illo
486 2017 686 2077 nostrorum
700 2006 879 2078 Caesarum
900 2026 1107 2079 successore
1125 2009 1224 2098 plus·

146 2152 268 2223 quam.
283 2128 512 2200 familiaritate
543 2148 700 2199 caesarea
732 2141 768 2200 et
791 2130 977 2221 plusquam
1001 2128 1225 2224 imperatoria

144 2252 284 2323 lenitate
309 2259 497 2341 susceptus
518 2271 608 2323 sum.
622 2251 667 2320 Et
686 2260 724 2321 ut
742 2251 941 2322 communia
960 2251 1224 2342 praetermittam

143 2370 331 2464 aliquando
352 2372 416 2441 soli
436 2369 541 2443 ambo
558 2370 603 2443 ah
620 2373 716 2444 initio
735 2371 858 2464 primae
873 2373 958 2443 lacis
978 2371 1023 2443 ad
1043 2375 1157 2446 noctis
1177 2373 1225 2444 si·

144 2493 287 2565 lentium
314 2493 533 2584 intempeste
552 2493 782 2587 colloquendo
805 2506 841 2566 et
865 2493 1120 2566 confabulando
1143 2517 1224 2586 per-

143 2614 316 2686 venimus.
338 2612 375 2683 ln
398 2634 536 2685 summa
555 2613 641 2684 nihil
653 2613 746 2684 illius
758 2613 925 2705 principis
944 2614 1127 2684 maiestate
1140 2634 1223 2684 sua·
1319 2651 1321 2655 ·

144 2734 241 2817 vius,
272 2734 359 2805 nihil
390 2734 586 2806 humanius.
622 2737 695 2806 Hoc
727 2756 835 2805 unum
865 2734 963 2805 scito.
997 2735 1046 2804 De
1079 2734 1222 2826 reliquis

144 2854 323 2948 quoniam,
345 2866 384 2926 ut
404 2838 452 2927 ait
471 2856 663 2950 Satyrione,

423 3045 526 3107 Fronti
541 3044 621 3107 nulla
639 3044 713 3108 ssdes
730 3054 790 3121 cst,

142 3223 296 3296 nondum
330 3223 512 3293 diffinitive
550 3225 746 3315 pronuntio.
786 3222 1076 3318 Expectabimus:
1109 3245 1220 3315 quan-

143 3356 270 3438 tusque
291 3345 336 3415 sit
356 3345 476 3415 Caesar
496 3365 565 3415 uon
583 3344 704 3430 verba,
723 3368 793 3417 non
811 3348 963 3430 vultum,
985 3370 1030 3418 ne
1049 3348 1218 3433 fallamur,

142 3468 206 3540 sed
225 3478 325 3539 actus
345 3464 496 3536 hominis
517 3476 622 3559 atque
641 3469 773 3538 exitum
788 3471 1023 3553 consulemus,
1037 3470 1132 3561 quod
1144 3471 1220 3562 ipse

143 3588 298 3661 sibinen
319 3587 423 3660 tacui.
457 3589 544 3658 Dum
577 3589 670 3659 enim
696 3591 740 3662 ad
765 3590 801 3662 id
827 3593 914 3664 lorte
947 3614 1083 3664 meeum
1103 3614 1221 3665 sermo

141 3731 318 3784 caesareus
338 3709 594 3796 descendisset,
610 3724 650 3784 ut
660 3715 776 3807 aliqua
796 3714 863 3787 sibi
874 3715 920 3787 de
933 3718 1111 3810 opusculis
1132 3718 1219 3788 meis

140 3846 362 3927 exposceret,
384 3844 489 3925 atque
510 3834 544 3903 iu
565 3835 686 3924 primis
716 3835 843 3907 librum
870 3838 926 3907 cui
946 3836 996 3905 De
1028 3838 1113 3906 Vir-rs
1140 3839 1215 3906 illu-

140 3957 260 4026 stribus
287 3977 415 4026 nomen
445 3953 541 4036 dedi,
569 3956 664 4024 illum
691 3956 905 4047 inexpletum
927 3976 1008 4027 esse
1032 3954 1216 4048 respondi,

139 4087 176 4148 ct
201 4078 367 4169 temporis
391 4087 497 4168 atque
521 4077 581 4147 otii
606 4086 783 4167 egentem:
810 4076 965 4168 dumque
998 4078 1056 4148 ille
1088 4080 1218 4169 pacisci

139 4200 246 4271 vellet
262 4201 297 4270 in
313 4211 508 4291 postorum,
527 4199 664 4270 occurri
681 4197 839 4269 libertate
859 4198 917 4268 illa
937 4219 1029 4284 mea,
1051 4220 1120 4291 qua
1137 4222 1216 4271 cum

138 4320 330 4393 maioribus
357 4321 468 4411 magis
494 4322 543 4390 uti
569 4320 785 4413 propositum
806 4328 872 4403 est,
898 4339 1005 4411 quam
1029 4321 1115 4391 milri
1139 4322 1217 4411 qui-

139 4438 219 4514 dem
240 4443 385 4516 contulit
404 4452 540 4525 natura,
554 4443 654 4514 auxit
669 4462 756 4512 vero
772 4439 887 4511 vicina
908 4440 976 4511 iam
995 4453 1165 4522 senectus,
1181 4441 1214 4508 in
