2738 5062
188 702 247 765 524
524 714 565 761 nn
587 712 687 762 nunus
709 709 932 760 rnuuruurous

186 854 238 923 fer
258 849 362 921 modo
383 849 534 940 singula,
553 856 588 918 et
608 857 741 919 armato
764 845 861 916 militi
881 845 1041 916 vittatam
1062 864 1204 928 navem,
1230 852 1267 914 ct

188 991 353 1043 caesareae
374 971 505 1040 lenitati
521 968 675 1065 Dionysii
691 966 894 1061 quadrigas,
914 979 1089 1060 postremo
1107 966 1266 1038 Romano

188 1091 333 1185 principi
353 1091 505 1161 Siculum
526 1102 724 1185 tyranuum3
749 1087 854 1161 credo
877 1086 1040 1160 fateberis
1061 1086 1185 1157 marito
1207 1108 1266 1156 ma

188 1214 361 1284 Platonem
385 1214 581 1306 praeccllorc
604 1213 751 1282 fortuna.
773 1211 842 1281 Sed
863 1211 929 1281 iam
953 1209 1038 1281 satis
1064 1209 1185 1299 gloriae
1214 1210 1267 1278 lu-

189 1333 304 1405 dendo
325 1342 517 1426 captamus,
539 1331 632 1426 quod
657 1314 769 1424 ipsum
799 1332 946 1403 levitatis
967 1330 1052 1401 vitio
1073 1352 1142 1400 non
1168 1350 1267 1399 care-

190 1468 255 1537 ret,
272 1454 338 1524 uisi
356 1455 402 1525 ita
419 1465 532 1525 tecum
546 1455 714 1545 loquerer,
734 1463 773 1523 ut
790 1474 937 1523 mecum.
956 1451 1145 1545 Epistulam
1159 1469 1266 1542 quam

190 1576 234 1648 ad
255 1576 427 1647 Caesarem
445 1576 558 1669 ipsum
584 1575 653 1644 tuis
674 1572 793 1645 medo
813 1571 918 1644 robus
939 1570 1091 1643 scribcrc
1112 1568 1265 1653 voluisti,

189 1718 259 1791 qua
282 1696 465 1768 comitatus
490 1697 585 1766 illum
610 1693 776 1766 fidentius
801 1702 906 1787 atquc
927 1690 1128 1764 familiarius
1148 1690 1265 1775 adeas,

189 1837 268 1888 cum
303 1817 367 1887 hac
400 1818 503 1889 simul
527 1818 688 1910 accipies.
714 1818 868 1909 Utraque
895 1814 956 1885 tihi
980 1813 1072 1884 Pisis
1097 1821 1265 1898 occurrat,

191 1937 250 2009 uhi
267 1950 305 2009 tu
321 1960 533 2010 occursurus
548 1960 589 2010 es
605 1938 762 2033 principi.
780 1940 841 2011 llla
858 1937 997 2032 quidem
1018 1945 1055 2007 ut
1072 1957 1185 2031 spero,
1203 1936 1269 2009 sed

190 2062 299 2130 multo
318 2062 478 2131 maxima·
493 2071 552 2133 tua
571 2061 684 2135 virtus
704 2073 740 2134 ot
755 2070 954 2133 nostrorum
971 2059 1133 2132 herorum
1152 2080 1269 2131 recor-

190 2180 293 2265 datio,
315 2201 507 2254 caesarcum
528 2182 589 2255 tibi
609 2182 714 2254 limen
735 2183 878 2278 aperiat.
900 2182 997 2252 Vale.

610 2663 788 2729 EPlSTOLll
808 2664 853 2727 lll.

246 2868 441 2918 uunuctscus
462 2862 631 2918 PETRARCA
651 2839 777 2917 canoto
798 2868 839 2916 IV.
860 2866 1056 2916 lMPEliA'l'Olil
1076 2866 1221 2917 AUGUSTO

670 2972 696 3020 S.
716 2972 745 3019 P.
768 2973 797 3020 D.

455 3149 638 3205 Commendat
650 3148 766 3203 Laelium
781 3147 900 3202 amicum
915 3163 1008 3202 suum.

291 3406 380 3478 Vidc
400 3415 569 3498 quantum
596 3409 678 3480 mihi
705 3410 791 3504 spei,
814 3419 1029 3503 quantumve
1058 3408 1161 3480 animi
1178 3426 1269 3499 prae-

196 3535 266 3597 stat
290 3526 487 3633 humanitas
510 3539 577 3613 tua,
604 3530 734 3613 Caesar,
763 3538 892 3601 utnon
918 3550 974 3599 me
999 3538 1146 3613 tantum,
1174 3527 1268 3621 quod

194 3648 259 3718 ioci
280 3668 418 3738 sempor
443 3661 478 3719 et
505 3650 605 3732 iacio,
632 3662 667 3722 et
687 3651 769 3722 dum
791 3650 992 3722 taciturnior
1012 3670 1165 3744 appareo
1190 3658 1269 3720 tunc

195 3762 298 3832 altius
315 3763 440 3846 clamo,
456 3761 519 3832 sed
539 3763 624 3833 alios
640 3784 780 3854 quoque
797 3764 990 3834 clementias
1007 3771 1077 3833 tuae
1096 3782 1269 3835 commen·

195 3882 280 3958 dura
296 3882 427 3956 ausim:
447 3905 657 3976 quamquam
678 3884 707 3953 si
728 3906 811 3956 vera
830 3895 865 3957 ct
881 3885 1017 3977 proprie
1039 3885 1133 3977 loqui
1149 3883 1266 3966 velim,

195 4030 263 4079 non
285 4008 330 4079 sit
359 4010 460 4091 alter,
481 4028 586 4099 quem
608 4028 686 4077 mea
712 4005 772 4076 tibi
793 4029 885 4078 nuuc
901 4006 1042 4078 dovotio
1055 4027 1267 4077 recommen-

195 4128 265 4211 dat,
284 4129 350 4198 nisi
368 4132 498 4213 lorsau,
523 4138 561 4199 ut
581 4129 648 4201 dici
671 4131 769 4211 solet,
789 4130 875 4199 alter
892 4150 969 4219 ego.
991 4127 1053 4199 llic
1073 4128 1138 4211 vir,
1161 4146 1269 4199 orna-

195 4250 290 4321 ximc
307 4252 434 4337 Caesar,
449 4252 508 4346 qui
529 4253 574 4324 ad
594 4250 701 4344 pedes
723 4261 801 4324 tuos
818 4274 896 4322 cum
918 4249 1038 4322 litteris
1056 4250 1144 4320 mois
1166 4248 1268 4330 venit,

194 4392 359 4442 romanus
385 4383 440 4444 est
459 4374 561 4458 civis,
581 4382 616 4445 et
633 4373 802 4464 sanguina
825 4372 949 4445 nobilis
969 4381 1006 4443 ct
1025 4373 1153 4444 virtuto
1171 4366 1269 4439 uobi-

144 4488 151 4498 ‘
195 4491 274 4577 lior,
295 4491 394 4565 cuius
418 4494 456 4564 in
475 4494 637 4567 laudibus
657 4497 788 4568 multus
808 4516 938 4580 assam3
959 4516 1040 4567 nant
1070 4493 1214 4590 copiosa
1236 4501 1271 4563 et
