<?xml version="1.0" encoding="UTF-8"?>
<!DOCTYPE html PUBLIC "-//W3C//DTD XHTML 1.0 Transitional//EN"
    "http://www.w3.org/TR/xhtml1/DTD/xhtml1-transitional.dtd">
<html xmlns="http://www.w3.org/1999/xhtml" xml:lang="en" lang="en">
 <head>
  <title>
</title>
<meta http-equiv="Content-Type" content="text/html;charset=utf-8" />
  <meta name='ocr-system' content='tesseract 3.04.00' />
  <meta name='ocr-capabilities' content='ocr_page ocr_carea ocr_par ocr_line ocrx_word'/>
</head>
<body>
  <div class='ocr_page' id='page_1' title='image "./epistolaederebu02fracgoog_0037.png"; bbox 0 0 2738 5062; ppageno 0'>
   <div class='ocr_carea' id='block_1_1' title="bbox 141 620 878 684">
    <p class='ocr_par' dir='ltr' id='par_1_1' title="bbox 141 620 878 684">
     <span class='ocr_line' id='line_1_1' title="bbox 141 620 878 684; baseline -0.001 -3"><span class='ocrx_word' id='word_1_1' title='bbox 141 620 179 684; x_wconf 69' lang='lat'><strong>28</strong></span> <span class='ocrx_word' id='word_1_2' title='bbox 476 634 518 683; x_wconf 82' lang='lat' dir='ltr'><strong>DE</strong></span> <span class='ocrx_word' id='word_1_3' title='bbox 538 632 638 683; x_wconf 80' lang='lat' dir='ltr'>REBUS</span> <span class='ocrx_word' id='word_1_4' title='bbox 658 630 878 682; x_wconf 70' lang='lat' dir='ltr'><strong>flumininibus</strong></span> 
     </span>
    </p>
   </div>
   <div class='ocr_carea' id='block_1_2' title="bbox 78 772 1214 1105">
    <p class='ocr_par' dir='ltr' id='par_1_2' title="bbox 78 772 1214 1105">
     <span class='ocr_line' id='line_1_2' title="bbox 78 772 1209 870; baseline 0.001 -24"><span class='ocrx_word' id='word_1_5' title='bbox 78 820 83 828; x_wconf 83' lang='lat'>-</span> <span class='ocrx_word' id='word_1_6' title='bbox 140 775 315 870; x_wconf 84' lang='lat' dir='ltr'>prodesse,</span> <span class='ocrx_word' id='word_1_7' title='bbox 343 778 374 848; x_wconf 89' lang='lat' dir='ltr'><strong>si</strong></span> <span class='ocrx_word' id='word_1_8' title='bbox 393 775 535 869; x_wconf 90' lang='lat' dir='ltr'><strong>possim.</strong></span> <span class='ocrx_word' id='word_1_9' title='bbox 563 776 619 848; x_wconf 88' lang='lat' dir='ltr'><strong>Sic</strong></span> <span class='ocrx_word' id='word_1_10' title='bbox 643 775 802 846; x_wconf 86' lang='lat' dir='ltr'><strong>affectum</strong></span> <span class='ocrx_word' id='word_1_11' title='bbox 828 772 996 866; x_wconf 87' lang='lat' dir='ltr'><strong>suspicari</strong></span> <span class='ocrx_word' id='word_1_12' title='bbox 1020 793 1117 844; x_wconf 91' lang='lat' dir='ltr'><strong>error</strong></span> <span class='ocrx_word' id='word_1_13' title='bbox 1141 784 1209 860; x_wconf 87' lang='lat' dir='ltr'><strong>est,</strong></span> 
     </span>
     <span class='ocr_line' id='line_1_3' title="bbox 141 894 1210 987; baseline -0.001 -18"><span class='ocrx_word' id='word_1_14' title='bbox 141 896 259 969; x_wconf 90' lang='lat' dir='ltr'><strong>odisse</strong></span> <span class='ocrx_word' id='word_1_15' title='bbox 291 897 487 969; x_wconf 89' lang='lat' dir='ltr'><strong>crudelitas.</strong></span> <span class='ocrx_word' id='word_1_16' title='bbox 518 897 592 987; x_wconf 88' lang='lat' dir='ltr'><strong>Ego</strong></span> <span class='ocrx_word' id='word_1_17' title='bbox 618 917 702 967; x_wconf 90' lang='lat' dir='ltr'><strong>vero</strong></span> <span class='ocrx_word' id='word_1_18' title='bbox 726 918 773 967; x_wconf 83' lang='lat' dir='ltr'><strong>ex</strong></span> <span class='ocrx_word' id='word_1_19' title='bbox 798 904 831 966; x_wconf 92' lang='lat' dir='ltr'><strong>te</strong></span> <span class='ocrx_word' id='word_1_20' title='bbox 856 894 973 966; x_wconf 90' lang='lat' dir='ltr'><strong>odium</strong></span> <span class='ocrx_word' id='word_1_21' title='bbox 998 915 1068 964; x_wconf 91' lang='lat' dir='ltr'><strong>non</strong></span> <span class='ocrx_word' id='word_1_22' title='bbox 1094 894 1210 982; x_wconf 83' lang='lat' dir='ltr'><strong>timeo,</strong></span> 
     </span>
     <span class='ocr_line' id='line_1_4' title="bbox 141 1010 1214 1105; baseline 0.002 -23"><span class='ocrx_word' id='word_1_23' title='bbox 141 1013 245 1084; x_wconf 88' lang='lat' dir='ltr'><strong>modo</strong></span> <span class='ocrx_word' id='word_1_24' title='bbox 266 1012 417 1104; x_wconf 89' lang='lat' dir='ltr'><strong>suspicio</strong></span> <span class='ocrx_word' id='word_1_25' title='bbox 441 1022 635 1083; x_wconf 81' lang='lat' dir='ltr'><strong>evanescat.</strong></span> <span class='ocrx_word' id='word_1_26' title='bbox 669 1011 763 1082; x_wconf 92' lang='lat' dir='ltr'><strong>lllam</strong></span> <span class='ocrx_word' id='word_1_27' title='bbox 795 1010 914 1096; x_wconf 80' lang='lat' dir='ltr'><strong>abdce,</strong></span> <span class='ocrx_word' id='word_1_28' title='bbox 950 1032 1013 1105; x_wconf 94' lang='lat' dir='ltr'><strong>per</strong></span> <span class='ocrx_word' id='word_1_29' title='bbox 1032 1032 1153 1082; x_wconf 90' lang='lat' dir='ltr'><strong>omnes</strong></span> <span class='ocrx_word' id='word_1_30' title='bbox 1179 1021 1214 1084; x_wconf 88' lang='lat' dir='ltr'><strong>te</strong></span> 
     </span>
    </p>
   </div>
   <div class='ocr_carea' id='block_1_3' title="bbox 141 1132 1217 2580">
    <p class='ocr_par' dir='ltr' id='par_1_3' title="bbox 141 1132 1217 2580">
     <span class='ocr_line' id='line_1_5' title="bbox 141 1132 1211 1230; baseline -0.002 -24"><span class='ocrx_word' id='word_1_31' title='bbox 141 1135 313 1208; x_wconf 89' lang='lat' dir='ltr'><strong>coelicolas</strong></span> <span class='ocrx_word' id='word_1_32' title='bbox 326 1134 600 1230; x_wconf 79' lang='lat' dir='ltr'><strong>precorzpondus</strong></span> <span class='ocrx_word' id='word_1_33' title='bbox 610 1132 794 1204; x_wconf 81' lang='lat' dir='ltr'><strong>infaustum</strong></span> <span class='ocrx_word' id='word_1_34' title='bbox 807 1133 1053 1226; x_wconf 83' lang='lat' dir='ltr'><strong>pestilensque.</strong></span> <span class='ocrx_word' id='word_1_35' title='bbox 1066 1132 1211 1220; x_wconf 86' lang='lat' dir='ltr'><strong>Evolve,</strong></span> 
     </span>
     <span class='ocr_line' id='line_1_6' title="bbox 142 1255 1215 1349; baseline -0.003 -18"><span class='ocrx_word' id='word_1_36' title='bbox 142 1259 173 1331; x_wconf 91' lang='lat' dir='ltr'><strong>si</strong></span> <span class='ocrx_word' id='word_1_37' title='bbox 192 1267 303 1343; x_wconf 84' lang='lat' dir='ltr'><strong>vacat,</strong></span> <span class='ocrx_word' id='word_1_38' title='bbox 334 1258 495 1349; x_wconf 85' lang='lat' dir='ltr'><strong>exempla</strong></span> <span class='ocrx_word' id='word_1_39' title='bbox 520 1256 711 1326; x_wconf 86' lang='lat' dir='ltr'><strong>maiorum:</strong></span> <span class='ocrx_word' id='word_1_40' title='bbox 737 1255 872 1326; x_wconf 88' lang='lat' dir='ltr'><strong>videbis</strong></span> <span class='ocrx_word' id='word_1_41' title='bbox 897 1267 980 1348; x_wconf 91' lang='lat' dir='ltr'><strong>quot</strong></span> <span class='ocrx_word' id='word_1_42' title='bbox 1005 1264 1215 1349; x_wconf 66' lang='lat' dir='ltr'><strong>quantaque</strong></span> 
     </span>
     <span class='ocr_line' id='line_1_7' title="bbox 142 1376 1213 1473; baseline -0.001 -21"><span class='ocrx_word' id='word_1_43' title='bbox 142 1381 292 1452; x_wconf 84' lang='lat' dir='ltr'><strong>miseriae</strong></span> <span class='ocrx_word' id='word_1_44' title='bbox 316 1403 337 1450; x_wconf 93' lang='lat' dir='ltr'><strong>e</strong></span> <span class='ocrx_word' id='word_1_45' title='bbox 362 1378 618 1473; x_wconf 88' lang='lat' dir='ltr'><strong>suspicionibus</strong></span> <span class='ocrx_word' id='word_1_46' title='bbox 643 1386 730 1448; x_wconf 88' lang='lat' dir='ltr'><strong>ortae</strong></span> <span class='ocrx_word' id='word_1_47' title='bbox 756 1376 833 1449; x_wconf 89' lang='lat' dir='ltr'><strong>sint.</strong></span> <span class='ocrx_word' id='word_1_48' title='bbox 859 1376 936 1469; x_wconf 86' lang='lat' dir='ltr'><strong>Ego</strong></span> <span class='ocrx_word' id='word_1_49' title='bbox 960 1379 1052 1448; x_wconf 90' lang='lat' dir='ltr'><strong>enim</strong></span> <span class='ocrx_word' id='word_1_50' title='bbox 1077 1385 1213 1472; x_wconf 87' lang='lat' dir='ltr'><strong>tempus</strong></span> 
     </span>
     <span class='ocr_line' id='line_1_8' title="bbox 141 1497 1215 1593; baseline -0.003 -20"><span class='ocrx_word' id='word_1_51' title='bbox 141 1525 234 1574; x_wconf 92' lang='lat' dir='ltr'><strong>nunc</strong></span> <span class='ocrx_word' id='word_1_52' title='bbox 253 1502 298 1573; x_wconf 86' lang='lat' dir='ltr'><strong>ad</strong></span> <span class='ocrx_word' id='word_1_53' title='bbox 318 1501 385 1572; x_wconf 90' lang='lat' dir='ltr'><strong>ista</strong></span> <span class='ocrx_word' id='word_1_54' title='bbox 405 1523 473 1571; x_wconf 94' lang='lat' dir='ltr'><strong>non</strong></span> <span class='ocrx_word' id='word_1_55' title='bbox 497 1500 624 1571; x_wconf 88' lang='lat' dir='ltr'><strong>babeo:</strong></span> <span class='ocrx_word' id='word_1_56' title='bbox 650 1497 756 1570; x_wconf 85' lang='lat' dir='ltr'><strong>dicam</strong></span> <span class='ocrx_word' id='word_1_57' title='bbox 781 1509 945 1591; x_wconf 91' lang='lat' dir='ltr'><strong>quantum</strong></span> <span class='ocrx_word' id='word_1_58' title='bbox 971 1500 1066 1570; x_wconf 91' lang='lat' dir='ltr'><strong>nuda</strong></span> <span class='ocrx_word' id='word_1_59' title='bbox 1091 1499 1215 1593; x_wconf 91' lang='lat' dir='ltr'><strong>raptim</strong></span> 
     </span>
     <span class='ocr_line' id='line_1_9' title="bbox 144 1624 1213 1718; baseline -0.003 -22"><span class='ocrx_word' id='word_1_60' title='bbox 144 1626 218 1696; x_wconf 91' lang='lat' dir='ltr'><strong>sine</strong></span> <span class='ocrx_word' id='word_1_61' title='bbox 250 1625 348 1696; x_wconf 92' lang='lat' dir='ltr'><strong>libris</strong></span> <span class='ocrx_word' id='word_1_62' title='bbox 379 1634 538 1718; x_wconf 91' lang='lat' dir='ltr'><strong>suppetet</strong></span> <span class='ocrx_word' id='word_1_63' title='bbox 561 1624 725 1696; x_wconf 89' lang='lat' dir='ltr'><strong>memoria</strong></span> <span class='ocrx_word' id='word_1_64' title='bbox 749 1644 794 1694; x_wconf 92' lang='lat' dir='ltr'><strong>ne</strong></span> <span class='ocrx_word' id='word_1_65' title='bbox 819 1645 876 1694; x_wconf 91' lang='lat' dir='ltr'><strong>res</strong></span> <span class='ocrx_word' id='word_1_66' title='bbox 902 1632 1018 1694; x_wconf 89' lang='lat' dir='ltr'><strong>careat</strong></span> <span class='ocrx_word' id='word_1_67' title='bbox 1042 1624 1213 1715; x_wconf 85' lang='lat' dir='ltr'><strong>exemplo.</strong></span> 
     </span>
     <span class='ocr_line' id='line_1_10' title="bbox 142 1746 1216 1844; baseline 0 -28"><span class='ocrx_word' id='word_1_68' title='bbox 142 1748 360 1844; x_wconf 79' lang='lat' dir='ltr'><strong>Hippolytum</strong></span> <span class='ocrx_word' id='word_1_69' title='bbox 374 1748 606 1820; x_wconf 89' lang='lat' dir='ltr'><strong>castissimum</strong></span> <span class='ocrx_word' id='word_1_70' title='bbox 620 1749 873 1820; x_wconf 81' lang='lat' dir='ltr'><strong>adolescentem</strong></span> <span class='ocrx_word' id='word_1_71' title='bbox 887 1746 1040 1819; x_wconf 90' lang='lat' dir='ltr'><strong>incestus</strong></span> <span class='ocrx_word' id='word_1_72' title='bbox 1054 1747 1140 1816; x_wconf 89' lang='lat' dir='ltr'><strong>lalsa</strong></span> <span class='ocrx_word' id='word_1_73' title='bbox 1152 1766 1216 1816; x_wconf 92' lang='lat' dir='ltr'><strong>no-</strong></span> 
     </span>
     <span class='ocr_line' id='line_1_11' title="bbox 143 1866 1214 1964; baseline -0.002 -24"><span class='ocrx_word' id='word_1_74' title='bbox 143 1892 259 1942; x_wconf 81' lang='lat' dir='ltr'><strong>vercae</strong></span> <span class='ocrx_word' id='word_1_75' title='bbox 281 1871 453 1943; x_wconf 91' lang='lat' dir='ltr'><strong>delatione</strong></span> <span class='ocrx_word' id='word_1_76' title='bbox 479 1882 678 1964; x_wconf 89' lang='lat' dir='ltr'><strong>suspectum</strong></span> <span class='ocrx_word' id='word_1_77' title='bbox 704 1870 822 1941; x_wconf 77' lang='lat' dir='ltr'><strong>infelix</strong></span> <span class='ocrx_word' id='word_1_78' title='bbox 847 1878 945 1964; x_wconf 90' lang='lat' dir='ltr'><strong>pater</strong></span> <span class='ocrx_word' id='word_1_79' title='bbox 969 1866 1103 1940; x_wconf 91' lang='lat' dir='ltr'><strong>occidit.</strong></span> <span class='ocrx_word' id='word_1_80' title='bbox 1129 1869 1214 1938; x_wconf 91' lang='lat' dir='ltr'><strong>Pro-</strong></span> 
     </span>
     <span class='ocr_line' id='line_1_12' title="bbox 143 1991 1216 2086; baseline -0.002 -22"><span class='ocrx_word' id='word_1_81' title='bbox 143 1993 212 2064; x_wconf 87' lang='lat' dir='ltr'><strong>cris</strong></span> <span class='ocrx_word' id='word_1_82' title='bbox 231 2017 319 2065; x_wconf 84' lang='lat' dir='ltr'><strong>uxor</strong></span> <span class='ocrx_word' id='word_1_83' title='bbox 335 1995 571 2066; x_wconf 90' lang='lat' dir='ltr'><strong>amantissima</strong></span> <span class='ocrx_word' id='word_1_84' title='bbox 587 1993 687 2065; x_wconf 89' lang='lat' dir='ltr'><strong>vanis</strong></span> <span class='ocrx_word' id='word_1_85' title='bbox 706 1992 961 2086; x_wconf 88' lang='lat' dir='ltr'><strong>suspicionibus</strong></span> <span class='ocrx_word' id='word_1_86' title='bbox 973 1991 1019 2063; x_wconf 95' lang='lat' dir='ltr'><strong>ob</strong></span> <span class='ocrx_word' id='word_1_87' title='bbox 1031 2012 1216 2062; x_wconf 90' lang='lat' dir='ltr'><strong>accensum</strong></span> 
     </span>
     <span class='ocr_line' id='line_1_13' title="bbox 145 2111 1217 2188; baseline 0 -3"><span class='ocrx_word' id='word_1_88' title='bbox 145 2118 260 2186; x_wconf 89' lang='lat' dir='ltr'><strong>zelum</strong></span> <span class='ocrx_word' id='word_1_89' title='bbox 280 2115 379 2185; x_wconf 89' lang='lat' dir='ltr'><strong>inscii</strong></span> <span class='ocrx_word' id='word_1_90' title='bbox 399 2115 511 2185; x_wconf 90' lang='lat' dir='ltr'><strong>mariti</strong></span> <span class='ocrx_word' id='word_1_91' title='bbox 533 2117 608 2186; x_wconf 87' lang='lat' dir='ltr'><strong>telis</strong></span> <span class='ocrx_word' id='word_1_92' title='bbox 634 2114 803 2188; x_wconf 89' lang='lat' dir='ltr'><strong>occubuit.</strong></span> <span class='ocrx_word' id='word_1_93' title='bbox 830 2115 874 2184; x_wconf 84' lang='lat' dir='ltr'><strong>Et</strong></span> <span class='ocrx_word' id='word_1_94' title='bbox 899 2123 937 2184; x_wconf 92' lang='lat' dir='ltr'><strong>ut</strong></span> <span class='ocrx_word' id='word_1_95' title='bbox 962 2111 1152 2183; x_wconf 88' lang='lat' dir='ltr'><strong>recentiora</strong></span> <span class='ocrx_word' id='word_1_96' title='bbox 1176 2134 1217 2185; x_wconf 87' lang='lat' dir='ltr'><strong>ac</strong></span> 
     </span>
     <span class='ocr_line' id='line_1_14' title="bbox 144 2235 1217 2329; baseline -0.001 -20"><span class='ocrx_word' id='word_1_97' title='bbox 144 2238 291 2309; x_wconf 88' lang='lat' dir='ltr'><strong>certiora</strong></span> <span class='ocrx_word' id='word_1_98' title='bbox 323 2258 533 2321; x_wconf 84' lang='lat' dir='ltr'><strong>recenseam,</strong></span> <span class='ocrx_word' id='word_1_99' title='bbox 569 2238 791 2329; x_wconf 81' lang='lat' dir='ltr'><strong>Tarquinium</strong></span> <span class='ocrx_word' id='word_1_100' title='bbox 817 2237 1019 2309; x_wconf 90' lang='lat' dir='ltr'><strong>Collatinum</strong></span> <span class='ocrx_word' id='word_1_101' title='bbox 1051 2235 1217 2329; x_wconf 92' lang='lat' dir='ltr'><strong>optimum</strong></span> 
     </span>
     <span class='ocr_line' id='line_1_15' title="bbox 144 2360 1215 2453; baseline 0 -21"><span class='ocrx_word' id='word_1_102' title='bbox 144 2361 257 2432; x_wconf 89' lang='lat' dir='ltr'><strong>civem</strong></span> <span class='ocrx_word' id='word_1_103' title='bbox 277 2371 312 2431; x_wconf 88' lang='lat' dir='ltr'><strong>et</strong></span> <span class='ocrx_word' id='word_1_104' title='bbox 331 2371 620 2453; x_wconf 80' lang='lat' dir='ltr'><strong>propugnatorem</strong></span> <span class='ocrx_word' id='word_1_105' title='bbox 641 2364 820 2453; x_wconf 88' lang='lat' dir='ltr'><strong>egregium</strong></span> <span class='ocrx_word' id='word_1_106' title='bbox 845 2361 1011 2433; x_wconf 86' lang='lat' dir='ltr'><strong>libertatis</strong></span> <span class='ocrx_word' id='word_1_107' title='bbox 1036 2360 1082 2431; x_wconf 92' lang='lat' dir='ltr'><strong>ob</strong></span> <span class='ocrx_word' id='word_1_108' title='bbox 1107 2361 1215 2432; x_wconf 90' lang='lat' dir='ltr'><strong>solius</strong></span> 
     </span>
     <span class='ocr_line' id='line_1_16' title="bbox 145 2482 1217 2580; baseline 0 -26"><span class='ocrx_word' id='word_1_109' title='bbox 145 2483 292 2554; x_wconf 92' lang='lat' dir='ltr'><strong>nominis</strong></span> <span class='ocrx_word' id='word_1_110' title='bbox 311 2482 542 2580; x_wconf 84' lang='lat' dir='ltr'><strong>suspicionem</strong></span> <span class='ocrx_word' id='word_1_111' title='bbox 559 2484 770 2554; x_wconf 89' lang='lat' dir='ltr'><strong>levissimam</strong></span> <span class='ocrx_word' id='word_1_112' title='bbox 789 2484 891 2555; x_wconf 93' lang='lat' dir='ltr'><strong>modo</strong></span> <span class='ocrx_word' id='word_1_113' title='bbox 908 2483 1041 2555; x_wconf 88' lang='lat' dir='ltr'><strong>liberati</strong></span> <span class='ocrx_word' id='word_1_114' title='bbox 1063 2482 1159 2555; x_wconf 89' lang='lat' dir='ltr'><strong>cives</strong></span> <span class='ocrx_word' id='word_1_115' title='bbox 1183 2484 1217 2554; x_wconf 93' lang='lat' dir='ltr'><strong>in</strong></span> 
     </span>
    </p>
   </div>
   <div class='ocr_carea' id='block_1_4' title="bbox 144 2604 1218 3169">
    <p class='ocr_par' dir='ltr' id='par_1_4' title="bbox 144 2604 1218 3169">
     <span class='ocr_line' id='line_1_17' title="bbox 144 2604 1217 2699; baseline 0.002 -25"><span class='ocrx_word' id='word_1_116' title='bbox 144 2604 288 2675; x_wconf 81' lang='lat' dir='ltr'><strong>exilium</strong></span> <span class='ocrx_word' id='word_1_117' title='bbox 310 2608 481 2699; x_wconf 88' lang='lat' dir='ltr'><strong>pepulere.</strong></span> <span class='ocrx_word' id='word_1_118' title='bbox 504 2605 556 2676; x_wconf 88' lang='lat' dir='ltr'><strong>Ob</strong></span> <span class='ocrx_word' id='word_1_119' title='bbox 573 2609 683 2677; x_wconf 90' lang='lat' dir='ltr'><strong>levem</strong></span> <span class='ocrx_word' id='word_1_120' title='bbox 706 2626 844 2699; x_wconf 94' lang='lat' dir='ltr'><strong>quoque</strong></span> <span class='ocrx_word' id='word_1_121' title='bbox 869 2605 1098 2698; x_wconf 88' lang='lat' dir='ltr'><strong>suspicionem</strong></span> <span class='ocrx_word' id='word_1_122' title='bbox 1121 2604 1217 2676; x_wconf 90' lang='lat' dir='ltr'><strong>fidis-</strong></span> 
     </span>
     <span class='ocr_line' id='line_1_18' title="bbox 146 2726 1217 2819; baseline 0.002 -22"><span class='ocrx_word' id='word_1_123' title='bbox 146 2726 272 2798; x_wconf 89' lang='lat' dir='ltr'><strong>simum</strong></span> <span class='ocrx_word' id='word_1_124' title='bbox 286 2728 550 2819; x_wconf 78' lang='lat' dir='ltr'><strong>gubernatorem</strong></span> <span class='ocrx_word' id='word_1_125' title='bbox 566 2751 667 2802; x_wconf 84' lang='lat' dir='ltr'><strong>suum</strong></span> <span class='ocrx_word' id='word_1_126' title='bbox 685 2728 903 2801; x_wconf 89' lang='lat' dir='ltr'><strong>obtruncavit</strong></span> <span class='ocrx_word' id='word_1_127' title='bbox 919 2729 1101 2800; x_wconf 88' lang='lat' dir='ltr'><strong>Hannibal:</strong></span> <span class='ocrx_word' id='word_1_128' title='bbox 1117 2729 1217 2799; x_wconf 88' lang='lat' dir='ltr'><strong>testis</strong></span> 
     </span>
     <span class='ocr_line' id='line_1_19' title="bbox 144 2850 1215 2947; baseline 0.001 -27"><span class='ocrx_word' id='word_1_129' title='bbox 144 2850 303 2922; x_wconf 79' lang='lat' dir='ltr'><strong>facinoris</strong></span> <span class='ocrx_word' id='word_1_130' title='bbox 320 2874 420 2924; x_wconf 91' lang='lat' dir='ltr'><strong>mons</strong></span> <span class='ocrx_word' id='word_1_131' title='bbox 434 2852 569 2924; x_wconf 91' lang='lat' dir='ltr'><strong>Siculus</strong></span> <span class='ocrx_word' id='word_1_132' title='bbox 588 2852 719 2924; x_wconf 91' lang='lat' dir='ltr'><strong>humati</strong></span> <span class='ocrx_word' id='word_1_133' title='bbox 736 2851 962 2947; x_wconf 87' lang='lat' dir='ltr'><strong>appellatione</strong></span> <span class='ocrx_word' id='word_1_134' title='bbox 980 2850 1215 2942; x_wconf 74' lang='lat' dir='ltr'><strong>percelebris,¹</strong></span> 
     </span>
     <span class='ocr_line' id='line_1_20' title="bbox 145 2974 1218 3071; baseline 0 -25"><span class='ocrx_word' id='word_1_135' title='bbox 145 2974 357 3046; x_wconf 87' lang='lat' dir='ltr'><strong>Demetrium</strong></span> <span class='ocrx_word' id='word_1_136' title='bbox 389 2974 531 3071; x_wconf 88' lang='lat' dir='ltr'><strong>Philippi</strong></span> <span class='ocrx_word' id='word_1_137' title='bbox 559 2976 768 3049; x_wconf 88' lang='lat' dir='ltr'><strong>lllacedoniae</strong></span> <span class='ocrx_word' id='word_1_138' title='bbox 794 2977 887 3067; x_wconf 88' lang='lat' dir='ltr'><strong>regis</strong></span> <span class='ocrx_word' id='word_1_139' title='bbox 913 2974 1020 3046; x_wconf 86' lang='lat' dir='ltr'><strong>lilium</strong></span> <span class='ocrx_word' id='word_1_140' title='bbox 1053 2977 1218 3068; x_wconf 84' lang='lat' dir='ltr'><strong>praeclara</strong></span> 
     </span>
     <span class='ocr_line' id='line_1_21' title="bbox 146 3095 1217 3169; baseline 0.003 -5"><span class='ocrx_word' id='word_1_141' title='bbox 146 3095 256 3167; x_wconf 90' lang='lat' dir='ltr'><strong>indole</strong></span> <span class='ocrx_word' id='word_1_142' title='bbox 276 3096 436 3168; x_wconf 88' lang='lat' dir='ltr'><strong>hostibus</strong></span> <span class='ocrx_word' id='word_1_143' title='bbox 461 3098 564 3169; x_wconf 91' lang='lat' dir='ltr'><strong>etiam</strong></span> <span class='ocrx_word' id='word_1_144' title='bbox 592 3098 664 3168; x_wconf 90' lang='lat' dir='ltr'><strong>suis</strong></span> <span class='ocrx_word' id='word_1_145' title='bbox 691 3118 809 3166; x_wconf 89' lang='lat' dir='ltr'><strong>carum</strong></span> <span class='ocrx_word' id='word_1_146' title='bbox 838 3095 950 3167; x_wconf 91' lang='lat' dir='ltr'><strong>victus</strong></span> <span class='ocrx_word' id='word_1_147' title='bbox 977 3096 1048 3166; x_wconf 89' lang='lat' dir='ltr'><strong>nati</strong></span> <span class='ocrx_word' id='word_1_148' title='bbox 1074 3096 1217 3167; x_wconf 85' lang='lat' dir='ltr'><strong>alterius</strong></span> 
     </span>
    </p>
   </div>
   <div class='ocr_carea' id='block_1_5' title="bbox 145 3215 1219 4293">
    <p class='ocr_par' dir='ltr' id='par_1_5' title="bbox 145 3215 1219 4293">
     <span class='ocr_line' id='line_1_22' title="bbox 147 3215 1219 3310; baseline 0.002 -24"><span class='ocrx_word' id='word_1_149' title='bbox 147 3217 301 3287; x_wconf 88' lang='lat' dir='ltr'><strong>susurris</strong></span> <span class='ocrx_word' id='word_1_150' title='bbox 321 3217 519 3286; x_wconf 90' lang='lat' dir='ltr'><strong>incredulus</strong></span> <span class='ocrx_word' id='word_1_151' title='bbox 540 3229 635 3310; x_wconf 86' lang='lat' dir='ltr'><strong>pater</strong></span> <span class='ocrx_word' id='word_1_152' title='bbox 656 3215 743 3285; x_wconf 91' lang='lat' dir='ltr'><strong>mori</strong></span> <span class='ocrx_word' id='word_1_153' title='bbox 763 3215 873 3287; x_wconf 87' lang='lat' dir='ltr'><strong>iussit.</strong></span> <span class='ocrx_word' id='word_1_154' title='bbox 895 3217 976 3286; x_wconf 90' lang='lat' dir='ltr'><strong>Dies</strong></span> <span class='ocrx_word' id='word_1_155' title='bbox 1003 3239 1057 3287; x_wconf 90' lang='lat' dir='ltr'><strong>me</strong></span> <span class='ocrx_word' id='word_1_156' title='bbox 1081 3215 1219 3288; x_wconf 90' lang='lat' dir='ltr'><strong>deficiet</strong></span> 
     </span>
     <span class='ocr_line' id='line_1_23' title="bbox 145 3337 1219 3435; baseline 0.004 -27"><span class='ocrx_word' id='word_1_157' title='bbox 145 3349 266 3408; x_wconf 88' lang='lat' dir='ltr'><strong>vetera</strong></span> <span class='ocrx_word' id='word_1_158' title='bbox 292 3347 566 3430; x_wconf 88' lang='lat' dir='ltr'><strong>prosequentem.</strong></span> <span class='ocrx_word' id='word_1_159' title='bbox 594 3341 638 3409; x_wconf 87' lang='lat' dir='ltr'><strong>Et</strong></span> <span class='ocrx_word' id='word_1_160' title='bbox 663 3337 767 3410; x_wconf 91' lang='lat' dir='ltr'><strong>habet</strong></span> <span class='ocrx_word' id='word_1_161' title='bbox 791 3349 909 3410; x_wconf 88' lang='lat' dir='ltr'><strong>nostra</strong></span> <span class='ocrx_word' id='word_1_162' title='bbox 934 3351 1019 3411; x_wconf 84' lang='lat' dir='ltr'><strong>aetas</strong></span> <span class='ocrx_word' id='word_1_163' title='bbox 1057 3343 1219 3435; x_wconf 87' lang='lat' dir='ltr'><strong>exempla</strong></span> 
     </span>
     <span class='ocr_line' id='line_1_24' title="bbox 146 3459 1218 3557; baseline 0.005 -27"><span class='ocrx_word' id='word_1_164' title='bbox 146 3461 345 3557; x_wconf 86' lang='lat' dir='ltr'><strong>praesentia,</strong></span> <span class='ocrx_word' id='word_1_165' title='bbox 367 3459 495 3552; x_wconf 93' lang='lat' dir='ltr'><strong>quibus</strong></span> <span class='ocrx_word' id='word_1_166' title='bbox 515 3470 650 3532; x_wconf 91' lang='lat' dir='ltr'><strong>constet</strong></span> <span class='ocrx_word' id='word_1_167' title='bbox 669 3484 772 3554; x_wconf 88' lang='lat' dir='ltr'><strong>quam</strong></span> <span class='ocrx_word' id='word_1_168' title='bbox 792 3462 836 3534; x_wconf 90' lang='lat' dir='ltr'><strong>sit</strong></span> <span class='ocrx_word' id='word_1_169' title='bbox 854 3462 1043 3555; x_wconf 89' lang='lat' dir='ltr'><strong>semperin</strong></span> <span class='ocrx_word' id='word_1_170' title='bbox 1060 3462 1218 3535; x_wconf 89' lang='lat' dir='ltr'><strong>amicitiis</strong></span> 
     </span>
     <span class='ocr_line' id='line_1_25' title="bbox 146 3583 1218 3680; baseline 0.001 -23"><span class='ocrx_word' id='word_1_171' title='bbox 146 3585 339 3680; x_wconf 89' lang='lat' dir='ltr'><strong>periculosa</strong></span> <span class='ocrx_word' id='word_1_172' title='bbox 360 3583 519 3676; x_wconf 87' lang='lat' dir='ltr'><strong>suspicio.</strong></span> <span class='ocrx_word' id='word_1_173' title='bbox 543 3585 592 3655; x_wconf 88' lang='lat' dir='ltr'><strong>Tu</strong></span> <span class='ocrx_word' id='word_1_174' title='bbox 611 3607 665 3656; x_wconf 94' lang='lat' dir='ltr'><strong>me</strong></span> <span class='ocrx_word' id='word_1_175' title='bbox 683 3584 800 3678; x_wconf 84' lang='lat' dir='ltr'><strong>igitur,</strong></span> <span class='ocrx_word' id='word_1_176' title='bbox 821 3587 849 3657; x_wconf 93' lang='lat' dir='ltr'><strong>si</strong></span> <span class='ocrx_word' id='word_1_177' title='bbox 867 3585 941 3657; x_wconf 89' lang='lat' dir='ltr'><strong>fiori</strong></span> <span class='ocrx_word' id='word_1_178' title='bbox 957 3586 1107 3680; x_wconf 89' lang='lat' dir='ltr'><strong>prodest,</strong></span> <span class='ocrx_word' id='word_1_179' title='bbox 1124 3587 1218 3678; x_wconf 93' lang='lat' dir='ltr'><strong>quod</strong></span> 
     </span>
     <span class='ocr_line' id='line_1_26' title="bbox 147 3708 1217 3804; baseline 0.001 -25"><span class='ocrx_word' id='word_1_180' title='bbox 147 3708 279 3800; x_wconf 90' lang='lat' dir='ltr'><strong>pridem</strong></span> <span class='ocrx_word' id='word_1_181' title='bbox 298 3730 363 3798; x_wconf 81' lang='lat' dir='ltr'><strong>ego</strong></span> <span class='ocrx_word' id='word_1_182' title='bbox 383 3709 510 3778; x_wconf 90' lang='lat' dir='ltr'><strong>lactum</strong></span> <span class='ocrx_word' id='word_1_183' title='bbox 530 3708 705 3803; x_wconf 90' lang='lat' dir='ltr'><strong>opinabar,</strong></span> <span class='ocrx_word' id='word_1_184' title='bbox 728 3710 816 3779; x_wconf 88' lang='lat' dir='ltr'><strong>inter</strong></span> <span class='ocrx_word' id='word_1_185' title='bbox 840 3709 970 3781; x_wconf 90' lang='lat' dir='ltr'><strong>amicos</strong></span> <span class='ocrx_word' id='word_1_186' title='bbox 996 3712 1217 3804; x_wconf 81' lang='lat' dir='ltr'><strong>amplectere3</strong></span> 
     </span>
     <span class='ocr_line' id='line_1_27' title="bbox 149 3827 1219 3924; baseline 0.001 -24"><span class='ocrx_word' id='word_1_187' title='bbox 149 3829 179 3900; x_wconf 94' lang='lat' dir='ltr'><strong>si</strong></span> <span class='ocrx_word' id='word_1_188' title='bbox 191 3829 234 3900; x_wconf 90' lang='lat' dir='ltr'><strong>de</strong></span> <span class='ocrx_word' id='word_1_189' title='bbox 247 3827 314 3901; x_wconf 87' lang='lat' dir='ltr'><strong>lide</strong></span> <span class='ocrx_word' id='word_1_190' title='bbox 326 3828 474 3915; x_wconf 71' lang='lat' dir='ltr'><strong>dubitas</strong></span> <span class='ocrx_word' id='word_1_191' title='bbox 490 3840 528 3900; x_wconf 94' lang='lat' dir='ltr'><strong>ut</strong></span> <span class='ocrx_word' id='word_1_192' title='bbox 544 3829 638 3915; x_wconf 83' lang='lat' dir='ltr'><strong>libet,</strong></span> <span class='ocrx_word' id='word_1_193' title='bbox 658 3832 832 3924; x_wconf 87' lang='lat' dir='ltr'><strong>experire;</strong></span> <span class='ocrx_word' id='word_1_194' title='bbox 851 3831 880 3902; x_wconf 87' lang='lat' dir='ltr'><strong>si</strong></span> <span class='ocrx_word' id='word_1_195' title='bbox 897 3830 1077 3923; x_wconf 86' lang='lat' dir='ltr'><strong>indignum</strong></span> <span class='ocrx_word' id='word_1_196' title='bbox 1094 3850 1219 3903; x_wconf 87' lang='lat' dir='ltr'><strong>censes</strong></span> 
     </span>
     <span class='ocr_line' id='line_1_28' title="bbox 148 3951 1219 4048; baseline 0.002 -26"><span class='ocrx_word' id='word_1_197' title='bbox 148 3953 269 4023; x_wconf 89' lang='lat' dir='ltr'><strong>leniter</strong></span> <span class='ocrx_word' id='word_1_198' title='bbox 288 3954 446 4025; x_wconf 87' lang='lat' dir='ltr'><strong>exclude.</strong></span> <span class='ocrx_word' id='word_1_199' title='bbox 467 3951 542 4024; x_wconf 92' lang='lat' dir='ltr'><strong>Noli</strong></span> <span class='ocrx_word' id='word_1_200' title='bbox 561 3975 608 4024; x_wconf 86' lang='lat' dir='ltr'><strong>ex</strong></span> <span class='ocrx_word' id='word_1_201' title='bbox 627 3953 746 4025; x_wconf 89' lang='lat' dir='ltr'><strong>amicis</strong></span> <span class='ocrx_word' id='word_1_202' title='bbox 771 3955 911 4048; x_wconf 91' lang='lat' dir='ltr'><strong>pulsum</strong></span> <span class='ocrx_word' id='word_1_203' title='bbox 931 3954 967 4024; x_wconf 93' lang='lat' dir='ltr'><strong>in</strong></span> <span class='ocrx_word' id='word_1_204' title='bbox 986 3954 1138 4027; x_wconf 84' lang='lat' dir='ltr'><strong>hostium</strong></span> <span class='ocrx_word' id='word_1_205' title='bbox 1162 3975 1219 4025; x_wconf 88' lang='lat' dir='ltr'><strong>ca-</strong></span> 
     </span>
     <span class='ocr_line' id='line_1_29' title="bbox 150 4076 1217 4170; baseline 0 -24"><span class='ocrx_word' id='word_1_206' title='bbox 150 4085 265 4148; x_wconf 86' lang='lat' dir='ltr'><strong>tervas</strong></span> <span class='ocrx_word' id='word_1_207' title='bbox 298 4098 436 4167; x_wconf 83' lang='lat' dir='ltr'><strong>cogere,</strong></span> <span class='ocrx_word' id='word_1_208' title='bbox 471 4098 539 4146; x_wconf 90' lang='lat' dir='ltr'><strong>non</strong></span> <span class='ocrx_word' id='word_1_209' title='bbox 560 4076 699 4169; x_wconf 92' lang='lat' dir='ltr'><strong>quidem</strong></span> <span class='ocrx_word' id='word_1_210' title='bbox 721 4077 787 4147; x_wconf 91' lang='lat' dir='ltr'><strong>mei</strong></span> <span class='ocrx_word' id='word_1_211' title='bbox 808 4098 888 4170; x_wconf 87' lang='lat' dir='ltr'><strong>quae</strong></span> <span class='ocrx_word' id='word_1_212' title='bbox 908 4099 976 4150; x_wconf 92' lang='lat' dir='ltr'><strong>non</strong></span> <span class='ocrx_word' id='word_1_213' title='bbox 1001 4099 1126 4170; x_wconf 82' lang='lat' dir='ltr'><strong>magua</strong></span> <span class='ocrx_word' id='word_1_214' title='bbox 1150 4084 1217 4162; x_wconf 88' lang='lat' dir='ltr'><strong>est,</strong></span> 
     </span>
     <span class='ocr_line' id='line_1_30' title="bbox 150 4198 1219 4293; baseline 0.002 -24"><span class='ocrx_word' id='word_1_215' title='bbox 150 4198 226 4284; x_wconf 87' lang='lat' dir='ltr'><strong>sed,</strong></span> <span class='ocrx_word' id='word_1_216' title='bbox 245 4218 324 4291; x_wconf 86' lang='lat' dir='ltr'><strong>quae</strong></span> <span class='ocrx_word' id='word_1_217' title='bbox 336 4198 474 4289; x_wconf 84' lang='lat' dir='ltr'><strong>ingens,</strong></span> <span class='ocrx_word' id='word_1_218' title='bbox 495 4208 563 4270; x_wconf 81' lang='lat' dir='ltr'><strong>turc</strong></span> <span class='ocrx_word' id='word_1_219' title='bbox 578 4201 681 4271; x_wconf 84' lang='lat' dir='ltr'><strong>lamae</strong></span> <span class='ocrx_word' id='word_1_220' title='bbox 697 4199 834 4293; x_wconf 79' lang='lat' dir='ltr'><strong>lugiens</strong></span> <span class='ocrx_word' id='word_1_221' title='bbox 852 4201 1030 4274; x_wconf 92' lang='lat' dir='ltr'><strong>iacturam:</strong></span> <span class='ocrx_word' id='word_1_222' title='bbox 1049 4201 1110 4275; x_wconf 93' lang='lat' dir='ltr'><strong>tibi</strong></span> <span class='ocrx_word' id='word_1_223' title='bbox 1126 4199 1219 4274; x_wconf 89' lang='lat' dir='ltr'><strong>enim</strong></span> 
     </span>
    </p>
   </div>
   <div class='ocr_carea' id='block_1_6' title="bbox 242 4484 659 4553">
    <p class='ocr_par' dir='ltr' id='par_1_6' title="bbox 242 4484 659 4553">
     <span class='ocr_line' id='line_1_31' title="bbox 242 4484 659 4553; baseline 0.007 -17"><span class='ocrx_word' id='word_1_224' title='bbox 242 4487 250 4518; x_wconf 79' lang='lat'><strong>¹</strong></span> <span class='ocrx_word' id='word_1_225' title='bbox 266 4484 348 4537; x_wconf 83' lang='lat' dir='ltr'><strong>Valer.</strong></span> <span class='ocrx_word' id='word_1_226' title='bbox 362 4485 441 4549; x_wconf 58' lang='lat' dir='ltr'><strong>llam,</strong></span> <span class='ocrx_word' id='word_1_227' title='bbox 453 4485 496 4537; x_wconf 88' lang='lat' dir='ltr'><strong>lib.</strong></span> <span class='ocrx_word' id='word_1_228' title='bbox 509 4485 554 4549; x_wconf 85' lang='lat' dir='ltr'><strong>lli,</strong></span> <span class='ocrx_word' id='word_1_229' title='bbox 568 4501 622 4553; x_wconf 82' lang='lat' dir='ltr'><strong>rap.</strong></span> <span class='ocrx_word' id='word_1_230' title='bbox 635 4490 659 4539; x_wconf 83' lang='grc'><strong>8.</strong></span> 
     </span>
    </p>
   </div>
   <div class='ocr_carea' id='block_1_7' title="bbox 0 0 1386 5062">
    <p class='ocr_par' dir='ltr' id='par_1_7' title="bbox 0 0 1386 5062">
     <span class='ocr_line' id='line_1_32' title="bbox 0 0 1386 5062; baseline 0 0"><span class='ocrx_word' id='word_1_231' title='bbox 0 0 1386 5062; x_wconf 95' lang='lat' dir='ltr'><strong> </strong></span> 
     </span>
    </p>
   </div>
  </div>
 </body>
</html>
