2738 5062
142 665 200 727 -rts
476 677 517 725 un
541 675 640 723 nesus
662 675 882 725 rrurtrturrus
972 656 975 664 '

143 836 224 886 sens
243 823 399 907 peraget,
415 814 491 906 qui,
512 823 548 884 ut
568 814 657 884 hanc
673 815 853 906 epistotam
867 812 937 884 fida
953 834 1068 896 manu,
1087 811 1133 884 ad
1150 832 1211 885 vos

142 958 203 1009 ore
232 934 462 1008 disertissimo
486 937 636 1030 perferet
656 935 797 1008 affectus
823 956 933 1021 meos,
959 955 1111 1028 quemve
1135 956 1212 1006 cum

143 1060 329 1145 audieritis,
352 1058 443 1131 illius
463 1081 522 1131 ore
542 1082 598 1131 me
619 1061 768 1130 locutum
786 1059 928 1132 credite.
947 1057 1055 1151 Cupio
1072 1078 1138 1130 vos
1154 1056 1214 1129 sso-

144 1183 339 1255 rentissima
360 1203 498 1274 semper
518 1181 552 1251 in
573 1181 759 1274 Republica
781 1184 897 1254 valere
918 1180 1070 1253 feliciter.

284 1329 400 1395 Patavii,
417 1327 490 1381 VIII.
507 1327 572 1381 idus
587 1327 696 1398 Aprilis.

557 1733 733 1806 urrsrdta
754 1735 798 1797 Vl.

216 1927 409 1977 rtrsnclscu's
431 1926 598 1976 Permanet
620 1926 750 1975 tontum
770 1926 811 1975 DE
833 1925 1000 1974 ceurttuo
1021 1924 1047 1972 S.
1069 1926 1097 1974 Ρ.
1119 1926 1150 1973 Ι).

247 2102 313 2164 Quae
329 2100 379 2154 sibi
394 2107 482 2155 tuntas
498 2118 589 2157 moras
604 2102 731 2157 nectendi
746 2119 842 2158 caussa
855 2101 951 2169 suerit,
966 2101 1066 2172 quidve
1081 2117 1111 2156 se

380 2190 407 2242 in
423 2195 563 2262 posterum
577 2191 714 2246 iacturum
729 2191 780 2247 sibi
796 2192 979 2266 proposuerit.

240 2410 311 2481 lam
333 2431 416 2480 vero
437 2409 646 2503 proximiora
667 2410 815 2481 dixerim
833 2432 913 2504 quae
930 2409 1146 2502 tegunturiu
1163 2413 1213 2483 fa-

143 2530 242 2617 bulis,
258 2539 406 2602 amatam
419 2530 549 2603 Pboebo
564 2531 732 2623 virginem
750 2531 946 2624 obriguisse
964 2555 1069 2604 cursu
1087 2532 1212 2619 medio,

142 2663 178 2724 et
197 2654 280 2726 dum
300 2654 447 2747 pedibus
466 2665 608 2746 tangere
627 2664 753 2725 terram
767 2665 877 2749 putat,
894 2655 1018 2727 subitis
1037 2654 1214 2728 radicibus

142 2776 337 2849 inhaesisse.
356 2778 457 2848 Certe
472 2787 508 2847 et
525 2799 605 2869 ego,
625 2776 717 2871 quod
731 2777 940 2863 nesciebam,
956 2777 1017 2872 pro
1035 2777 1211 2850 mobilium

142 2898 307 2992 obsequio
327 2901 463 2995 pedum,
479 2901 718 2973 tenacissimas
739 2900 910 2972 interdum
931 2901 1066 2973 radices
1086 2899 1210 2972 habeo.

141 3024 369 3096 Promiseram
392 3024 450 3096 tibi
472 3047 528 3096 me
544 3024 686 3097 Patavio
705 3024 947 3115 digressurum
973 3023 1017 3095 ad
1042 3024 1120 3093 XIV
1146 3023 1213 3094 kol.

141 3148 272 3219 maias:
306 3148 368 3219 vix
393 3150 421 3217 V
448 3169 557 3218 nonas
587 3147 667 3218 inde
700 3147 898 3237 digressus,
933 3148 1055 3240 loquor
1086 3145 1214 3240 impro-

141 3269 228 3360 prie,
251 3270 356 3338 immo
377 3289 460 3338 vero
477 3268 637 3339 divulsus
652 3291 740 3338 sum.
754 3270 903 3340 Veronae
923 3268 1066 3341 biduum
1080 3280 1142 3341 aut
1155 3270 1213 3342 tri-

141 3388 249 3459 duum
263 3412 365 3481 agere
378 3392 616 3463 decreveram:
630 3391 686 3463 hic
698 3415 835 3486 quoque
849 3394 914 3464 iarn
929 3393 1213 3487 procrastinando

142 3532 248 3606 prope
264 3510 491 3585 circumactus
508 3523 564 3585 est
581 3515 722 3599 mensis,
742 3526 789 3597 et,
805 3514 966 3608 quamvis
980 3515 1045 3586 bac
1061 3537 1212 3610 praeser-

143 3633 202 3705 tim
224 3646 319 3728 parte
346 3637 425 3706 anni
446 3660 644 3730 peramoena
669 3638 792 3711 civitas
818 3639 874 3722 sit,
902 3660 971 3709 non
997 3639 1071 3711 sine
1096 3639 1210 3712 taedio.

142 3759 217 3829 Non
230 3758 306 3829 baec
320 3758 399 3828 mibi
421 3761 557 3854 requies
575 3762 645 3844 suit,
668 3762 712 3834 ad
731 3763 795 3834 alia
812 3762 1000 3833 festinanti:
1019 3763 1082 3834 sed
1098 3764 1211 3837 indul·

143 3880 337 3974 gentissimi
357 3882 456 3952 amici
476 3882 610 3956 blandis
631 3909 770 3980 precum
797 3886 1021 3981 compedibus
1045 3887 1209 3982 explicari

141 4006 311 4078 hactenus
330 4030 397 4079 non
416 4009 525 4101 potui:
543 4010 601 4101 qui
618 4011 699 4080 mihi
718 4033 815 4106 paene
831 4012 1051 4105 quotidianus
1069 4022 1124 4083 cst
1136 4035 1211 4085 car-

141 4151 209 4200 cer.
231 4130 306 4200 Etsi
327 4133 416 4202 enim
438 4131 624 4204 amicorum
641 4134 724 4204 nibil
739 4134 861 4207 affectu
879 4146 914 4205 et
930 4136 1057 4229 pietate
1074 4135 1210 4208 dulcius

144 4251 290 4325 babeam
324 4267 384 4326 aut
413 4278 560 4347 sperem,
598 4277 690 4351 saepe
725 4267 836 4330 tamen
867 4258 995 4330 arctius
1026 4281 1081 4330 me
1113 4257 1209 4351 diligi

141 4400 246 4475 quarn
259 4377 328 4448 otio
342 4400 419 4449 meo
436 4380 606 4474 expediat,
625 4392 771 4474 questus
790 4403 866 4454 sum
881 4405 1088 4475 querorque,
1109 4382 1138 4454 si
1156 4382 1209 4454 vi·

142 4522 237 4574 xero,
257 4499 343 4573 Hinc
362 4501 544 4575 discedens
565 4504 629 4576 boc
649 4504 725 4598 ipso
749 4505 805 4575 die
831 4506 1005 4576 Mantuam
1032 4514 1132 4599 peto,
1160 4507 1208 4577 sa·
