2738 5062
341 638 433 685 nruun
455 638 921 687 rouusunernus.—urrsrunn
943 640 1017 686 xru.
1160 628 1219 688 altit

140 799 209 871 que
230 776 310 849 ideo
331 777 433 848 venia
453 776 608 870 qualibet
623 787 680 849 est
699 776 881 868 indignus,
897 777 982 869 quia
1000 779 1123 849 volens
1140 800 1220 873 peo-

140 910 215 972 cat·
228 900 304 972 Non
323 910 471 995 possunt
495 922 581 972 saue
599 920 723 972 omncs
744 899 930 973 Cicerones
954 922 1036 973 esse
1061 905 1119 973 vel
1142 903 1219 975 Pla-

140 1036 256 1108 lones,
294 1046 362 1094 non
400 1022 535 1115 Virgilii
572 1025 628 1094 uel
664 1022 826 1105 Homeri3
865 1022 947 1096 boni
981 1046 1063 1097 esse
1101 1036 1218 1098 autem

141 1157 288 1242 possunt
312 1166 448 1231 omues,
471 1146 539 1217 uisi
559 1146 620 1240 qui
640 1149 772 1217 nolunt.
799 1146 844 1216 Et
869 1157 987 1220 aratur
1005 1170 1147 1241 quoque
1167 1150 1219 1242 pi-

140 1279 327 1362 scatorque
343 1280 379 1340 et
394 1276 522 1361 pastor,
538 1268 641 1342 modo
660 1268 717 1341 vir
734 1266 849 1342 bonus
866 1270 929 1355 sit,
949 1292 1051 1342 suum
1068 1272 1219 1364 pretium

141 1389 292 1462 habebit.
326 1389 484 1482 Denique
514 1389 545 1461 si
577 1393 747 1465 alterutro
772 1394 822 1465 sit
842 1392 1045 1478 carendum,
1069 1404 1107 1467 ut
1132 1394 1220 1466 The

141 1512 308 1585 misteclis
332 1512 463 1584 dictum
488 1512 534 1585 de
558 1513 692 1587 divitiis
716 1514 762 1588 ad
789 1517 921 1588 litteras
950 1516 1102 1603 traham,
1129 1519 1221 1589 malo

140 1633 253 1706 virum
275 1636 351 1708 siue
371 1636 512 1721 littorio,
533 1632 639 1729 quam
661 1639 794 1710 litteras
815 1639 891 1709 sine
912 1639 1000 1711 viro.
1023 1641 1116 1711 Vale.

537 2064 716 2132 EPISTOLA
737 2068 829 2132 xllll.

161 2251 353 2301 rnnuerscus
375 2251 544 2303 rcrnnaen
565 2252 682 2303 raucae
702 2253 819 2303 sennar
835 2254 1066 2305 nunusrmnusr
1081 2256 1107 2304 s.
1125 2257 1153 2304 r.
1173 2258 1202 2304 u.

246 2412 380 2468 Hortatur
393 2418 425 2468 ut
439 2413 585 2485 tyrannide
599 2412 788 2471 Ticinensium
803 2433 833 2471 su
849 2418 969 2486 abdicet,
984 2422 1012 2473 et
1025 2432 1120 2491 pacem

361 2500 512 2556 conditioni
526 2518 585 2557 suae
597 2502 814 2574 respondentem
828 2506 999 2575 prollteatur.

245 2742 345 2833 Saepe
378 2746 424 2819 te,
446 2740 566 2820 trater,
587 2732 750 2807 admonui
784 2745 824 2806 ut
848 2731 961 2808 status
986 2748 1022 2806 et
1044 2735 1146 2809 ollioii
1173 2736 1220 2810 tui

142 2885 275 2935 memor
294 2862 370 2957 paci
387 2880 528 2954 operam
552 2858 669 2944 dares,
684 2880 755 2952 qua
770 2858 917 2944 sublata,
933 2858 1018 2954 quid
1038 2860 1133 2933 aliud
1148 2862 1222 2932 vita

147 2987 325 3059 hominum
342 3004 448 3078 quam
468 3004 564 3055 mors
584 2986 659 3055 est‘t
677 2984 747 3054 Seu
767 2982 853 3076 quid
873 2985 1026 3056 mundus
1045 2985 1103 3056 hio
1127 2984 1221 3056 aliud

142 3132 247 3202 ‹puarn
279 3107 436 3181 laborum
459 3106 704 3179 immortalium
731 3126 772 3178 ac
795 3107 1034 3179 discriminum
1066 3106 1223 3179 officina?

143 3234 268 3303 Preces
286 3250 429 3325 quoque
444 3240 481 3302 et
499 3228 759 3303 obsecrationes
775 3230 948 3303 immiscui
967 3241 1021 3316 ut,
1036 3231 1067 3302 si
1085 3239 1117 3302 te
1135 3231 1221 3301 ratio

143 3377 211 3427 nen
244 3354 430 3438 movisset,
464 3348 565 3424 amici
597 3354 722 3425 caritas
737 3362 920 3426 moveret.
953 3354 1072 3426 Orari'
1090 3374 1222 3449 perque

142 3499 265 3549 omnes
286 3487 320 3549 te
339 3477 512 3551 coelicolas
538 3475 712 3561 adimari,
740 3486 845 3571 atque
870 3477 905 3548 iu
930 3478 1052 3573 primis
1077 3498 1141 3572 per
1165 3496 1222 3549 sa-

143 3622 239 3671 crum
261 3608 298 3671 et
315 3598 518 3674 venerabile
535 3599 720 3691 Augustini
740 3597 842 3672 ducis
865 3599 916 3673 tui
940 3620 1080 3684 nomen,
1105 3600 1163 3671 cui
1186 3609 1223 3671 et

143 3743 210 3813 rgo
229 3724 390 3817 quamvis
409 3733 571 3817 peccator
591 3724 623 3793 iu
650 3722 775 3817 spiritu
801 3742 878 3795 meo
903 3724 1034 3808 servio,
1061 3733 1098 3793 et
1121 3720 1222 3793 cuius

143 3866 243 3935 opem
266 3844 358 3937 apud
377 3845 549 3916 Christum
564 3866 679 3936 spero,
696 3856 733 3914 ut
750 3843 937 3936 aliquando
958 3843 1079 3937 sepitis
1095 3852 1156 3913 aut
1173 3845 1222 3914 le·

143 3967 225 4035 aitis
246 3968 405 4038 odiorum
426 3966 574 4036 llammis
594 3976 630 4035 et
654 3986 855 4058 compresso
880 3974 1015 4034 tumore
1047 3958 1222 4056 superbie

144 4088 202 4181 qui
224 4089 413 4160 amicorum
438 4089 558 4158 oculos
582 4097 687 4178 atque
717 4106 822 4158 aures
848 4085 1045 4159 sanioribus
1069 4087 1222 4158 consiliis

144 4211 380 4293 obstruxerat,
407 4209 492 4281 illud
516 4230 662 4280 acumen
694 4209 821 4298 ingenii
850 4210 899 4281 tui
929 4221 965 4281 et
991 4208 1221 4303 elequentiam

144 4337 281 4407 cmlitus
303 4334 419 4406 datam
447 4332 522 4415 tibi,
545 4352 648 4425 quam
671 4332 846 4404 irritandis
867 4333 991 4404 animis
1012 4342 1150 4405 tuorum
1175 4331 1223 4399 ci·

145 4453 240 4523 rium
265 4452 310 4547 (in
328 4451 430 4543 quod,
450 4472 533 4544 pace
551 4460 608 4519 lua
625 4448 788 4525 dixerim,
808 4449 1036 4544 plausibiliter
1052 4452 1223 4520 haetenus
