2738 5062
425 755 517 804 xmnn
538 756 864 808 nouus-ammom
886 761 934 809 vu.
1181 753 1216 816 31

144 918 252 971 annos
276 899 407 989 ingero,
430 898 529 969 cuius
550 897 669 970 ultima
689 920 785 994 pars,
810 900 838 971 si
860 901 994 995 absque
1019 905 1219 997 exceptione

143 1045 226 1096 vera
246 1033 313 1106 est,
333 1020 568 1114 nequidquam
594 1025 701 1095 multa
721 1021 830 1095 verba
851 1027 1070 1119 perfuderim.
1092 1029 1129 1097 ln
1154 1028 1220 1101 boc

142 1148 248 1240 igitur
281 1168 429 1217 acumen
466 1155 561 1216 tuum
587 1155 626 1216 ut
651 1169 815 1218 exerceas
842 1148 954 1219 velim.
982 1151 1041 1220 llle
1067 1152 1150 1244 quid
1175 1155 1220 1225 ad

142 1273 274 1345 litteras
296 1291 394 1342 meas
419 1267 636 1362 respondeat,
659 1269 851 1341 audiemus.
872 1271 948 1342 Non
968 1273 1083 1343 omnia
1103 1282 1219 1346 tamen

143 1394 310 1492 expediet
331 1392 449 1485 lingua
470 1394 526 1465 vcl
544 1396 719 1466 celamus:
742 1397 849 1467 multa
869 1395 962 1467 enim
983 1397 1053 1468 oris
1080 1397 1219 1470 babitus

142 1518 308 1608 lronsquc
330 1514 416 1606 ipsa,
435 1526 566 1606 gestae,
585 1517 686 1600 color,
706 1524 878 1603 accentus,
897 1539 969 1611 pes,
984 1540 1118 1602 manue,
1138 1541 1220 1591 ocu-

142 1639 175 1725 li,
199 1637 421 1733 supercilium
438 1641 638 1730 loquentur:
659 1640 722 1727 scd
739 1638 874 1711 absenti
895 1639 990 1711 nibil.
1010 1642 1071 1713 Hic
1092 1653 1129 1712 tu
1146 1642 1220 1713 ani-

145 1784 242 1834 mum
277 1761 435 1844 adverte,
456 1759 516 1853 qui
542 1782 698 1854 praesens
723 1783 770 1845 ee,
794 1784 860 1832 neu
885 1787 941 1834 me
968 1764 1062 1837 sinas
1089 1788 1216 1837 errare.

144 1887 244 1958 Certe
263 1906 342 1978 ego,
366 1885 460 1977 quod
485 1907 601 1956 meum
622 1885 686 1955 luit
710 1886 914 1979 prestitisse
939 1886 1070 1959 videor.
1093 1886 1219 1959 Amici-

143 2008 200 2080 tiae
220 2030 395 2081 venenum
414 2008 565 2104 suspicio
581 2019 657 2080 est:
677 2009 765 2080 hanc
781 2009 954 2103 extirpare
971 2009 1137 2082 radicitus
1158 2032 1219 2082 ve-

143 2133 253 2204 ritatis
278 2131 388 2224 digito
414 2132 513 2204 nisus
539 2154 629 2204 sum.
655 2131 709 2203 An
735 2132 809 2227 ipse
838 2145 952 2205 autem
983 2117 1068 2206 vero
1098 2158 1217 2208 aurem

145 2257 281 2349 pandat,
300 2278 344 2326 an
361 2254 530 2339 obstruat,
554 2278 656 2326 suum
682 2256 748 2327 erit
762 2284 769 2328 :
784 2265 880 2330 tuum
895 2279 979 2328 vero
993 2258 1082 2330 idem
1099 2282 1214 2344 unum,

147 2386 186 2448 ut
205 2378 328 2449 acriter
348 2401 451 2473 quam
472 2380 507 2449 in
527 2388 661 2473 partem
682 2390 813 2473 vergat,
835 2379 1006 2475 inspicias,
1023 2403 1146 2473 meque
1161 2382 1215 2451 sui

147 2499 277 2573 consilii
302 2502 478 2574 certiorem
504 2503 621 2574 lacius.
642 2504 719 2575 Mea
739 2526 823 2575 sanc
844 2526 912 2575 non
937 2504 1082 2575 multum
1106 2503 1214 2574 inter-

144 2623 245 2696 fuerit
270 2624 355 2718 quid
383 2625 427 2695 de
453 2647 507 2695 me
533 2625 692 2697 homines
711 2625 913 2697 existiment
937 2637 996 2698 aut
1016 2629 1213 2719 loquantur,

143 2749 243 2821 modo
268 2747 487 2820 conscientiae
513 2772 601 2822 meae
626 2773 695 2822 non
719 2773 859 2844 premar
885 2751 1025 2821 aculeis.
1042 2749 1215 2834 Quamdiu

140 2894 219 2943 oum
238 2873 295 2944 illa
325 2895 444 2966 pacem
481 2873 625 2958 habebo,
655 2884 800 2944 externa
832 2873 923 2944 bella
955 2897 1024 2943 non
1051 2881 1212 2942 metuam.

144 2994 239 3087 Coepi
270 3017 337 3087 ego
368 3018 429 3088 per
462 2996 595 3067 litteras
625 2995 800 3085 obliquam
840 2995 916 3064 eius
949 2993 1143 3086 opinionem
1171 2991 1216 3063 ad

142 3125 273 3189 rectum
294 3140 429 3190 vocare.
457 3120 491 3189 Si
513 3118 668 3204 llectitur,
696 3116 875 3199 insistam3
898 3115 951 3186 sin
965 3114 1137 3199 obduruit,
1153 3116 1215 3187 de-

142 3242 283 3313 sistam:
305 3243 434 3315 lrustre
452 3242 545 3314 enim
571 3239 807 3314 retentabitur.
830 3239 936 3311 Nemo
961 3237 1059 3310 sacile
1079 3239 1214 3332 cogitur

141 3365 184 3436 ad
214 3364 442 3448 credendum,
469 3376 503 3436 et
525 3387 619 3461 saepe
645 3365 769 3438 urescit
800 3364 1024 3437 excusatione
1050 3361 1211 3458 suspicio.

143 3485 235 3559 Vale.

280 3633 323 3688 ld.
338 3634 469 3704 Ianuarii,
485 3636 634 3690 dvenionc.

546 3932 721 3999 bristout
742 3933 809 3999 lllll.

143 4091 333 4145 fnlnclscbs
360 4096 529 4146 PEl'lldlle
552 4098 662 4148 lotum
686 4099 727 4148 DE
749 4098 879 4148 AllllllNO
903 4095 1065 4147 causidico
1091 4095 1116 4144 S.
1135 4096 1162 4144 P.
1180 4096 1210 4144 b.

216 4227 325 4283 Gaudet
340 4227 391 4283 sibi
406 4228 441 4283 dc
455 4246 487 4284 eo
501 4231 661 4284 nunciatum
677 4230 751 4302 quod
766 4230 835 4284 benc
849 4230 901 4298 sit,
916 4228 950 4282 de
964 4245 1019 4300 quo
1032 4229 1127 4302 uiginti

441 4320 559 4391 amplius
573 4321 652 4375 aunis
670 4320 739 4374 nibil
753 4317 908 4373 resciverat.

235 4467 312 4539 Etsi
332 4467 377 4539 ab
394 4466 622 4540 adolescentia
639 4488 751 4560 usque
768 4466 917 4539 adhunc
935 4477 1073 4539 oetatem
1090 4467 1210 4539 faeiem

139 4587 222 4659 mibi
243 4600 339 4661 tuam
359 4588 520 4662 inviderit
545 4593 695 4674 lortuna,
718 4589 800 4660 mibi
823 4602 936 4664 tamen
958 4614 1093 4685 semper
1119 4608 1207 4683 proe-
