2738 5062
386 794 475 842 nrnsn
497 754 997 852 noturusnsurnus.-ssurrsroun
1020 797 1063 844 ur.
1196 785 1251 844 :tlt

177 932 356 1009 hactenus,
379 949 423 998 ue
443 928 586 998 forsitan
613 949 669 998 me
695 937 893 1018 quaerentes
915 925 1073 1019 epistolae
1095 937 1165 996 tuae
1191 926 1255 998 hac

176 1050 250 1121 illac
271 1047 410 1119 iuoertis
432 1045 627 1117 tramitibus
651 1056 870 1137 vagarentur.
892 1046 948 1118 Ad
968 1051 1097 1118 sontem
1120 1048 1254 1139 Surgiae

177 1192 266 1253 sum,
291 1178 330 1240 nt
346 1167 436 1251 dixi,
457 1180 493 1239 et
511 1167 651 1260 qnando
676 1167 722 1238 ita
745 1166 860 1239 visum
881 1180 936 1239 est
956 1170 1120 1252 fortunae,
1141 1171 1255 1240 locum

176 1295 282 1368 alium
304 1315 371 1365 non
393 1291 544 1385 requiro,
567 1311 630 1362 nec
650 1290 771 1362 lanium
791 1290 903 1362 douae
924 1291 994 1376 illa,
1016 1292 1112 1384 quod
1131 1290 1255 1364 erebro

178 1417 277 1499 solet,
300 1415 435 1485 varium
454 1421 564 1485 mutet
580 1411 741 1484 edietum.
762 1412 897 1484 interea
915 1412 1076 1504 equidem
1096 1413 1152 1483 hio
1171 1411 1254 1482 mihi

178 1539 333 1619 Romam,
357 1536 411 1606 llio
430 1534 599 1617 Athenas,
618 1534 674 1604 hic
692 1534 838 1627 patriam
860 1534 970 1626 ipsam
994 1546 1108 1606 monte
1128 1535 1257 1607 consti-

179 1668 247 1743 tuo.
270 1658 333 1729 llio
352 1677 473 1729 omnes
491 1676 579 1747 quos
597 1653 709 1726 habeo
726 1655 855 1728 amicos
876 1658 930 1727 vel
943 1676 1034 1748 quos
1051 1655 1173 1740 habui,
1194 1679 1257 1729 neo

179 1792 309 1852 tantum
336 1780 491 1851 familiari
518 1777 677 1850 convictu
704 1777 868 1871 probatos
893 1788 929 1850 et
953 1778 1013 1870 qui
1042 1799 1177 1848 mecum
1206 1780 1256 1847 vi-

180 1912 320 1986 xerunt,
344 1901 407 1974 sed
427 1902 486 1995 qui
515 1903 630 1973 multis
652 1911 732 1973 ante
756 1923 812 1973 me
838 1902 977 1975 saeonlis
998 1900 1160 1972 obierunt
1185 1904 1259 1974 solo

181 2025 263 2096 mihi
294 2024 453 2115 oognitos
485 2021 653 2095 beneficio
687 2024 894 2107 litterarum,
917 2044 1064 2115 quorum
1099 2023 1258 2094 sineres

180 2156 299 2238 gestas
319 2157 422 2237 atque
444 2143 609 2227 animum,
638 2144 714 2214 sive
741 2164 853 2214 mores
880 2143 1072 2236 vitamque,
1095 2143 1171 2215 sive
1197 2144 1260 2215 lin-

181 2290 287 2360 guam
305 2266 549 2359 ingeniumque
568 2265 687 2349 miror,
703 2286 751 2336 ex
764 2264 925 2337 omnibus
945 2265 1027 2337 loeis
1045 2277 1148 2357 atque
1165 2266 1260 2338 omni

182 2410 263 2460 aevo
281 2389 316 2458 in
335 2388 424 2459 hano
438 2389 604 2480 exiguam
623 2390 748 2459 vallem
767 2409 863 2484 saepe
879 2388 1057 2473 ooutraho‚
1080 2387 1259 2483 cupidius-

181 2531 251 2603 que
270 2530 350 2580 ourn
370 2507 438 2580 illis
457 2528 582 2580 versor
601 2530 705 2602 qoam
726 2532 806 2582 cum
827 2509 869 2581 iis
890 2510 950 2604 qui
976 2509 1042 2581 sibi
1064 2508 1184 2582 vivere
1211 2509 1262 2579 vi-

181 2631 308 2704 dentur
326 2629 488 2723 quotiens
508 2630 688 2703 raucidum
708 2633 828 2705 nescio
847 2631 931 2724 quid
952 2631 1126 2724 spirantes
1147 2629 1262 2720 gelido

182 2755 215 2824 iu
236 2775 317 2827 aare
344 2753 399 2824 sni
426 2752 554 2825 halitus
575 2753 697 2825 vident
720 2753 919 2846 vestigium.
946 2752 1002 2824 Sic
1028 2751 1116 2821 liber
1141 2772 1182 2823 ao
1207 2773 1261 2823 se-

182 2896 288 2947 eurus
308 2896 419 2967 vagor
444 2885 480 2946 et
506 2873 630 2946 talibus
656 2873 840 2947 vomitibus
866 2875 962 2966 solus¹
988 2894 1078 2956 sum,
1102 2873 1262 2964 quotiens

184 3017 328 3088 possum
349 3016 500 3079 mecom;
525 3017 604 3068 sum
631 3015 725 3090 saepe
757 2996 860 3067 etiam
883 3005 1013 3072 tecum.
1040 3005 1076 3065 et
1100 3015 1179 3064 oum
1206 2994 1264 3066 illo

187 3119 266 3188 viro
299 3117 427 3210 optimo
457 3117 628 3202 maximo,
656 3140 758 3211 quom
790 3137 870 3189 oum
901 3137 1078 3210 nunquam
1100 3115 1262 3200 viderim,
1315 3188 1326 3204 ,

185 3239 284 3317 dictu
302 3238 443 3322 miram,
465 3237 628 3311 omnibns
648 3238 744 3311 horis
765 3238 884 3311 video:
905 3238 999 3332 apud
1024 3259 1140 3330 qnam,
1168 3257 1265 3329 quae·

185 3382 238 3444 so,
260 3381 387 3433 nomen
414 3380 531 3432 meum
563 3359 648 3433 dum
682 3369 720 3431 tu
754 3381 873 3432 secum
899 3360 992 3452 loqui
1019 3359 1168 3453 poteris,
1196 3379 1264 3430 uon

186 3494 356 3556 senesoat.
378 3483 473 3554 Vale.

328 3626 372 3682 Ad
386 3626 502 3684 Fontem
515 3629 629 3701 Sorgiae.
645 3630 709 3686 vtll
724 3629 862 3687 Kalendas
876 3629 997 3685 Martias.
