2738 5062
367 596 460 647 nmen
480 595 984 656 cunnrususaruus.-ur1sronn
1006 598 1024 644 1.
1170 584 1223 647 att

158 757 236 819 rum
255 731 342 806 dura
363 732 539 826 principia,
567 729 722 802 difficiles
746 752 947 827 processus,
975 733 1131 826 inopinos
1154 734 1231 805 exi·

157 870 225 943 tus,
248 879 329 952 spes
354 857 518 938 caducas,
545 857 627 928 dum
655 876 694 928 se
720 879 788 929 non
814 879 918 951 posse
942 858 1037 950 qnod
1061 858 1225 942 creditur,

154 1003 225 1053 non
242 981 352 1052 timeri
369 991 538 1072 quantum
556 980 674 1064 vnlint,
693 990 729 1050 et
748 979 949 1052 humiliores
966 982 1097 1055 audere
1112 994 1229 1057 contra

156 1127 194 1177 se
212 1103 341 1197 aliquid
362 1103 608 1195 indignantur?
624 1103 712 1186 Quae
729 1103 930 1195 quotidiana
955 1106 1020 1177 illis
1041 1105 1231 1199 indignatio

154 1238 219 1299 est.
240 1227 325 1311 Quis
350 1234 405 1297 est
423 1225 514 1296 enirn
541 1235 610 1296 tam
637 1236 757 1319 potens
783 1236 843 1298 aut
867 1227 946 1320 quis
972 1250 1125 1322 unquam
1151 1228 1226 1311 ruit,

154 1351 209 1423 cui
228 1372 298 1421 non
320 1369 415 1442 saepe
439 1369 573 1439 graves·
593 1346 728 1419 iniuriae
748 1349 792 1421 ab
813 1348 939 1422 infimis
965 1351 1187 1436 inferrentur,
1210 1375 1230 1424 a

155 1474 282 1557 servis,
305 1493 326 1544 a
350 1470 518 1556 subditis,
545 1471 590 1542 ab
615 1471 758 1544 amicis?
782 1471 838 1556 iis,
865 1476 1001 1566 loquor,
1025 1475 1085 1567 qui
1104 1475 1229 1547 falsum

155 1597 315 1671 amicitiae
333 1617 458 1667 nomen
471 1595 615 1679 babent3
629 1595 703 1667 veri
717 1597 808 1668 enim
822 1597 931 1682 amici,
947 1599 1024 1681 rari,
1039 1619 1231 1693 eorumque

153 1720 288 1791 iniuriae
308 1719 413 1790 nullae
435 1729 525 1789 sunt.
548 1717 615 1789 Sed
634 1718 716 1810 quia
734 1740 803 1790 non
819 1729 923 1791 vacat
939 1718 1121 1791 minutiora
1138 1741 1232 1792 com-

153 1842 269 1938 plecti,
292 1841 422 1913 maiora
441 1839 685 1936 perstringam.
708 1841 801 1924 Quot
820 1853 855 1913 et
874 1840 1014 1934 quantis
1035 1842 1143 1934 igitur
1162 1852 1232 1914 sta·

154 1975 210 2037 tus
236 1965 293 2036 illc
319 1963 505 2036 rebellibus
533 1964 703 2036 abundat!
739 1965 845 2036 lulius
871 1966 1003 2049 Caesar,
1032 1985 1102 2058 quo
1129 1985 1232 2036 nemo

153 2108 305 2181 unquam
324 2085 423 2156 bellis
440 2087 553 2178 magis
570 2085 709 2157 emicuit
728 2085 791 2179 (sic
811 2088 901 2157 enim
923 2086 968 2157 do
988 2086 1044 2159 illo
1067 2086 1231 2182 scriptum

151 2220 206 2282 est
225 2220 261 2282 et
280 2231 338 2282 res
359 2210 436 2303 ipsa
457 2208 617 2303 testatur)
638 2218 798 2281 extremo
822 2220 976 2305 tempore
1000 2209 1128 2284 bellum
1149 2212 1233 2283 Par-

138 2310 222 2404 this
255 2332 382 2403 inferre
414 2345 450 2405 et
480 2332 689 2405 rebellantes
722 2332 852 2405 effusos
884 2333 920 2404 in
950 2333 1095 2406 Thracia
1119 2334 1231 2406 Dacos

152 2476 311 2527 caeream
336 2456 442 2528 armis
467 2455 719 2528 destinaverat:
741 2456 963 2551 fecissetque,
985 2457 1053 2529 nisi
1075 2477 1171 2528 mors
1192 2456 1232 2526 il-

152 2580 222 2651 lum
259 2579 493 2670 praeveniens,
529 2580 593 2649 bos
631 2578 787 2671 aliosque
819 2577 1022 2670 magnificos
1056 2579 1229 2670 cogitatus

151 2701 344 2795 inexpletos
364 2702 520 2795 linquere
539 2702 724 2793 coegisset.
748 2702 798 2772 lta
819 2701 874 2771 vir
891 2703 947 2772 ille
968 2700 1097 2773 mundo
1116 2702 1231 2772 lormi-

151 2822 287 2908 dabilis,
306 2824 489 2896 Germania
505 2822 712 2917 perdomita,
728 2822 849 2906 Gallis,
864 2823 1107 2916 britannisque
1127 2822 1231 2895 suba-

152 2947 233 3031 ctis,
259 2946 399 3018 calcatis
420 2945 594 3040 Hispaniis
612 2957 716 3039 atque
732 2943 847 3017 Africa
868 2956 904 3017 et
923 2946 1087 3042 AEgypto,
1113 2946 1229 3032 Ponto,

152 3068 253 3166 Syria
265 3081 300 3141 et
315 3071 498 3155 Armeniis,
522 3078 663 3162 totoque
683 3070 786 3164 paulo
807 3067 921 3138 minus
941 3066 1027 3140 orbe
1046 3077 1229 3153 terrarum,

151 3205 341 3287 postremo,
376 3195 411 3264 in
444 3174 523 3288 qua
547 3193 770 3266 victoriarum
796 3191 950 3263 omnium
978 3213 1115 3264 summa
1141 3199 1229 3277 erat,

152 3317 245 3390 victa
270 3328 305 3389 et
329 3328 496 3413 occupata
517 3315 704 3410 republica,
728 3315 873 3408 ipsaque
898 3337 1041 3388 romana
1065 3314 1151 3386 urbe
1178 3335 1232 3386 re-

153 3462 228 3510 rum
249 3439 389 3512 domina
411 3440 465 3514 sai
485 3440 573 3512 civis
593 3436 739 3533 imperio
758 3437 926 3525 subiecta,
945 3437 1078 3510 invenit
1098 3437 1132 3508 in
1149 3438 1232 3508 Par-

154 3560 223 3632 thia
254 3572 359 3654 atquc
391 3564 426 3633 in
459 3563 562 3635 Dacia
592 3562 686 3656 quod
713 3566 862 3646 timeret,
894 3584 972 3649 seu,
999 3561 1161 3656 quoniam
1190 3561 1232 3630 ti-

152 3683 283 3756 muisse
308 3684 392 3755 nihil
417 3683 557 3768 dicitur,
585 3687 680 3778 quod
704 3698 851 3758 curaret.
887 3686 1005 3756 Caesar
1028 3682 1228 3776 Augustus.

151 3825 218 3898 qno
239 3828 341 3878 nemo
363 3808 451 3880 inter
477 3809 640 3879 mortales
666 3810 764 3881 altior
788 3808 864 3891 luit,
892 3830 939 3879 ex
965 3807 1040 3900 ipso
1067 3826 1230 3900 supremo

150 3927 299 4001 fortunae
333 3931 444 4023 gradu
470 3931 604 4002 audivit
629 3933 762 4002 deletas
792 3933 826 4001 in
850 3930 1032 4002 Germania
1058 3929 1228 4018 legiones

150 4050 351 4148 Verumque
377 4053 579 4138 Quintilium
608 4054 687 4125 belli
719 4054 864 4135 ducem;
897 4074 1001 4145 quern
1034 4050 1230 4146 reipublice

123 4187 126 4191 ’
150 4194 269 4247 casum
291 4200 394 4269 quam
415 4188 553 4259 moeste,
576 4200 680 4269 quam
702 4174 855 4267 graviter
874 4173 1002 4259 tulerit,
1021 4183 1141 4245 notum
1162 4182 1227 4245 est.

150 4297 273 4390 Magna
295 4300 377 4370 mibi
399 4301 638 4394 exemplorum
663 4297 756 4370 acics
777 4297 925 4369 occurrit
949 4307 985 4369 et
1008 4309 1168 4370 veterum
1194 4307 1229 4366 ct

152 4440 337 4505 nouorum3
370 4444 449 4515 qum
482 4420 572 4492 onim
608 4442 695 4510 gons
728 4429 789 4491 aut
821 4420 900 4512 quis
934 4419 1123 4515 principum
1159 4427 1226 4488 tam
