2738 5062
345 683 438 732 mnun
458 679 954 741 ournrusnncmus.—ur1sronr
976 680 1018 729 rx.
1159 665 1218 729 ate

141 821 203 893 rici
224 832 301 892 utar
321 818 443 902 verbo;
464 833 500 888 et
521 816 569 888 rei
593 817 696 887 huius
721 836 862 887 causam
888 836 970 886 esse
995 816 1217 888 mobilitatem

141 943 232 1014 aeris
253 944 375 1013 volunt
395 940 551 1032 quidam,
578 938 667 1010 inter
691 958 780 1030 quos
805 937 936 1009 Plinius
963 938 1144 1012 Secundus
1164 937 1250 1011 vir'

139 1065 379 1146 doctissimus;
400 1063 545 1156 quodsi
566 1083 690 1132 verum
711 1073 780 1144 est,
804 1060 906 1131 valde
927 1060 1064 1131 mobilis
1080 1062 1136 1133 ille
1152 1064 1219 1156 Py·

140 1187 249 1260 renaei
270 1195 399 1257 tractus
421 1206 480 1255 aer
506 1182 601 1255 credi
627 1190 751 1274 potest.
774 1182 853 1277 lpse
882 1192 996 1253 tamen
1024 1182 1114 1254 hanc
1137 1205 1220 1254 cau-

141 1333 215 1383 sam
237 1311 333 1404 ponit
352 1331 415 1380 our
435 1328 530 1400 saepe
544 1315 639 1378 tonet
660 1307 693 1375 in
715 1304 825 1377 ltalia:
844 1328 925 1397 quae
943 1306 972 1378 si
989 1306 1113 1379 iterum
1135 1328 1219 1378 vera

140 1442 209 1517 est,
229 1453 291 1525 pro
311 1429 403 1501 virili
426 1450 503 1500 mea
520 1439 616 1521 parte
633 1427 863 1500 libentissime
884 1429 1108 1500 mobilitatem
1130 1429 1220 1502 hanc

140 1562 370 1648 permutatam
392 1550 497 1622 velim
531 1572 610 1622 cum
644 1549 731 1643 ipsis
762 1550 934 1645 AEgyptiis
961 1560 1022 1623 aut
1041 1551 1218 1634 Hibernis,

140 1675 234 1771 apud
254 1695 343 1768 quos
364 1694 509 1767 perraro
529 1671 634 1744 etiam
666 1684 701 1743 et
734 1673 859 1744 leviter
879 1682 1013 1756 tonare,
1035 1683 1072 1745 et
1096 1672 1220 1767 quide

141 1798 184 1868 iis
204 1796 373 1878 scribunt,
394 1795 506 1887 etqui
528 1795 607 1866 inde
629 1793 773 1864 veniunt
791 1802 972 1866 testantur.
995 1798 1030 1867 Si
1052 1797 1220 1891 (revertor

141 1919 297 2012 Romam)
332 1939 402 1990 non
434 1928 527 1989 amat
558 1918 653 1987 Deus
687 1916 867 2012 Tarpeiam
900 1940 1033 2013 rupem,
1068 1918 1220 2011 gloriose

141 2042 361 2139 Hieronyme,
383 2062 488 2135 quarn
511 2060 623 2132 saepe,
645 2048 684 2109 ut
703 2061 868 2111 maroneo
889 2050 966 2112 utar
987 2063 1107 2124 versu,

343 2227 489 2292 Fulminis
507 2226 621 2290 afflavit
639 2226 738 2289 ventis
756 2234 785 2290 et
801 2229 926 2307 contigit
943 2229 1011 2308 igne

142 2412 256 2493 liceat,
279 2430 340 2481 oro
358 2419 572 2494 reverenter,
595 2431 658 2503 pro
682 2410 831 2483 veritate
856 2419 970 2483 mum
996 2413 1160 2505 colloqui,
1189 2414 1218 2483 si

141 2556 211 2605 non
231 2542 325 2604 amat
344 2531 522 2624 Tarpeiam
553 2553 674 2626 rupem
701 2534 811 2616 Deos,
837 2533 1014 2626 quomodo
1039 2533 1085 2604 ibi
1118 2543 1223 2626 caput

140 2654 235 2726 orbis
254 2675 335 2725 esse
356 2655 507 2724 voluerit
527 2653 628 2726 valde
653 2655 773 2726 miror:
800 2656 893 2746 quod
924 2655 999 2749 ipse
1032 2656 1116 2727 mihi
1151 2678 1220 2729 non

141 2775 361 2849 inficiaberis.
389 2775 481 2859 Quid
507 2797 592 2848 vero
617 2777 666 2847 sis
691 2796 927 2867 responsurus
954 2777 1071 2847 video:
1099 2800 1222 2870 quam-

140 2898 261 2970 obrem
283 2898 363 2971 huic
384 2899 573 2993 patrocinio
593 2919 661 2970 non
688 2898 825 2969 innitor.
852 2899 937 2969 Esto
963 2898 1082 2991 igitur:
1109 2898 1221 2972 oderit

141 3021 238 3090 Deus
263 3021 375 3091 locum
401 3019 510 3105 illum,
532 3019 592 3112 qui
618 3019 684 3089 nisi
711 3030 845 3091 amaret
869 3020 963 3090 illum
989 3022 1098 3106 Deus,
1126 3031 1221 3093 certe

142 3164 213 3213 non
235 3149 358 3212 staret:
379 3142 442 3214 sed
463 3141 589 3225 oderit,
617 3139 722 3234 idque
738 3150 952 3233 compertum
981 3143 1034 3213 sit.
1062 3142 1115 3212 An
1142 3144 1221 3215 hinc

143 3279 259 3336 tamen
292 3262 358 3335 hoc
390 3264 500 3348 elicis,
523 3263 616 3357 quod
640 3285 721 3335 eum
743 3263 958 3336 fulminando
978 3265 1141 3359 persequi
1170 3266 1221 3334 vi·

142 3409 204 3458 sus
238 3387 305 3457 sit‘l
338 3384 439 3470 Vide,
474 3405 609 3479 quaeso,
644 3386 840 3477 argumenti
874 3383 979 3457 huius
1014 3385 1095 3456 vim.
1134 3386 1220 3458 Nolo

139 3508 300 3601 exempla
315 3509 418 3599 longe
432 3518 565 3615 petere,
580 3529 645 3579 nec
657 3516 800 3600 oportet.
815 3510 972 3580 Profecto
991 3508 1022 3580 si
1040 3510 1219 3602 Tarpeiam

141 3650 261 3721 rupem
295 3651 365 3701 non
398 3640 494 3700 amat
525 3632 619 3704 Deus
653 3652 757 3723 quam
792 3630 1000 3715 fulminavit,
1029 3652 1218 3724 quamque,

140 3751 237 3844 quod
256 3752 370 3845 aptius
391 3751 501 3823 divini
518 3752 589 3824 odii
609 3754 748 3844 signum
767 3763 900 3844 putem,
918 3753 963 3826 de
982 3756 1096 3849 capite
1113 3763 1221 3824 terra-

140 3894 218 3943 rum
239 3871 334 3944 orbis
359 3875 530 3945 latronum
564 3877 820 3969 receptaculum
856 3874 931 3945 fieri
965 3895 1059 3967 saepe
1093 3877 1220 3947 nostris

140 4016 280 4088 quoque
303 3997 514 4092 temporibus
535 4017 663 4088 passus
683 4009 752 4079 est,
776 4006 813 4067 at
833 3998 953 4068 saltem
976 4017 1079 4066 suurn
1097 3999 1222 4067 latera-

140 4137 250 4187 nense
270 4117 493 4207 domicilium,
516 4125 552 4186 at
572 4119 693 4187 saltem
715 4115 868 4206 Virginis
889 4115 1010 4185 Matris
1027 4125 1062 4185 et
1079 4136 1220 4188 suorum

139 4236 266 4310 domos
286 4238 533 4331 Apostolorum
554 4244 662 4319 amat,
683 4237 813 4331 quibps
837 4258 881 4307 an
907 4236 1101 4328 pepercerit
1125 4237 1221 4309 vide-

140 4381 230 4430 mus.
245 4361 453 4431 Lateranum
473 4369 590 4429 nostra
609 4366 712 4430 aetate
729 4357 878 4429 flammis
891 4357 1113 4453 absumptum
1130 4381 1221 4430 nunc

139 4482 246 4553 etiam
273 4484 380 4554 multo
410 4478 528 4552 labore
558 4479 758 4574 infinitaque
789 4481 941 4554 relicitur
960 4482 1126 4578 impensa.
1154 4482 1220 4548 Ve-
