2738 5062
389 595 480 643 urnnn
503 592 922 641 nuotmmuus.-m›1sronn
946 594 985 641 u.
1167 582 1220 642 toi·

141 730 257 824 magni
280 750 476 822 cognomen
498 728 615 810 habet,
634 751 712 800 cum
732 730 777 798 sit
791 730 977 813 maximus,
993 750 1071 799 nreo
1084 731 1220 801 nomine

142 851 384 951 parthenopaei
421 851 527 922 maris
567 853 600 922 in
633 852 732 922 litore
776 851 980 944 magnificus
1014 865 1217 948 apparatuS,

140 1001 245 1072 quem
269 977 346 1049 suis
371 976 534 1069 primurn,
560 998 642 1047 mox
669 977 737 1047 tuis
758 985 793 1047 et
819 974 939 1046 titteris
959 974 1097 1060 edidici,
1121 977 1220 1047 cuius

140 1123 209 1173 non
235 1100 392 1173 animum
417 1099 563 1170 delectet
595 1120 635 1170 ac
668 1101 837 1170 mulceat?
868 1099 970 1191 Apud
1003 1121 1107 1192 quem
1127 1099 1220 1192 quod

140 1244 315 1305 mearum,
337 1231 377 1293 ut
397 1221 528 1305 scribis,
551 1243 690 1313 precum
709 1223 861 1292 favorem
881 1222 1051 1298 senseris.
1070 1245 1137 1294 non
1158 1224 1221 1291 rni-

141 1366 208 1416 ror.
229 1344 390 1416 Sciebam
413 1344 512 1415 aliter
531 1366 612 1414 esse
632 1366 699 1414 non
722 1365 837 1438 posse.
859 1343 966 1415 Cuius
986 1345 1077 1416 enim
1099 1344 1219 1414 taciem

140 1459 274 1550 ignoro,
298 1458 382 1528 novi
402 1458 565 1529 animum.
582 1457 725 1530 Gaudeo
746 1479 844 1529 sane:
865 1469 900 1528 et
922 1456 987 1528 sibi
1005 1460 1059 1528 vel
1079 1459 1114 1527 in
1133 1458 1220 1528 litte-

141 1580 188 1651 ris
212 1579 348 1672 gratias
371 1600 472 1671 agam
490 1582 546 1649 vet
576 1580 668 1651 vivis
689 1581 835 1652 vocibus
860 1581 1028 1653 florentini
1049 1581 1219 1675 praesulis,

142 1703 201 1795 qui
223 1703 288 1772 vix
312 1701 450 1773 tandem
475 1703 529 1775 his
557 1703 680 1774 vinclis
710 1705 852 1798 elapsus
886 1705 920 1774 in
954 1706 1083 1775 ltaliam
1111 1703 1219 1775 redit:

142 1834 222 1896 ante
249 1835 365 1895 tamen
387 1822 523 1897 Antonii
545 1826 696 1922 AEgpptii
728 1825 918 1898 viennense
943 1829 1046 1896 limen
1066 1825 1151 1897 adiit
1174 1847 1221 1895 ex

141 1947 302 2019 condicto
323 1946 465 2018 visurus
487 1946 522 2018 iu
544 1949 656 2020 reditu
678 1948 788 2018 nostri
809 1949 899 2020 ruris
924 1948 1116 2040 angustias.
1139 1949 1221 2017 Cra-

142 2069 232 2142 stino
250 2069 366 2160 igitur,
382 2078 419 2138 ut
439 2069 609 2163 pollicitus
630 2079 697 2154 est,
721 2070 764 2141 ad
785 2072 912 2141 sontem
934 2068 1067 2160 Sorgiae
1088 2068 1220 2162 poetico

141 2190 371 2287 excipiendus
391 2192 535 2287 prandio
557 2214 689 2264 mecum
707 2193 782 2263 orit.
803 2194 897 2263 Veto.

286 2339 349 2395 ΧΠ.
368 2339 498 2394 Kalendis
513 2339 593 2394 Iunii.
611 2340 653 2393 nd
669 2357 806 2395 aurrorarn.

645 2571 724 2581 —nn-u

556 2823 732 2888 mustela
754 2824 808 2884 xtt.

330 3065 523 3115 sitsuctseus
544 3063 712 3112 PETRARCA
733 3058 908 3110 FRANCISCO
929 3057 1034 3106 antoni

387 3168 574 3219 sancsonmt
596 3165 825 3216 APOSTOLORUM
847 3166 872 3213 S.
895 3166 922 3213 Ρ.
944 3164 973 3212 D.

146 3376 309 3449 Episcopum
325 3374 516 3440 florentinum,
532 3390 616 3446 quem
628 3390 722 3428 secum
735 3386 902 3444 pransurum
917 3369 1086 3442 expectabat,
1101 3368 1155 3423 fide
1168 3367 1218 3423 sihi

212 3465 364 3521 deressisse
379 3463 520 3535 queritur:
535 3462 582 3517 sed
596 3463 711 3534 epistota
726 3460 850 3516 nondum
864 3461 967 3529 clausa,
983 3460 1061 3514 illum
1077 3459 1219 3513 alrouisse

212 3554 337 3612 nunciat.

241 3802 421 3896 Nusquam
445 3810 516 3872 tuta
542 3799 644 3885 tides
679 3799 790 3892 inquit
818 3800 928 3881 Maro;
954 3797 1047 3891 quod
1073 3794 1218 3866 verbum
1320 3844 1328 3859 .

143 3949 213 4021 quo
243 3925 355 4017 magis
384 3925 511 4016 cogito,
534 3924 645 4016 magis
672 3925 838 4015 intelligo,
869 3932 904 3992 ot
930 3942 999 4014 quo
1021 3920 1160 4010 longius
1186 3918 1218 3988 in

142 4059 247 4121 aetate
263 4048 477 4141 progredior,
500 4068 541 4119 eo
560 4047 678 4117 verius
698 4046 871 4139 experior.
888 4041 1020 4114 Fofettit
1042 4062 1095 4110 me
1116 4064 1218 4133 quom

143 4171 284 4243 minime
310 4170 472 4266 putabam
499 4168 699 4241 florentinus
725 4167 867 4259 praesul,
890 4186 959 4257 quo
982 4163 1029 4233 nit
1051 4162 1218 4233 sincerius

144 4298 196 4369 sol
214 4295 320 4367 videt.
343 4296 412 4366 Sed
432 4295 507 4365 haec
526 4314 601 4364 mea
623 4312 700 4361 sors
720 4298 790 4359 est:
804 4309 913 4371 ‚nomo
938 4309 1006 4357 non
1035 4285 1120 4356 satis
1146 4285 1219 4355 ido-

144 4440 233 4490 nous
258 4417 300 4490 ad
322 4417 505 4488 satiandum
539 4438 601 4485 mc.
633 4412 772 4483 Dixerat
803 4434 840 4481 se
871 4412 914 4483 ad
937 4414 1062 4482 iontem
1086 4406 1218 4496 Sergia,
