2738 5062
151 665 210 726 570
489 669 531 719 oe
552 668 653 717 nauus
675 665 895 716 rauuraurous

149 818 202 887 nis
223 834 352 909 geumo
374 812 424 883 oti
444 809 596 882 solebat:
619 808 698 879 Pom
713 809 819 893 vobis,
845 807 969 879 eodem
995 808 1075 878 illos
1100 806 1149 878 uti
1169 809 1234 881 de·

149 941 234 1012 berc
253 935 480 1032 praeoipiens3
502 934 679 1027 postremo
697 932 759 1027 qui
778 930 924 1013 eisdem,
941 950 1033 1024 qnos
1052 931 1156 1003 valde
1178 932 1234 1004 di·

149 1065 286 1134 lexerat
323 1072 358 1131 et
395 1056 564 1150 diligebat
592 1057 627 1126 in
660 1053 781 1137 finem,
808 1053 877 1125 ium
909 1053 1013 1123 morti
1048 1054 1232 1146 proximus

149 1202 314 1279 supremo
342 1181 457 1273 elogio
490 1200 611 1273 paoem
644 1177 741 1249 dedit
772 1196 813 1249 ac
838 1175 1000 1269 reliquit?
1019 1175 1074 1246 *Tu
1103 1170 1235 1270 populo

150 1317 209 1377 tuo
235 1303 320 1398 quid
346 1305 395 1375 sis
421 1302 578 1374 moriens
603 1302 789 1374 relicturus
814 1300 950 1373 neseio:
982 1309 1077 1371 certe
1105 1301 1233 1372 vivens

149 1427 279 1500 bellum
305 1426 352 1496 illi
378 1436 414 1496 et
439 1421 577 1496 labores
599 1426 635 1495 el
654 1424 829 1517 impensas
850 1431 886 1493 et
912 1421 1121 1494 multiforme
1138 1423 1234 1516 peri·

150 1551 267 1622 culum
288 1547 478 1620 aoervasti.·
494 1547 672 1630 Quantum
697 1544 782 1616 mihi
806 1544 941 1617 videris
965 1534 1095 1615 oblitus
1114 1543 1233 1616 omnia

150 1692 384 1765 quaecumque
416 1652 575 1739 conterre
607 1677 767 1760 poterant
798 1667 843 1739 ad
875 1669 1039 1752 salntem,
1072 1667 1164 1737 illam
1197 1668 1232 1737 in

149 1793 271 1888 prim1s
287 1774 486 1884 parabolam
504 1788 706 1874 salvatoris,
721 1810 829 1882 quam
845 1788 1101 1887 fortassis'ideo
1117 1789 1235 1883 ‹lespi-

150 1918 212 2002 cis,
228 1916 315 2010 quia
335 1915 449 1985 Lucas
469 1912 566 1984 solus
587 1933 665 1983 eam
686 1896 818 2006 posuit,
838 1930 902 1983 seu
923 1914 1046 1984 turrim
1064 1914 1231 1995 erectori,

150 2021 214 2112 seu
235 2039 281 2111 ad
306 2037 436 2109 bellum
463 2035 666 2130 profecturi,
693 2045 798 2127 atque
823 2042 905 2107 ante
929 2056 1034 2129 quam
1058 2054 1148 2129 opus
1170 2056 1234 2127 ag-

150 2146 339 2254 grediatur,
359 2160 523 2254 'sumptus
557 2158 675 2250 operis
708 2166 768 2230 aut
800 2158 959 2229 militiam
987 2158 1231 2253 computantis.

150 2282 237 2367 Quae
257 2282 469 2372 negligentia
489 2267 619 2373 quaere
639 2280 870 2377 praecipitatio
890 2302 960 2352 non
986 2293 1166 2375 rogantem
1192 2302 1234 2353 ea

149 2424 230 2500 qnae
250 2403 347 2498 pacis
373 2414 466 2486 sunt,
490 2402 553 2474 sed
579 2404 710 2474 maiora
735 2404 872 2476 viribus
900 2424 1026 2477 ausum
1052 2414 1086 2476 te
1110 2404 1235 2477 merito

149 2529 290 2624 perdet,
312 2536 350 2599 ut
370 2510 534 2617 auguror.
555 2528 651 2597 Bene
672 2526 834 2619 quidem:
857 2529 961 2601 modo
980 2550 1026 2601 ne
1045 2528 1150 2600 unius
1171 2526 1235 2599 ho·

150 2652 255 2722 minis
275 2649 376 2721 ruina
397 2651 565 2743 pop'ulum
586 2658 722 2744 premat
742 2636 969 2737 immeritum,
987 2670 1093 2745 quem
1112 2652 1235 2724 audire

150 2798 219 2848 non
241 2773 342 2858 sinis,
364 2794 435 2866 quo
456 2776 578 2846 salvus
604 2782 639 2845 et
664 2775 833 2846 innocens
860 2776 1127 2868 permansisset,
1150 2761 1235 2846 illud

149 2896 391 2991 llpostolicum
417 2896 462 2967 ad
487 2895 673 2967 Haebreos:
696 2895 817 2967 Pacem
836 2899 1011 2989 sequimini
1034 2919 1109 2967 com
1128 2899 1235 2967 omoi-

151 3020 210 3089 lms
229 3029 261 3089 ct
279 3019 541 3101 mercimoniam,
563 3020 635 3088 sine
654 3041 720 3109 quc
742 3010 838 3089 nemo
851 3017 972 3090 uidebit
986 3018 1102 3091 Deam.
1118 3020 1165 3091 0!
1182 3020 1234 3091 iu-

151 3162 240 3234 gens
261 3141 446 3212 aestimatio
467 3161 589 3235 parvae
614 3140 678 3224 rei,
702 3154 772 3213 tam
798 3143 926 3212 multos
952 3162 1035 3213 esse
1058 3141 1235 3217 calamito-

149 3262 517 3350 comminiscitur
543 3283 726 3356 appareaS,
759 3273 795 3335 et
826 3264 931 3334 unius
958 3265 1089 3356 linguas
1112 3267 1233 3339 falsam

149 3384 362 3477 gloriam-tot
376 3384 546 3456 mortibus
560 3394 664 3478 atque
680 3385 886 3457 vulneribus
910 3400 1084 3461 constare.
1104 3389 1232 3473 Quam-

149 3528 254 3600 quam
276 3505 362 3596 quid
386 3527 453 3597 ego
478 3508 569 3579 lianc
594 3506 729 3578 frivolis
761 3519 797 3579 et
829 3508 992 3582 inanibus
1024 3508 1234 3604 coniecturis

150 3631 323 3700 malorum
345 3629 569 3721 praesentium
591 3650 734 3700 causam
755 3650 892 3723 quaero,
914 3633 1044 3732 quaesi
1066 3653 1152 3704 reru
1178 3651 1236 3702 es-

150 3760 217 3835 set,
233 3750 329 3821 haud
349 3749 456 3821 dubie
478 3753 555 3844 plus
577 3752 623 3820 sit
643 3752 808 3824 vanitatis
827 3753 986 3828 habitura
1000 3754 1237 3848 quamcriml-

150 3875 230 3945 nisi
251 3873 329 3945 Alia
350 3872 492 3967 quidem
518 3885 553 3945 et
576 3875 693 3945 rerior
718 3886 754 3948 et
779 3880 922 3971 gravior
947 3900 1054 3951 causa
1079 3889 1142 3950 est.
1166 3878 1237 3952 ali-

150 4006 284 4085 quanto
307 3995 412 4066 altius
428 4017 533 4087 quam
556 3994 599 4067 od
618 3998 726 4067 solam
744 4000 951 4091 eloquentiae
968 4001 1093 4072 lamam
1110 4001 1237 4072 tendis.

152 4116 257 4209 atqui
279 4138 442 4188 romanos
474 4119 582 4191 duces
612 4131 849 4214 externosque
874 4124 1069 4195 considera.
1096 4125 1236 4197 Nullum

152 4239 246 4330 apud
264 4261 330 4309 nos
352 4241 517 4333 propositi
540 4242 618 4312 talis
640 4247 857 4339 exemplum,
876 4248 1007 4319 nullum
1031 4247 1156 4319 similis
1175 4269 1236 4319 au-

151 4357 261 4429 daciae
283 4359 408 4430 ducem
432 4363 551 4434 habes.
574 4365 660 4448 Quis
682 4368 774 4438 enim
793 4368 934 4441 inermis
959 4370 1088 4461 linguae
1110 4367 1236 4442 fiducia

153 4482 220 4553 tale
255 4503 408 4574 unquam
444 4483 572 4575 aliquid
606 4510 797 4579 aggressus
826 4493 905 4564 est‘l
933 4491 1007 4565 Nisi
1035 4495 1240 4567 Ciceronem
