2738 5062
328 749 418 796 urana
441 749 780 805 unaarusnauruus—
797 750 949 799 arrarum
972 752 1023 799 ιιι.
1156 740 1215 800 303

549 1057 726 1124 EPISTOLA
746 1058 803 1124 vn.

226 1251 419 1302 rnrucrscus
440 1251 608 1301 rnraaaca
628 1252 758 1303 aurnum
779 1253 933 1304 nrrscono
953 1255 1132 1306 roaruausr

515 1356 687 1407 canonum
708 1358 734 1408 s,
757 1361 784 1408 r.
806 1361 836 1409 n.

228 1482 347 1579 Nunciat
361 1539 390 1578 se
404 1538 470 1578 eum
485 1521 594 1578 duobus
607 1522 750 1579 mensibus
763 1524 867 1580 frustra
882 1531 1029 1598 oppertum
1043 1526 1128 1582 suinae

294 1612 392 1666 etiam
408 1611 549 1667 Aveniona
560 1611 717 1684 digressum
731 1612 761 1668 in
776 1613 883 1670 Italiam
896 1631 1056 1687 properare.

237 1853 424 1926 Licentiam
450 1851 601 1924 abeundi
634 1873 739 1945 quam
774 1853 858 1937 mihi
889 1854 1087 1946 digrediens
1110 1859 1218 1930 verbo

140 1975 300 2070 dederas,
313 1972 471 2044 remissis
489 1992 536 2042 ex
552 1972 674 2042 itinere
687 1971 809 2045 litteris
823 1972 1013 2060 abstulisti,
1030 1975 1216 2069 inquibus,

140 2095 235 2190 quod
268 2104 337 2167 tuae
371 2092 527 2165 mirificae
559 2093 710 2165 lenitatis
738 2094 815 2178 suit,
842 2116 956 2201 rogas
979 2118 1019 2169 ac
1051 2100 1216 2192 consulis.

141 2219 242 2305 Quod
261 2238 352 2290 meae
377 2216 517 2289 devotae
538 2215 740 2288 humilitatis
765 2227 834 2304 est,
862 2240 983 2314 preces
1009 2241 1050 2292 ao
1075 2221 1219 2294 consilia

142 2361 206 2434 pro
225 2339 408 2435 praeceptis
427 2339 568 2432 accipio.
589 2339 722 2432 Rogas,
745 2339 900 2435 inquam,
927 2365 968 2414 ao
993 2344 1147 2416 con‘sulia
1174 2367 1219 2416 nc

142 2485 199 2534 me
217 2463 292 2533 loco
312 2482 486 2545 moveam,
510 2461 622 2534 donec
642 2464 699 2533 vel
719 2461 796 2555 ipse
816 2464 942 2537 redeas
967 2469 1022 2539 vel
1045 2466 1218 2539 rescribas

141 2583 292 2676 quadam
308 2583 353 2656 dc
371 2606 409 2656 re
425 2605 562 2676 magna,
585 2593 763 2678 tangente,
786 2596 825 2659 ut
844 2587 915 2673 ais,
939 2599 1066 2660 statum
1088 2611 1218 2672 meum;

140 2707 195 2778 cui
213 2727 276 2802 pro
294 2705 428 2778 viribus
447 2706 670 2798 provehendo
683 2718 752 2779 tete
766 2708 870 2781 offers
883 2709 1099 2781 humanitate
1116 2710 1218 2780 simul

141 2853 182 2903 ac
193 2831 397 2904 liberalitate
411 2829 610 2901 incredibili.
619 2830 810 2902 Enimvero
822 2831 966 2924 quishic
979 2843 1039 2903 aut
1052 2831 1218 2923 gaudium

143 2973 260 3023 meum
279 2951 429 3023 aestimet
449 2960 509 3024 aut
530 2951 761 3022 reverentiam
780 2952 966 3023 metiatur?
985 2952 1081 3022 Talia
1102 2962 1220 3025 tantus

143 3083 214 3145 tam
234 3072 372 3167 pusillo,
393 3081 429 3144 et
449 3072 543 3165 quod
563 3072 701 3144 laudem
727 3081 822 3143 tuam
849 3073 1014 3164 geminat,
1041 3072 1115 3144 sina
1140 3075 1221 3147 ullis

142 3194 304 3291 precibus
324 3195 423 3280 meis,
445 3213 571 3288 meque
596 3194 734 3288 penitus
760 3194 894 3288 ignaro,
917 3195 997 3266 iicet
1027 3194 1072 3267 de
1107 3203 1140 3264 te
1173 3196 1220 3266 nil

142 3318 208 3391 nisi
227 3318 401 3390 insuetum
418 3339 460 3389 ac
477 3315 699 3410 magnificum
717 3317 901 3411 opinante?
916 3318 1004 3390 Pace
1022 3316 1141 3388 aaeculi
1153 3336 1221 3395 ,no-

144 3439 207 3513 stri
226 3438 377 3512 dixerim
393 3460 463 3509 non
480 3438 537 3509 hic
555 3438 732 3510 modernae
750 3435 1013 3511 consuetudinis
1033 3437 1134 3510 stilus
1154 3448 1219 3508 eat.

144 3563 190 3632 Et
209 3561 372 3633 virtutem
394 3570 489 3633 tuam
510 3560 616 3654 igitur
632 3571 668 3632 et
688 3581 801 3632 meam
819 3560 936 3634 mirari
954 3580 1076 3653 cogor,
1090 3581 1132 3631 ac
1148 3562 1223 3631 lau·

144 3684 230 3756 dare
240 3685 424 3757 fortunam.
438 3684 491 3754 Tu
505 3693 643 3756 tuorum
659 3704 726 3754 neo
743 3703 902 3777 praesens
914 3705 979 3756 nec
994 3682 1123 3756 absona
1136 3681 1223 3752 obii-

145 3807 306 3890 visceris‚
328 3827 442 3901 neque
467 3806 513 3880 ab
537 3808 672 3880 iilomm
693 3807 884 3883 commodis
905 3818 1011 3901 atque
1031 3803 1222 3879 honoribus

145 3951 300 4023 unquam
320 3951 453 4004 cessas.
475 3932 563 4022 Ego,
583 3931 613 4002 si
631 3941 766 4004 tuorum
786 3952 877 4003 unus
895 3950 976 4002 esse
994 3929 1120 4013 marui,
1138 3925 1222 3998 felix

145 4073 240 4124 sum:
253 4053 290 4126 id
302 4055 396 4126 enim
415 4073 520 4125 nemo
533 4052 609 4125 sine
621 4053 759 4125 virtutis
772 4054 904 4126 auxilio
922 4062 1085 4122 meretur.
1105 4050 1139 4119 Si
1159 4050 1224 4121 hoo

146 4173 230 4245 mihi
252 4175 327 4248 nine
347 4176 479 4247 meritis
512 4172 649 4255 aocidit,
672 4176 866 4244 fortunatus
900 4173 1023 4244 saitem
1057 4180 1223 4264 astroque

147 4305 265 4380 natus,
286 4298 382 4390 quod
402 4299 511 4378 aiunt.
540 4295 709 4367 benevolo
733 4313 775 4364 ac
799 4295 939 4365 faventi.
967 4291 1137 4386 Equidem
1164 4310 1225 4386 pa-

147 4417 246 4490 rendi
267 4418 394 4491 avidus
415 4437 484 4488 non
502 4438 572 4488 uno
589 4425 738 4497 tantum,
753 4436 857 4506 quam
877 4416 1047 4489 absentiae
1063 4426 1135 4486 tuae
1153 4435 1225 4484 me-

147 4551 217 4614 tam
253 4541 470 4636 praefixorum
509 4523 571 4609 aad
610 4535 749 4608 duobus
779 4538 1012 4630 nequidquam
1043 4535 1224 4607 mansibus
