2738 5062
471 709 562 759 urana
583 709 942 760 uncinus-ammona
963 711 1003 759 ιν.
1237 698 1272 759 tt

202 847 396 920 individuae
415 846 606 932 Trinitatis
629 845 794 941 sapientia
815 845 900 918 Filio
918 844 1124 931 attribuitur,
1142 855 1179 916 et
1202 847 1277 939 ipse

202 968 372 1064 sapientia
391 967 504 1039 Patris
523 978 587 1039 est.
608 969 688 1038 Vox
712 977 827 1040 autem
853 990 958 1040 rauca
977 968 1101 1053 David,
1122 979 1159 1040 et
1178 968 1277 1040 lacri-

200 1114 340 1165 marum
356 1089 562 1175 assiduitas,
583 1099 619 1162 et
637 1090 817 1184 repetitum
836 1112 932 1186 saepe
948 1112 1074 1162 nomen
1091 1088 1276 1161 Hierosoli·

201 1235 270 1287 mae
293 1214 467 1300 obiicitur,
489 1223 629 1308 propter
649 1236 810 1309 asperum
832 1215 942 1309 prima
963 1215 1049 1286 lacie
1069 1224 1105 1286 et
1127 1211 1275 1284 flebilem

200 1337 334 1423 stilum,
360 1348 397 1429 et
423 1337 505 1431 quia
533 1360 655 1411 revera
684 1339 718 1408 in
751 1338 893 1431 psalmis
917 1335 1041 1408 crebro
1065 1335 1156 1408 illius
1178 1333 1275 1404 urbis

199 1460 259 1530 vel
278 1459 444 1532 historica
463 1463 521 1531 vel
540 1461 723 1553 allegorica
740 1459 868 1532 mentio
888 1469 952 1530 est.
972 1459 1044 1530 Hoc
1063 1467 1179 1529 autem
1200 1458 1276 1528 loco

199 1582 401 1654 summatim
433 1584 610 1668 inseritur,
644 1585 689 1657 de
721 1583 850 1676 quibus
884 1593 1010 1675 poetae,
1037 1601 1126 1674 quos
1147 1579 1276 1651 Silvius

198 1705 366 1799 praeferre
395 1706 522 1792 nititur,
555 1721 700 1792 canant,
721 1705 816 1800 quod
836 1727 1011 1801 exponere
1034 1706 1175 1795 longum
1195 1714 1272 1788 est,

199 1828 264 1901 sed
284 1829 318 1900 in
338 1850 382 1900 eo
399 1830 513 1903 studio
529 1830 702 1925 provectis
722 1830 837 1901 omnia
857 1830 950 1900 clara
973 1838 1009 1899 et
1032 1837 1151 1921 aperta
1178 1836 1269 1898 sunt.

109 2020 113 2028 .
197 1952 355 2025 Monicus
374 1953 578 2025 contradicit
597 1974 772 2025 excusans
793 1951 995 2024 Dauidicam
1015 1951 1217 2021 raucitatem
1238 1959 1274 2019 et

198 2075 274 2170 pari
293 2074 510 2169 breviloquio
529 2098 736 2170 percurrens
753 2076 797 2147 de
817 2076 946 2170 quibus
966 2076 1060 2171 apud
1079 2075 1176 2145 illum
1201 2073 1275 2166 agi-

200 2207 266 2268 tur.
288 2198 428 2269 Iuvenis
448 2198 493 2269 de
525 2219 594 2290 quo
614 2198 818 2271 cantilenam
853 2209 973 2271 texere
1007 2197 1135 2270 Silvius
1160 2197 1272 2290 coepit,

204 2316 381 2390 Africanus
398 2319 512 2413 Scipio
524 2328 591 2401 est,
606 2321 714 2413 quiin
729 2321 825 2393 litore
839 2324 913 2394 alro
925 2324 1171 2419 Polyphemum
1186 2332 1274 2394 stra-

203 2439 267 2523 vit,
287 2439 349 2513 boc
366 2450 423 2512 est
449 2441 673 2514 Hannibalem
699 2445 881 2516 Poenorum
908 2447 1043 2517 ducem.
1066 2447 1161 2516 Sicut
1181 2444 1272 2516 onim

198 2564 435 2660 Polyphemus
451 2566 501 2638 sic
514 2575 549 2638 et
566 2569 733 2640 Hannibal
747 2571 951 2640 monoculus
968 2569 1031 2640 luit
1044 2579 1125 2660 post
1136 2570 1271 2639 oculum

195 2687 230 2757 in
250 2687 348 2759 ltalia
369 2687 549 2759 amissum.
575 2689 689 2783 Libyci
708 2692 825 2776 teones,
844 2690 973 2784 quibus
990 2689 1168 2760 abundare
1183 2688 1274 2758 Atri-

194 2833 269 2884 cam
287 2820 434 2895 constat,
452 2812 571 2905 reliqui
589 2810 925 2903 Carthaginiensium
944 2810 1051 2882 duces
1071 2819 1165 2892 sunt,
1183 2832 1273 2901 quos

196 2934 286 3005 idem
307 2934 420 3005 victor
445 2934 491 3004 ab
524 2934 667 3027 imperio
701 2933 835 3004 deiecit.
868 2932 989 3001 Lostrc
1021 2933 1160 3001 incensa
1193 2943 1275 3003 sunt

196 3054 387 3129 combustae
399 3078 518 3140 naves,
534 3057 568 3126 in
582 3055 710 3148 quibus
720 3054 831 3126 omnis
841 3051 1178 3145 Carthaginiensium
1191 3075 1273 3147 spes

195 3182 318 3265 tuerat,
341 3179 505 3271 equibus
522 3178 730 3272 quingentas
757 3177 823 3249 sub
843 3177 952 3251 oculis
972 3196 1092 3246 eorum
1111 3175 1273 3246 combus-

195 3300 286 3373 sisse
307 3303 403 3372 illum
422 3323 564 3372 romana
580 3311 699 3373 narrat
715 3299 870 3372 historia.
888 3302 933 3371 Et
949 3299 1005 3370 hic
1021 3297 1165 3392 quidem
1180 3299 1273 3367 iuce-

193 3426 246 3495 or's
261 3421 408 3494 sidocus
421 3424 554 3509 dicitur,
573 3425 649 3495 sive
667 3434 808 3519 propter
827 3424 1001 3496 heroicam
1021 3422 1186 3494 virtutem
1203 3442 1271 3514 qua

194 3548 348 3619 maxime
369 3545 492 3638 viguit,
516 3567 597 3639 quac
618 3546 745 3618 ardens
763 3569 782 3618 a
801 3546 960 3639 Virgilio,
980 3566 1000 3614 a
1017 3546 1158 3618 Lucano
1170 3545 1272 3638 ignea

195 3670 307 3742 virtus
325 3668 466 3753 dicitur,
490 3669 565 3740 sive
587 3679 727 3765 propter
744 3669 935 3763 opinionem
950 3669 1103 3741 coelestis
1117 3669 1269 3760 originis,

198 3814 275 3885 quae
295 3793 524 3865 admiratione
550 3793 615 3864 viri
642 3793 733 3864 illius
763 3802 842 3867 tunc
867 3793 959 3887 apud
985 3794 1160 3865 Romanos
1185 3802 1269 3863 erat.

198 3902 292 3987 Hunc
313 3917 387 3986 ltali
408 3916 550 3988 laudant
572 3913 612 3985 de
632 3917 727 3986 litore
749 3914 902 3999 adversm
929 3926 984 3988 est
1007 3917 1098 3987 enim
1121 3915 1270 3986 africano

195 4036 285 4110 litori
310 4038 498 4111 adversum
520 4040 600 4111 litus
620 4039 787 4125 italicum,
815 4061 928 4133 neque
953 4040 1146 4110 animorum
1167 4036 1270 4108 modo

195 4163 384 4250 discordia,
411 4167 475 4238 sed
500 4177 670 4238 terrarum
697 4167 780 4249 situ3
803 4166 930 4237 directe
951 4176 1067 4238 autem
1088 4167 1270 4261 opponitur

195 4286 305 4360 lloma
323 4288 532 4381 Carthagini.
556 4290 624 4361 Sed
640 4289 685 4360 de
702 4289 768 4360 boc
789 4299 859 4360 tam
871 4289 1011 4362 laudato
1027 4290 1151 4362 iuvene
1168 4308 1269 4361 nemo

195 4408 302 4490 canit;
319 4411 413 4502 quod
432 4410 511 4483 ideo
531 4411 740 4496 dictumest,
761 4412 932 4504 quoniam,
951 4414 1017 4485 etsi
1035 4412 1147 4484 omnis
1161 4412 1270 4482 bisto-

197 4530 249 4603 ria
268 4532 429 4606 laudibus
449 4547 485 4606 et
505 4535 611 4606 rebus
632 4534 708 4606 cius
729 4537 829 4629 plena
850 4537 908 4619 sit,
929 4547 965 4607 et
988 4535 1136 4606 Ennium
1159 4535 1203 4606 dc
1227 4552 1269 4605 eo
