2738 5062
182 665 241 724 278
450 740 454 750 Ι
515 678 556 725 DE
578 678 678 727 uanus
700 675 922 726 belllelllBUS

182 832 303 884 omncs
324 811 551 904 amplectitur.
580 811 642 881 llic
662 811 717 882 vir
739 820 855 882 tantus
875 820 911 881 et
932 811 981 880 sic
1002 809 1113 881 nostri
1138 829 1265 883 amans

180 954 260 1004 cum
285 932 396 1025 possit
422 954 487 1003 suo
513 934 589 1004 iure
615 933 818 1027 praecipere,
845 930 998 1024 quotidie
1030 939 1107 1002 orat
1132 940 1171 1002 ut
1196 931 1266 1003 sibi

181 1053 313 1148 aliquid
333 1053 496 1138 scribam,
517 1076 655 1148 semper
672 1053 757 1126 illud
777 1052 942 1125 adiiciens
964 1034 1010 1123 ut¹
1022 1051 1172 1123 scribam
1192 1056 1265 1126 cla-

182 1197 239 1248 re:
267 1176 439 1269 simulque
464 1174 564 1261 illud,
587 1175 681 1270 quod
704 1197 783 1247 cum
809 1176 865 1245 illa
890 1195 994 1266 quam
1021 1176 1175 1267 postulat
1197 1175 1265 1247 vix
1346 1162 1353 1171 ’

180 1299 336 1371 claritate
354 1299 542 1382 cohabitat,
559 1310 597 1370 ut
613 1297 742 1392 aliquid
759 1297 804 1369 de
820 1297 931 1391 poetis
949 1297 1169 1380 interseram,
1184 1298 1265 1390 qui-

182 1419 261 1504 bus,
279 1442 334 1491 me
350 1421 522 1504 hortante,
538 1419 699 1492 delectari
716 1419 835 1514 coepit,
850 1441 919 1489 non
936 1427 973 1488 ut
993 1417 1060 1488 illis
1079 1417 1261 1503 inhaereat,
1357 1422 1360 1427 ’

182 1541 246 1613 scd
259 1552 297 1613 ut
313 1564 433 1613 eorum
456 1564 520 1637 ope
543 1543 616 1613 suis
637 1542 673 1610 in
694 1540 821 1612 tinibus
842 1549 974 1624 utatur,
996 1540 1181 1632 pieriisque
1200 1563 1264 1612 co-

181 1662 313 1734 loribus
338 1664 474 1735 civilem
502 1663 713 1741 facundiam,
734 1685 804 1755 qua
831 1665 935 1755 pollet
957 1661 1101 1740 eximie,
1122 1660 1264 1733 condiat

181 1795 285 1879 atquc
305 1797 463 1857 exornet.
485 1786 553 1856 llas
574 1786 650 1871 haec
670 1785 774 1876 igitur
799 1785 1035 1855 difficultatem
1060 1781 1166 1853 babet
1190 1804 1262 1854 non

180 1909 357 2001 exiguam.
380 1907 497 1979 Sentio
518 1908 627 1977 enim:
646 1906 774 1977 insedit
794 1904 860 1976 sibi
879 1905 1037 1999 planitias
1055 1904 1261 1996 legistarum

181 2032 241 2114 ita,
256 2041 295 2101 ut
311 2029 481 2123 quidquid
498 2030 596 2100 aliter
612 2029 739 2107 dicitur
758 2027 947 2100 obscurum
965 2034 1074 2118 putet:
1092 2036 1128 2096 et
1144 2035 1262 2098 tamen

181 2151 278 2221 aliter
298 2150 365 2220 dici
386 2158 535 2241 oportet,
556 2150 640 2242 quia
661 2150 711 2221 sic
727 2148 794 2221 dici
816 2148 936 2242 utique
957 2170 1025 2218 non
1047 2156 1172 2240 potest.
1196 2149 1264 2218 bli-

181 2292 257 2341 rum
279 2271 440 2363 prorsus!
465 2271 530 2341 bac
551 2271 740 2363 capacitate
760 2293 875 2341 rerum
896 2268 1051 2341 omnium
1071 2289 1152 2361 quae
1171 2272 1263 2344 coelo

180 2390 413 2474 continentur,
435 2390 529 2482 quod
555 2391 686 2462 Caesari
711 2390 831 2462 maiori
856 2389 986 2460 Plinius
1007 2390 1189 2462 Secundus
1209 2403 1263 2464 at-

182 2510 315 2593 tribuit,
338 2520 442 2603 atquc
464 2512 528 2581 boc
548 2512 719 2581 altissimo
740 2510 892 2602 ingenio,
911 2532 982 2603 quo
1002 2520 1130 2602 praeter
1145 2513 1265 2583 excel-

182 2633 308 2703 lentem
325 2630 499 2702 solertiam
517 2630 731 2722 agendorum
747 2640 783 2702 et
799 2631 932 2701 consilii
945 2652 1092 2702 acumen
1108 2631 1260 2715 unicum,

182 2754 298 2848 ipsum
315 2773 455 2848 quoque
473 2753 526 2824 ius
544 2753 660 2838 civile,
675 2753 730 2825 cui
749 2765 836 2824 aetas
854 2747 961 2844 longa
974 2763 1010 2824 et
1027 2752 1183 2825 studiosa
1198 2753 1264 2824 vix

183 2876 320 2962 sufficit,
343 2876 390 2946 ita
410 2897 472 2969 per
493 2897 532 2947 sc
553 2877 666 2968 ipsum
689 2873 788 2947 brevi
810 2884 964 2966 tempore
986 2895 1089 2944 suum
1108 2873 1202 2958 lecit,
1223 2886 1265 2944 ut

181 2998 505 3070 iurisconsultorum
520 2997 753 3090 quorumlibet
768 2997 878 3070 nostri
895 2997 963 3067 aevi
982 2998 1040 3067 vel
1056 3004 1173 3089 aequet
1189 2997 1264 3087 glo-

182 3118 267 3190 riam
291 3122 347 3192 vel
368 3119 603 3206 transcendat,
623 3120 741 3214 idque,
764 3119 858 3211 quod
879 3116 1072 3188 mirabilius
1093 3117 1150 3201 sit,
1172 3117 1263 3189 inter

183 3251 251 3312 tam
273 3243 390 3313 varias
412 3241 643 3312 maximarum
662 3262 779 3311 rerum
795 3261 915 3323 curas,
934 3250 970 3311 et
990 3239 1025 3308 in
1041 3239 1107 3309 bac
1126 3239 1263 3312 fortuna

182 3364 272 3446 lecit,
287 3364 322 3431 in
339 3385 409 3455 qua
424 3363 608 3436 dediscere
626 3364 738 3434 solent
755 3362 913 3434 homines
932 3383 1000 3432 non
1017 3361 1166 3444 discere,
1181 3383 1261 3432 cum

182 3483 227 3554 ad
260 3481 509 3554 cardinalatum
543 3484 701 3555 venisset
733 3482 920 3564 indoctior;
954 3482 999 3567 is,
1025 3482 1181 3574 inquam,
1211 3481 1263 3553 sic

182 3615 305 3674 natura
324 3615 468 3674 ornatus
488 3614 524 3674 et
545 3604 660 3676 studio
680 3605 856 3685 excultus,
878 3601 928 3674 sic
945 3602 1049 3675 rebus
1071 3602 1262 3694 intelligen-

181 3727 237 3797 dis
256 3725 459 3818 aptissimus
476 3735 582 3819 atqua
600 3725 897 3831 promptissimus,
916 3725 950 3795 in
970 3724 1052 3798 solis
1070 3724 1188 3797 verbis
1205 3735 1262 3797 est

182 3848 336 3938 segnior,
369 3868 576 3940 omnemque
605 3868 674 3917 non
706 3868 823 3931 suum,
854 3848 920 3918 boc
950 3858 1099 3918 estnon
1123 3847 1259 3920 civilem

182 3989 245 4040 seu
264 3970 497 4055 barbaricum,
521 3970 637 4042 stilum
657 3970 787 4054 horret,
808 3990 903 4062 saepe
921 3969 1005 4041 illud
1022 3969 1258 4062 ingeminans:

184 4092 270 4162 alac
290 4104 328 4164 ut
348 4102 382 4164 te
401 4093 587 4184 intelligam
610 4093 700 4163 sicut
718 4102 852 4163 textum
872 4089 961 4182 legis
978 4091 1141 4182 intelligo.
1161 4118 1177 4156 t
1197 4091 1259 4163 Cui

179 4232 246 4302 ego
271 4215 484 4306 respondeo:
509 4224 643 4285 textum
668 4214 756 4305 legis
778 4215 904 4305 inquo
930 4211 1006 4306 ipse
1029 4235 1117 4306 puer
1142 4212 1261 4284 studui

180 4352 248 4403 non
269 4333 430 4404 omnibus
449 4335 582 4406 facilem
605 4346 643 4406 ut
663 4335 744 4420 sibi,
765 4334 829 4406 sed
849 4333 967 4404 multis
984 4343 1078 4404 certe
1093 4332 1262 4405 difficilio-

180 4476 254 4525 rem
275 4454 329 4524 bis
346 4474 427 4545 quae
445 4454 511 4525 sibi
530 4455 728 4529 difficillima
745 4457 946 4529 videantur:
964 4457 1121 4549 expertis
1139 4478 1260 4549 nempe
