2738 5062
140 637 200 700 all
483 648 525 698 os
547 647 646 696 nanos
667 646 888 696 rnurumarnus

141 807 162 855 a
194 782 351 877 pluribus
384 802 445 874 spe
478 801 582 873 quam
617 778 732 851 studio
757 779 836 863 coli,
865 779 1068 849 existimare
1097 774 1220 872 *plures

141 928 247 999 quam
279 903 438 994 diligere,
472 903 580 995 pluris
609 905 780 973 fortunam
807 923 905 971 suam
933 924 1036 994 quam
1063 922 1101 970 se
1128 899 1218 984 fieri,

143 1031 261 1101 multis
282 1027 496 1110 horribilem,
520 1026 638 1117 paucis
659 1023 840 1097 amabilem
868 1036 903 1096 et
927 1047 948 1095 a
973 1024 1101 1117 quibus
1126 1047 1221 1096 ame-

144 1162 199 1222 tur
230 1150 446 1241 ambiguum,
482 1148 563 1241 quia
594 1148 679 1220 illud
709 1149 852 1241 Hispani
884 1150 974 1220 vatis
1007 1171 1130 1220 verum
1156 1148 1220 1219 sit:

140 1273 225 1362 felioc
237 1274 296 1352 sit;
311 1272 413 1340 nescit
425 1272 543 1340 ociori.
559 1244 653 1342 §cire
670 1281 839 1363 praeterea
856 1281 1001 1342 mortem
1017 1293 1115 1342 suam
1129 1271 1222 1341 votis
1327 1324 1329 1328 >

142 1392 266 1485 optari,
289 1391 531 1464 haereditatem
551 1393 681 1487 appeti,
704 1393 780 1464 dies
801 1395 988 1478 numerari,
1009 1393 1144 1488 pigram
1169 1394 1222 1463 lu-

143 1535 222 1606 gam
242 1515 405 1606 temporis
433 1514 555 1598 videri,
577 1536 705 1586 vacare
725 1525 833 1608 putes,
847 1514 1025 1609 periculo?
1049 1514 1127 1585 Tria
1146 1515 1223 1607 qui-

142 1635 237 1718 dem,
267 1635 295 1706 si
322 1637 478 1720 memini,
506 1635 648 1707 vitanda
673 1636 709 1705 in
733 1637 867 1730 primis,
897 1645 936 1707 ut
965 1638 1040 1709 sine
1067 1637 1223 1707 molestia

120 1782 122 1786 ’
143 1757 305 1829 vivamus
327 1757 565 1850 philosophica
585 1757 800 1828 institutione
821 1756 911 1828 docti
934 1779 1071 1839 sumus;
1088 1756 1220 1839 odium,

142 1875 323 1959 iuvidiam,
347 1886 593 1971 contemptum.
620 1878 751 1947 Horum
774 1886 820 1961 tu,
842 1879 954 1960 Pater,
977 1877 1022 1947 ab
1041 1875 1161 1946 ultimo
1182 1875 1224 1943 li-

142 1997 207 2069 ber
229 2019 281 2080 es,
305 2019 417 2090 aquo
439 2008 471 2069 le
490 2020 589 2093 opeS,
613 1999 780 2091 potentia,
800 1998 965 2090 dignitas,
985 1996 1139 2079 scientia,
1162 2017 1225 2066 no-

142 2116 274 2202 bilitas,
307 2119 421 2190 virtus
459 2119 648 2191 immunem
681 2127 861 2213 praestant.
892 2117 924 2189 Α
961 2117 1080 2210 primis
1107 2126 1224 2187 aulem

143 2237 283 2311 duobus
315 2239 443 2332 quibus
477 2250 511 2310 te
540 2239 675 2311 artibus
707 2239 902 2335 expedias?
924 2236 1105 2322 Quomodo
1132 2240 1226 2310 enim

144 2360 220 2433 fieri
241 2360 364 2455 potuit,
386 2360 471 2454 quin
492 2382 588 2455 saepe
608 2363 736 2431 multos
762 2359 961 2444 offenderis,
989 2361 1044 2431 cui
1071 2361 1228 2453 proposi-

145 2492 218 2554 tum
252 2505 393 2576 semper
416 2482 491 2564 luit,
518 2493 700 2576 patronum
730 2492 762 2552 te
786 2481 938 2552 desertae
959 2481 1101 2553 iustitiae
1126 2483 1227 2552 exhi-

145 2603 416 2677 berelneoesse
441 2613 646 2688 astantem,
673 2603 733 2696 qui
759 2602 925 2674 iustitiam
952 2611 1058 2687 amat,
1087 2603 1228 2674 iustitiae

145 2726 306 2799 hostibus
326 2727 469 2800 odiosus
491 2727 545 2798 sit.
568 2728 607 2797 ln
627 2735 722 2796 tanto
738 2733 909 2819 praeterea
926 2726 1045 2795 lavoro
1063 2727 1224 2807 fortunae,

145 2847 182 2919 in
198 2858 294 2920 tanta
310 2849 435 2941 gloria,
452 2849 625 2942 tantisque
642 2847 836 2938 fulgoribus
854 2845 1038 2931 bonorum,
1053 2847 1227 2940 quomodo

146 2952 232 3041 lieri¹
252 2978 367 3063 potest
392 2982 431 3042 nt
455 2994 522 3042 non
549 2969 674 3060 aliquis
701 2979 733 3040 te
759 2967 947 3040 luminibus
973 2968 1165 3039 insectetur
1188 2969 1228 3037 li-

146 3095 235 3162 vor?
247 3103 371 3164 cuncta
384 3092 481 3186 prius
496 3091 591 3176 fient,
608 3112 711 3183 quam
725 3090 868 3162 felicitas
882 3089 1033 3161 declinet
1049 3090 1225 3161 invidiam.

148 3212 247 3285 Adde
268 3214 323 3284 bis
344 3213 565 3286 conscientiae
581 3215 735 3294 aculeoS,
755 3209 1104 3304 perturbationesque
1123 3211 1224 3282 animi

147 3333 279 3415 variaS,
295 3332 479 3423 pudorem,
495 3332 746 3429 poenitentiam,
762 3353 857 3425 speS,
873 3334 1028 3418 dolores,
1042 3340 1224 3423 metusque

147 3451 296 3533 abditos
320 3475 398 3522 cum
418 3455 588 3537 omnium,
611 3463 684 3524 tum
710 3454 883 3548 praecipue
909 3455 1099 3550 principum
1128 3453 1227 3524 lami·

148 3573 233 3643 liare
258 3581 479 3643 tormentum.
503 3574 572 3646 Has
599 3575 688 3645 inter
713 3573 933 3647 difficultates
959 3575 1146 3667 vivendum
1172 3582 1228 3646 est

148 3696 323 3792 omnibus,
347 3694 389 3764 iis
415 3697 623 3787 praesertim,
646 3696 704 3789 qui
727 3698 796 3767 alto
818 3698 892 3769 loco
919 3698 975 3769 siti
1001 3710 1096 3782 sunt,
1123 3720 1229 3792 quos·

148 3840 218 3911 que
238 3818 295 3888 vel
316 3819 453 3887 lortuna
472 3818 530 3887 vel
550 3817 661 3887 virtus
680 3817 844 3890 illustrat:
866 3842 947 3912 quae
967 3843 1045 3893 cum
1066 3818 1229 3890 omnibus

72 3986 75 3991 -
149 3939 317 4023 molestae,
341 3949 411 4009 tum
434 3936 608 4032 praecipue
634 3948 693 4008 tuo
718 3940 896 4033 proposito
921 3940 1105 4013 contrariae
1131 3949 1227 4021 sunt;

150 4059 332 4130 retrabunt
355 4060 446 4131 enim
467 4060 513 4131 ad
535 4060 675 4131 meliora
700 4059 907 4155 dispositum
941 4062 1106 4134 animum.
1140 4061 1227 4132 Novi

150 4202 231 4272 ego,
253 4204 341 4274 quos
364 4196 401 4253 ut
421 4205 561 4255 nossem
582 4183 736 4268 voluisti,
759 4182 1024 4255 ardentissimos
1050 4183 1155 4256 animi
1180 4183 1229 4253 tui

151 4309 266 4371 motus
305 4323 477 4395 curasque
517 4301 786 4394 pulcherrimas,
828 4303 980 4376 studium
1018 4305 1229 4387 litterarum,

150 4420 357 4493 exercitium
392 4422 537 4514 ingenii,
573 4423 818 4497 mediocritatis
851 4448 1017 4510 amorem,
1053 4424 1231 4516 religionis
