2738 5062
147 723 206 785 536
483 735 523 784 nu
545 735 646 784 nunus
668 732 889 784 ruurumrraus

146 869 281 942 bertate
302 878 438 941 mortua
457 877 494 940 et
514 869 659 961 sepulta,
686 888 749 961 pro
768 890 838 962 qua
858 867 955 942 multi
990 890 1085 964 saepa
1117 872 1227 946 vitam

148 1014 371 1085 magnacum
398 993 576 1086 voluptate
594 1004 631 1062 et
659 991 769 1084 gloria
802 989 997 1085 profudere,
1031 994 1226 1087 praesertim

147 1138 227 1187 cum
249 1137 317 1186 non
338 1113 481 1185 libertas
502 1117 576 1186 sola
594 1113 747 1208 perierit,
763 1114 827 1186 sed
843 1136 921 1185 cum
940 1113 996 1186 illa
1011 1115 1112 1185 simul
1127 1112 1226 1200 fides,

146 1238 268 1331 pietas,
290 1234 469 1331 pudicitia,
488 1235 719 1330 pessimisque
732 1234 799 1307 iarn
822 1234 975 1307 moribus
992 1238 1061 1308 late
1079 1259 1229 1330 regnan-

148 1356 252 1445 tibus,
275 1361 391 1431 nullus
412 1381 560 1452 usquam
582 1357 723 1431 iustitiae
739 1369 800 1431 aut
827 1358 1010 1433 modestiae
1035 1363 1135 1432 locus
1157 1361 1229 1433 sit‘l

147 1480 235 1563 Quae
255 1481 418 1574 quoniam
440 1481 515 1553 sine
532 1502 707 1553 consensu
719 1481 859 1574 generis
875 1479 1016 1552 humani
1035 1482 1226 1575 contigisse

146 1625 216 1675 non
237 1612 411 1697 poterant,
435 1602 511 1675 ideo
532 1602 773 1675 stomachosus
794 1612 830 1676 et
859 1603 1045 1695 indignans
1072 1604 1225 1689 animus,

146 1749 217 1800 uon
243 1726 356 1819 magis
378 1748 477 1798 snam
497 1748 603 1819 quam
629 1724 802 1818 publicam
836 1737 962 1798 sortem
998 1729 1105 1818 luget.
1142 1724 1228 1799 Hinc

147 1871 389 1946 saepeuumcro
410 1849 507 1922 dolor
528 1870 640 1932 meus,
662 1848 818 1942 hisquae
839 1848 922 1919 nulli
941 1847 1120 1921 hominum
1146 1869 1227 1945 pro·

148 1982 241 2058 sunt,
264 1973 348 2043 mibi
368 1973 473 2043 etiam
491 1984 622 2056 nocent,
644 1971 777 2044 frivolis
794 1969 1030 2064 quaerimoniis
1047 1983 1226 2066 evaporat.

146 2095 202 2166 Ex
224 2095 289 2167 boc
309 2117 439 2188 genere
460 2095 664 2190 principium
681 2093 775 2166 istud
793 2115 875 2167 esse
896 2093 1046 2165 noveris.
1068 2093 1169 2166 Nunc
1183 2115 1227 2167 ne

147 2227 180 2286 te
201 2217 347 2309 amplius
367 2218 609 2312 expectatione
629 2228 823 2311 torqueam,
845 2215 939 2310 quod
967 2214 1226 2297 destinaveram

144 2338 308 2433 expedio,
330 2350 366 2410 et
385 2340 525 2410 omissis
551 2338 750 2412 rumoribus
769 2340 830 2435 qui
854 2327 998 2411 assidue
1018 2359 1124 2410 aures
1148 2348 1225 2411 tuas

146 2462 237 2533 fama
258 2460 469 2533 vociferante
488 2461 755 2547 circumsonant,
786 2483 876 2555 quos
909 2462 1012 2533 nulli‘s
1043 2459 1227 2534 annalibus

145 2583 392 2677 comprehendi
413 2605 517 2677 posse
536 2582 755 2669 crediderim,
772 2584 834 2678 qui
854 2584 943 2656 Pisis
972 2595 1008 2656 et
1039 2583 1101 2677 qui
1127 2583 1225 2656 Senis

145 2711 351 2803 populorum
373 2717 503 2791 motus,
518 2718 605 2801 quot
615 2707 652 2778 in
667 2707 760 2779 latus
778 2711 933 2780 revoluta
946 2707 1114 2791 Bononia,
1131 2707 1227 2800 quis·

144 2852 226 2900 nam
247 2830 368 2924 patriae
392 2851 480 2902 meae
501 2839 613 2902 status
644 2829 776 2901 utinam
810 2840 848 2901 ut
881 2828 1034 2901 florentis
1070 2848 1224 2920 semper,

146 2951 198 3023 sic
218 2953 404 3046 aliquando
425 2951 633 3037 fructiferae,
648 2951 734 3044 quid
753 2953 836 3026 fleat
848 2952 969 3037 Roma,
983 2950 1226 3044 quidl’artbe-

145 3096 235 3169 nopo
269 3085 416 3160 metuat,
440 3085 477 3146 ot
503 3074 610 3146 rebus
639 3074 725 3166 ipsis
756 3096 948 3168 cognomen
977 3096 1081 3146 suum
1114 3074 1222 3144 Terra

144 3199 289 3272 Laboris
327 3200 532 3293 aequaverit,
574 3196 702 3290 quibus
733 3197 879 3269 aestibus
908 3197 1066 3269 odiorum
1091 3199 1227 3270 ferveat

145 3322 408 3417 sulplrurulcuta
431 3322 617 3406 Trinacria,
635 3320 720 3414 quid
750 3332 833 3414 agat
863 3321 983 3405 lanua,
1010 3319 1096 3413 quid
1126 3330 1224 3412 paret

144 3443 300 3535 Liguria,
321 3445 407 3538 quid
428 3444 564 3516 AEmilia
584 3445 711 3536 cogitet
730 3454 790 3516 aut
824 3445 999 3528 Picenum,
1034 3465 1138 3538 quam
1171 3441 1224 3512 in-

144 3567 276 3638 somnis
293 3576 329 3638 et
348 3565 520 3639 laboriosa
541 3567 694 3650 Mantua,
710 3588 815 3659 quam
830 3567 1030 3639 meticulosa
1051 3565 1223 3648 Ferraria,

142 3713 248 3783 quam
265 3691 404 3760 Verona
425 3688 632 3760 miserabilis
654 3689 816 3760 Actcouis
838 3689 871 3760 iu
894 3711 1024 3761 morem
1052 3691 1128 3762 suis
1150 3690 1225 3784 ipsa

143 3811 287 3887 canibus
308 3813 490 3894 laceretur,
514 3822 552 3881 ut
570 3808 761 3882 barbaricis
783 3833 921 3908 semper
946 3812 1144 3884 incursibus
1166 3834 1226 3906 pa-

143 3945 237 4008 teant
256 3933 414 4029 Aquileia
433 3943 469 4006 et
489 3932 703 4017 Tridentum,
719 3945 895 4028 postremo
913 3934 1097 4029 (pudorum
1113 3933 1225 4007 maxi-

144 4060 233 4151 mus)
254 4061 313 4153 qui
348 4058 550 4155 praedonum
576 4068 689 4130 ooetus
719 4080 782 4151 per
810 4058 940 4131 ltaliam
974 4068 1221 4152 pervagentur,

144 4190 252 4270 utque
268 4180 312 4253 de
334 4181 589 4272 provinciarum
607 4179 747 4252 domina
768 4203 950 4253 servorum
972 4181 1017 4252 sit
1034 4183 1124 4252 facta
1144 4199 1223 4275 pro·

144 4300 268 4383 vincia,
291 4301 334 4371 ad
353 4305 572 4387 Venetorum,
592 4315 629 4374 ut
650 4301 737 4373 Livii
755 4300 863 4374 verbo
882 4312 971 4387 utar,
991 4303 1169 4393 angulum,
1187 4308 1222 4371 el

142 4424 186 4495 ad
208 4443 249 4495 ca
269 4441 350 4511 quae
376 4424 438 4494 vix
457 4425 539 4497 dum
562 4434 661 4520 potes
688 4423 831 4496 audisse
864 4424 1000 4497 festino.
1031 4425 1097 4510 Qui
1132 4422 1223 4494 bello

140 4567 218 4616 oum
240 4542 468 4616 laudensibus
490 4556 653 4641 suscepto
672 4568 717 4617 ne
738 4546 851 4619 dicam
878 4570 921 4619 au
941 4547 1078 4622 delecto
1101 4550 1221 4633 (latens
