2738 5062
150 657 209 718 did
490 667 531 715 DE
554 666 655 715 ussus
676 666 897 717 Paulultuluus

150 806 241 889 Quid
273 806 364 875 enirn
398 802 491 875 aliud
526 804 697 876 sentiebat
728 804 947 897 Augustinus
972 804 1050 897 ipse
1083 804 1146 877 ubi
1174 804 1243 877 ait:

154 957 168 993 a
198 927 233 999 Si
261 925 431 1018 sapientia
455 927 550 996 Deus
575 935 644 1010 ost,
672 948 734 1020 per
759 946 863 1018 quem
883 914 972 997 ¹lacta
993 938 1079 999 suut
1098 926 1240 1009 omnia,

154 1076 170 1113 u
198 1049 253 1118 bic
273 1047 364 1117 enim
385 1046 502 1141 procul
524 1045 629 1117 dubio
649 1057 705 1117 cst
730 1046 901 1117 Christus.
927 1048 1003 1119 Etsi
1027 1048 1125 1119 euim
1151 1074 1241 1124 uua·

154 1199 169 1233 a
198 1190 347 1262 quaeque
360 1189 509 1263 persona
522 1168 696 1239 Trinitatis
709 1170 802 1240 Deus
816 1168 869 1253 sit
884 1167 978 1261 quod
993 1170 1108 1253 lateri,
1128 1182 1170 1243 ut
1188 1172 1240 1245 ait

153 1319 168 1355 n
197 1290 418 1373 Athanasius,
433 1289 621 1363 christiana
635 1291 781 1363 veritate
792 1292 1039 1386 compellimur,
1054 1302 1168 1386 alque
1188 1294 1237 1369 ita

152 1438 167 1473 a
198 1412 243 1481 sit
255 1431 391 1481 summa
405 1412 564 1504 potentia,
581 1434 717 1483 summa
731 1413 912 1507 sapientia,
925 1434 1065 1484 summa
1078 1412 1234 1501 bouitas

151 1559 166 1593 u
197 1532 333 1627 proprie
348 1544 463 1603 lamen
477 1533 638 1605 Christus
652 1533 821 1629 sapientia
834 1534 946 1606 Patris
960 1542 1025 1617 cst
1039 1556 1107 1631 per
1121 1558 1234 1630 quem

153 1682 168 1717 l
196 1655 310 1725 omnia
330 1656 419 1726 iacta
444 1664 541 1738 sunt,
564 1653 658 1747 quod
678 1665 713 1725 et
731 1677 775 1726 ex
797 1654 991 1747 Evangelio
1008 1656 1181 1731 Iohannis
1197 1670 1234 1731 el

51 1780 54 1787 '
152 1803 166 1839 l
194 1799 240 1848 err
259 1776 418 1871 symbolo
442 1775 523 1847 lidci
548 1774 692 1848 assidue
711 1787 827 1847 cantat
846 1775 1014 1848 Ecclesia.
1045 1806 1062 1845 a
1087 1782 1134 1851 Et
1158 1782 1233 1853 Au-

147 1898 309 1988 gustinus
329 1897 420 1969 idern
442 1920 539 1970 verae
559 1895 737 1989 religionis
758 1896 845 1969 libro
865 1897 910 1969 de
932 1900 1100 1991 operibus
1117 1904 1232 1975 Triui-

147 2020 227 2090 tatis
241 2041 367 2110 agens:
384 2052 400 2087 τ
421 2044 489 2092 non
511 2021 622 2104 aliam,
646 2018 771 2113 inquit,
789 2028 922 2112 partem
937 2022 1044 2093 totius
1056 2034 1229 2097 creaturas

152 2168 166 2203 l
194 2142 319 2211 lecisso
341 2142 549 2234 intelligatur
570 2144 685 2226 Pater,
713 2143 816 2214 aliam
841 2141 962 2225 Filius,
990 2143 1097 2215 aliam
1122 2146 1230 2239 Spiri-

151 2271 252 2331 »tus
285 2264 455 2335 Sanctus:
490 2265 552 2337 sed
587 2264 690 2338 simul
722 2265 838 2336 omnia
875 2274 910 2335 et
944 2286 1228 2362 unamquamque

152 2409 166 2445 r
194 2391 387 2454 creaturam
411 2385 546 2455 Patrem
567 2386 691 2457 iecisse
711 2410 775 2481 per
795 2386 917 2457 Filium
944 2386 979 2456 iu
1003 2386 1099 2461 douo
1123 2389 1228 2483 Spiri-

151 2532 166 2568 s
195 2514 252 2578 tus
273 2508 399 2578 Sancti.
424 2534 440 2571 r
462 2508 535 2577 Hoc
554 2517 610 2578 est
628 2509 723 2599 quod
741 2508 833 2579 idem
853 2516 889 2579 et
910 2528 1004 2603 saepe
1025 2511 1114 2583 alias
1138 2522 1176 2583 et
1193 2510 1226 2583 in

146 2628 304 2701 eiusdem
326 2627 404 2699 libri
429 2626 498 2701 fine
523 2629 668 2723 repetiit.
698 2660 713 2695 u
743 2631 855 2702 Unum
881 2630 992 2701 Deum
1018 2654 1039 2703 a
1062 2653 1134 2725 quo
1169 2654 1226 2703 su-

151 2777 165 2813 r
191 2773 282 2835 mus,
310 2774 372 2845 por
396 2776 499 2845 quom
523 2774 659 2838 sumus,
682 2754 807 2846 inquo
829 2775 951 2824 sumus
977 2781 992 2818 r
1019 2763 1056 2825 et
1079 2777 1223 2827 rursus:

149 2902 164 2937 u
195 2896 302 2943 unum
326 2876 434 2946 Deum
460 2898 481 2947 a
505 2897 575 2968 quo
600 2876 730 2960 omnia,
756 2885 792 2947 et
816 2897 878 2969 per
903 2898 1007 2968 quem
1035 2877 1165 2963 omnia,
1191 2877 1225 2949 iu

149 3020 164 3055 r
192 3018 263 3087 quo
287 2996 413 3067 omnia.
445 3025 460 3062 n
490 2998 584 3070 ldom
610 2998 657 3067 Xl
683 3000 727 3069 do
754 2997 900 3069 Ciuitate
925 2998 1010 3068 Dei:
1041 3028 1056 3063 r
1082 2999 1170 3071 Cum
1191 3000 1224 3071 iu

149 3144 163 3178 r
194 3140 401 3212 unaquaque
420 3132 593 3201 creatura,
616 3122 735 3214 iuquit,
759 3120 947 3212 requiritur
971 3123 1052 3215 quis
1077 3144 1155 3195 eam
1176 3126 1224 3195 ic·

148 3264 163 3299 u
191 3238 287 3321 ccrit,
309 3261 371 3331 per
402 3240 485 3331 quid
513 3239 644 3326 feccrit,
677 3261 786 3333 quare
812 3241 942 3326 feccrit,
971 3243 1224 3338 respondeatur

148 3384 162 3419 r
193 3358 287 3427 Deus
313 3380 375 3450 per
407 3359 561 3431 Verbum
594 3361 676 3453 quia
704 3360 816 3433 bonus
843 3370 912 3445 cst,
939 3371 978 3433 ut
1002 3385 1082 3435 cum
1108 3364 1224 3435 altitu·

147 3508 162 3541 n
190 3479 270 3549 dinc
298 3480 442 3573 mystica
468 3482 567 3552 nobis
595 3484 669 3578 ipsa
695 3484 843 3556 Trinitas
869 3485 1060 3571 intimetur,
1084 3486 1151 3559 boc
1170 3496 1224 3559 est

147 3629 161 3663 l
189 3601 292 3671 Pater
312 3608 347 3669 et
363 3599 468 3667 Filius
489 3609 525 3669 et
545 3603 694 3697 Spiritus
715 3607 874 3678 Sanctus.
897 3635 913 3671 u
936 3607 981 3677 Et
1001 3616 1223 3703 postpauca:

144 3752 159 3785 a
190 3721 373 3793 Credimus
394 3720 559 3813 inquitet
580 3737 739 3798 tenemus
759 3739 794 3799 ct
814 3727 961 3802 fideliler
978 3731 1222 3823 praedicamus,

143 3872 163 3910 ›>
189 3844 283 3936 quod
304 3846 404 3917 Pater
421 3847 580 3937 genuerit
597 3846 765 3934 Vcrbum,
785 3850 917 3924 bocest
931 3853 1145 3947 sapientiam,
1161 3875 1224 3947 per

145 3993 159 4029 n
189 3990 292 4059 quam
318 3970 407 4041 lacta
433 3978 515 4040 sunt
545 3970 675 4055 omnia,
712 3972 926 4065 unigenitum
949 3975 1081 4055 Filium,
1114 3974 1222 4045 vivus

145 4117 159 4151 r
189 4091 322 4175 vivum,
352 4103 505 4165 aeteruus
526 4104 712 4178 aeternum,
740 4117 876 4167 summo
902 4096 1014 4168 bonus
1039 4096 1224 4188 aequaliter

144 4238 159 4273 u
190 4211 327 4283 bonum.
354 4243 368 4277 u
393 4218 468 4286 Non
485 4216 629 4309 cxpedit
649 4236 728 4308 quae
750 4226 945 4310 sequuntur
959 4217 1125 4299 inscrere,
1141 4238 1222 4287 cum

140 4331 253 4404 omnis
267 4332 313 4404 dc
331 4335 406 4427 ipso
426 4337 573 4427 loqucus
592 4337 762 4431 scriptura
781 4336 898 4409 omnia
917 4360 977 4429 per
996 4336 1113 4431 ipsum
1131 4338 1223 4408 lacta

139 4454 329 4527 confirmet.
351 4456 386 4525 Si
409 4457 484 4528 lrmc
511 4458 614 4549 igilur
640 4459 813 4551 Sapientia
839 4471 894 4532 est
929 4462 1032 4543 Deus,
1055 4459 1223 4552 idemque
