2738 5062
354 654 446 703 urssu
466 653 963 712 uurnrusuucrnus-snsrunn
985 654 1015 703 n.
1162 644 1221 706 313

143 791 196 882 pis
216 797 306 859 aesiu
327 787 453 872 vietus,
474 807 589 858 mrum
608 807 764 859 mearum
782 787 962 880 navigium
980 791 1135 862 cummisi
1154 813 1221 863 nou

142 910 258 984 ventis
278 931 319 981 ee
339 907 518 992 fluctibus,
541 908 604 981 sed
624 910 714 991 Dee,
736 911 836 982 euius
859 908 927 981 sub
952 910 1059 983 ductu
1084 915 1221 986 uenire-

142 1033 238 1127 gium
261 1031 333 1104 fieri
355 1031 485 1124 nequit.
507 1030 602 1101 Veie.

289 1173 332 1228 Ad
347 1173 452 1229 iontem
469 1173 582 1245 Surgiae.
600 1173 731 1231 Kalendis
743 1175 912 1232 Decembris.

644 1377 721 1385 n·—

565 1584 742 1651 uuisioni
763 1586 805 1649 111.

300 1774 493 1825 reinclscus
516 1774 684 1825 PETRARCA
707 1774 843 1824 zsnoino
863 1775 1070 1828 GRAHHATICO

512 1880 714 1929 uuousnrlno
734 1880 761 1928 S.
779 1881 806 1929 P.
825 1881 855 1929 D.

193 2045 233 2100 De
249 2045 345 2101 eadem
361 2062 392 2100 re
407 2061 470 2117 quae
485 2045 513 2099 in
528 2045 643 2116 epistole
658 2044 801 2116 superiori.
819 2046 886 2110 Quae
901 2045 952 2100 sibi
966 2045 1000 2100 sit
1014 2045 1048 2099 ad
1061 2046 1165 2101 iontem

525 2131 628 2204 Surgis
641 2134 712 2188 ratio
725 2133 840 2189 vivendi.

247 2377 324 2449 Seio
337 2386 372 2447 ie
385 2374 499 2446 mirari
514 2385 550 2445 et
565 2385 674 2446 seeum
689 2375 820 2448 disere:
834 2375 962 2469 quibus
975 2377 1029 2448 hic
1050 2387 1217 2450 terrerum

146 2498 371 2580 militaturis,
393 2497 459 2567 uisi
481 2499 567 2567 forie
586 2497 641 2568 ilie
658 2507 776 2569 nosier
796 2501 883 2570 alter
901 2518 969 2591 ego
990 2520 1027 2570 re
1051 2511 1088 2571 et
1112 2501 1221 2572 nomi-

144 2645 202 2707 ue,
217 2622 275 2715 qui
289 2619 390 2691 nobis
412 2621 478 2690 ieie
500 2618 708 2710 vagantibus
721 2619 846 2712 puiriae
866 2619 984 2691 nidum
1005 2623 1114 2705 iovei,
1130 2623 1221 2694 litte-

143 2766 200 2818 rns
214 2744 259 2816 ed
276 2766 315 2815 se
328 2763 428 2813 meas
446 2741 550 2813 huius
567 2741 816 2836 propemodum
836 2742 1018 2813 seuientiae
1035 2741 1094 2813 tibi
1111 2744 1220 2813 eFie

144 2867 253 2936 rentia
274 2864 526 2960 Parthenopem
547 2864 693 2949 miserit,
707 2863 803 2957 quod
823 2864 853 2934 si
873 2862 966 2945 iecit,
986 2863 1218 2957 nequidquam

144 2986 205 3058 tibi
226 2987 317 3068 hae03
339 2986 400 3057 sed
419 2985 501 3078 quia
521 2984 761 3077 omupatioues
782 3005 865 3055 sues
883 2995 1012 3066 metuo,
1030 2996 1066 3055 et
1081 2984 1221 3057 deside-

145 3108 235 3180 rium
256 3116 353 3179 tuum
375 3107 470 3191 novi,
505 3106 540 3175 iu
572 3104 680 3178 dubio
712 3107 821 3176 setius
854 3105 940 3178 duxi
975 3105 1094 3177 horum
1117 3129 1218 3179 unam

143 3229 289 3324 perdere
308 3230 339 3301 si
358 3251 615 3325 supervacuum
636 3229 805 3322 estquod
826 3227 950 3313 scribo,
973 3251 1077 3322 quem
1099 3251 1221 3301 neees-

144 3353 270 3423 sariam
293 3351 501 3424 subtrahere
521 3375 583 3445 per
609 3350 774 3445 temporis
807 3349 988 3423 avaritiam
1016 3359 1128 3422 status
1153 3352 1220 3422 mei

143 3474 297 3546 notitiam
319 3474 440 3546 amiso.
464 3475 526 3546 Ubi
550 3475 630 3558 sim,
652 3475 737 3568 quid
756 3475 916 3566 cogitem,
934 3473 1020 3566 quid
1035 3494 1136 3566 egam
1159 3494 1220 3544 eu-

140 3596 273 3681 ffieras,
293 3606 330 3668 et
350 3599 441 3669 inme
461 3598 525 3669 iuit
545 3620 600 3670 me
620 3600 789 3693 procellas
812 3598 924 3670 Curiae
945 3596 1132 3690 fugientem
1154 3596 1219 3667 ita-

143 3718 221 3788 iiem
248 3730 418 3812 reperere,
442 3719 547 3792 sedes
574 3719 633 3792 ubi
658 3721 726 3791 faie
752 3721 887 3813 quietas
912 3719 1097 3793 ostendere
1123 3718 1221 3790 vide-

142 3839 278 3913 buntur.
307 3843 395 3911 Dum
430 3864 515 3934 ergo
547 3843 614 3914 iam
650 3842 715 3914 iter
746 3865 903 3935 caperem
931 3844 1072 3914 ienuam
1095 3830 1220 3912 versus

143 3967 271 4036 nullum
287 3965 387 4035 aiiem
405 3963 451 4036 ob
470 3985 614 4035 causam
633 3965 699 4036 nisi
718 3941 756 4036 ut
772 3986 977 4056 germanum
998 3964 1134 4035 unicum
1151 3963 1220 4032 vir-

143 4097 215 4159 tute
236 4086 331 4170 mihi,
351 4107 455 4178 quem
475 4085 644 4177 sanguine
662 4086 843 4166 cariorem,
859 4084 917 4174 qui
935 4094 1063 4176 praeier
1086 4083 1218 4155 viarum

142 4208 276 4279 iliarum
298 4210 411 4278 iocum
435 4205 624 4278 solitarium
643 4215 748 4295 eique
766 4205 977 4287 silvestrem,
996 4205 1052 4277 cui
1070 4205 1220 4276 Montani

141 4329 218 4400 Iiivi
241 4351 368 4400 nomen
387 4339 457 4410 est,
480 4327 524 4398 ad
545 4325 780 4398 famulandum
802 4323 940 4397 Christo
960 4334 1064 4397 tunsa
1082 4325 1220 4421 penitus

141 4446 244 4524 en'rne
263 4451 403 4542 delegit,
439 4449 496 4519 vel
530 4448 564 4518 in
600 4447 743 4519 transitu
768 4447 923 4520 viderem
950 4451 1060 4521 iusim
1087 4449 1220 4537 integro
